2099 3356
340 181 499 224 PRociss
543 195 597 224 DE
636 195 991 226 CONDAMNA'rioN
1036 199 1089 226 DE
1121 199 1284 238 JEANNE
1321 184 1449 228 n’Aizc
1583 189 1586 191 ’
1636 200 1712 241 321

72 309 115 337 se
137 292 288 337 referre
319 306 361 337 et
394 293 648 337 submittere
686 294 826 338 eidem
859 311 977 340 sacro
1013 297 1243 340 Concilio:
1283 297 1504 356 respondit
1531 315 1538 341 :
1585 315 1604 337 «
1634 299 1722 341 Vos

72 376 124 421 de
152 377 233 420 hoc
267 393 355 421 non
380 376 608 421 extrahetis
631 377 747 421 aliud
776 394 798 421 a
823 394 907 423 me.
939 396 959 419 ›>

132 461 395 518 Interrogata
418 462 451 504 si
476 477 519 505 se
543 461 672 505 vellet
698 461 954 506 submittere
979 462 1162 507 domino
1192 477 1341 509 nostro
1366 466 1488 522 Papae
1510 478 1517 504 1
1545 481 1725 523 respon-

72 543 164 588 dit:
192 561 212 584 «
243 545 420 588 Ducatis
455 561 523 588 me
557 544 608 588 ad
642 546 803 603 ipsum,
833 559 875 590 et
913 562 993 604 ego
1024 547 1295 605 respondebo
1320 549 1373 591 ei.
1408 566 1427 588 ·»
1471 550 1560 592 Nec
1604 548 1726 592 aliter

72 628 212 672 voluit
233 627 514 687 respondere.

133 712 259 765 Item,
277 713 385 756 circa
412 728 458 756 ea
486 729 585 771 quae
603 711 682 756 sibi
713 712 965 758 dicebantur
988 713 1039 758 de
1068 713 1235 768 habitu,
1263 728 1362 768 etc.,
1398 716 1514 772 juxta
1547 716 1723 759 tertium

72 808 113 839 et
137 807 342 854 quartum
370 796 573 840 articulos
599 797 865 841 memorialis
892 796 1118 841 antedicti:
1139 797 1359 856 respondit
1375 798 1509 857 quod,
1536 798 1587 842 de
1609 798 1682 842 illo
1714 807 1722 823 ¹

76 878 241 932 habitu,
263 880 350 937 ipsa
377 879 483 923 bene
509 879 705 923 voluerat
725 896 941 924 assumere
961 897 1094 925 unam
1127 883 1317 925 tunicam
1347 882 1521 940 longam
1543 895 1584 926 et
1601 898 1726 940 capu-

72 963 189 1006 cium
214 962 424 1016 mulieris,
451 979 527 1021 pro
551 962 697 1007 eundo
730 963 781 1007 ad
806 964 1027 1007 ecclesiam
1055 977 1096 1008 et
1134 965 1381 1023 recipiendo
1408 978 1724 1010 sacramentum

73 1045 360 1100 eucharistiae,
387 1047 498 1090 sicut
524 1046 626 1090 alias
654 1047 892 1105 respondit,
933 1050 1107 1106 proviso
1141 1047 1277 1107 quod,
1313 1050 1456 1092 statim
1498 1063 1608 1107 post,
1638 1050 1726 1107 ipsa

73 1129 199 1173 illum
230 1128 425 1173 habitum
455 1129 691 1188 deponeret
718 1143 759 1174 et
786 1145 1021 1175 resumeret
1051 1131 1174 1175 illum
1217 1147 1350 1190 quem
1373 1149 1488 1176 nunc
1523 1135 1646 1190 gerit.
1677 1134 1727 1176 Et

73 1226 289 1272 quantum
315 1212 365 1256 ad
388 1213 467 1257 alia
496 1230 592 1272 quae
609 1212 689 1257 sibi
711 1213 888 1258 fuerunt
917 1216 1023 1258 circa
1049 1214 1132 1259 hoc
1155 1224 1169 1240 ²
1197 1217 1408 1273 exposita,
1439 1215 1490 1259 de
1514 1215 1726 1274 portando

75 1297 208 1340 istum
229 1296 429 1340 habitum
453 1298 545 1340 sine
565 1299 832 1351 necessitate,
856 1298 1099 1356 specialiter
1119 1298 1224 1342 dum
1254 1312 1316 1342 est
1339 1300 1383 1342 in
1412 1315 1592 1353 carcere,
1617 1313 1722 1343 etc.:

75 1380 299 1439 respondit
325 1394 333 1420 t
367 1399 386 1420 «
412 1381 605 1434 Quando
629 1397 711 1439 ego
738 1380 879 1426 fecero
907 1381 1013 1425 illud
1041 1395 1213 1441 propter
1233 1383 1351 1441 quod
1375 1399 1454 1441 ego
1475 1399 1571 1426 sum
1599 1385 1726 1427 missa

74 1481 125 1508 ex
150 1478 267 1523 parte
283 1465 380 1518 Dei,
407 1480 487 1523 ego
515 1466 718 1524 accipiam
742 1464 938 1510 habitum
963 1465 1236 1509 muliebrem.
1269 1484 1288 1506 >)

134 1549 398 1606 Interrogata
417 1565 471 1592 an
496 1548 636 1593 credat
666 1565 708 1592 se
739 1548 848 1592 bene
876 1548 1024 1599 facere,
1051 1549 1259 1608 capiendo
1293 1549 1488 1594 habitum
1518 1551 1685 1594 virilem
1716 1567 1722 1590 :

75 1631 298 1690 respondit
328 1650 335 1676 :
369 1649 388 1672 t<
417 1632 507 1690 Ego
530 1649 598 1676 me
623 1645 821 1691 exspecto
845 1632 896 1678 ad
921 1634 1082 1677 Deum.
1118 1653 1136 1672 »

78 1859 210 1907 naulx,
237 1869 312 1898 etc.
339 1860 512 1898 estoient
531 1873 595 1912 cy,
618 1858 725 1898 s'elle
751 1859 794 1898 s'i
818 1859 1024 1899 vouldroit
1048 1870 1252 1913 rapporter
1276 1870 1314 1899 et
1348 1860 1613 1900 submeictre:
1650 1875 1729 1899 res-

79 1932 188 1985 pond
212 1946 220 1969 :
245 1948 263 1967 «
295 1933 407 1971 Vous
432 1930 524 1970 n'en
545 1932 682 1970 tirere's
707 1941 816 1970 autre
839 1932 976 1971 chose.
1006 1949 1025 1968 »

134 2004 391 2056 Interrogue'e
416 2002 524 2041 s'elle
557 2017 597 2042 se
630 2003 739 2042 veult
768 2003 1009 2043 submeictre
1044 2004 1064 2042 a
1097 2014 1229 2043 nostre
1263 2005 1364 2043 saint
1398 2005 1489 2058 pere
1521 2004 1555 2043 le
1592 2006 1726 2057 Pape:

77 2075 278 2128 respond:
306 2091 325 2110 «
352 2076 492 2113 Menes
529 2076 625 2128 m'y,
661 2084 699 2114 et
723 2076 757 2127 je
792 2074 861 2128 luy
903 2075 1161 2128 respondray.
1199 2092 1217 2112 »
1241 2077 1287 2115 Et
1320 2086 1543 2115 autrement
1585 2076 1675 2115 n'en
1709 2090 1730 2114 a

77 2147 202 2185 voulu
228 2146 460 2199 respondre.

129 2220 239 2265 Item,
264 2218 310 2256 de
332 2217 455 2265 l'abit,
479 2227 580 2257 etc.:
620 2218 809 2271 respond,
850 2218 898 2257 de
924 2218 1071 2271 icelluy
1115 2218 1237 2267 habit,
1280 2219 1426 2273 qu'elle
1461 2219 1616 2258 vouloit
1637 2219 1726 2258 bien

77 2291 245 2343 prendre
267 2289 416 2344 longue
438 2290 532 2329 robe
563 2300 600 2329 et
619 2290 821 2343 chaperon
841 2290 889 2328 de
912 2289 1077 2339 femme,
1105 2305 1207 2343 pour
1226 2291 1307 2330 aler
1326 2293 1345 2329 a
1368 2290 1515 2344 l'e'glise
1537 2301 1573 2330 et
1595 2305 1729 2344 recep-

77 2363 166 2401 voir
190 2376 262 2401 son
294 2361 502 2409 Saulveur,
543 2362 642 2400 ainsi
677 2375 754 2415 que
789 2361 999 2401 autresfois
1021 2362 1094 2401 elle
1122 2376 1142 2401 a
1167 2363 1384 2416 respondu,
1423 2376 1605 2416 pourveu
1636 2376 1727 2416 que,

79 2443 255 2472 tantoust
273 2434 385 2486 apres
407 2447 465 2481 ce,
487 2432 561 2472 elle
592 2433 627 2472 16
652 2434 770 2472 meist
790 2435 865 2484 jus,
890 2443 928 2472 et
951 2435 1122 2487 reprinst
1145 2444 1284 2487 cestuy
1305 2448 1380 2488 que
1402 2434 1476 2473 elle
1505 2444 1631 2488 porte.

136 2506 244 2553 Item,
271 2505 322 2543 du
345 2504 529 2558 seurplus
550 2505 618 2558 qui
644 2504 712 2558 luy
739 2504 799 2544 fut
823 2507 969 2558 expose
996 2505 1042 2544 de
1064 2506 1174 2544 avoir
1208 2507 1318 2558 prins
1353 2507 1433 2545 abit
1466 2506 1655 2554 d’omme,
1694 2516 1730 2545 et

80 2589 169 2614 sans
191 2577 422 2624 ne'ccessioe‚
440 2587 538 2615 eten
552 2576 722 2629 espe'cial
742 2576 887 2630 qu'elle
906 2586 963 2615 est
976 2590 1023 2615 en
1045 2578 1197 2629 prison,
1212 2586 1287 2616 etc.
1310 2592 1316 2615 :
1337 2577 1509 2630 respond
1529 2590 1536 2616 :
1558 2594 1577 2614 α
1593 2579 1731 2623 Quant

81 2649 115 2700 je
139 2661 258 2701 auray
278 2648 346 2686 fait
373 2661 417 2687 ce
438 2661 654 2702 pourquoy
670 2649 703 2700 je
726 2648 807 2687 suis
825 2650 1007 2700 envoye'e
1033 2648 1080 2687 de
1106 2662 1175 2701 par
1210 2650 1328 2698 Dieu,
1351 2649 1386 2701 je
1414 2649 1610 2702 prendray
1622 2649 1731 2688 habit

83 2719 130 2758 de
160 2718 328 2758 femme.
357 2736 375 2755 »

135 2791 389 2843 Interroguee
418 2790 525 2829 s'elle
553 2791 672 2830 croist
703 2791 850 2845 qu’elle
882 2793 965 2830 lace
1000 2791 1090 2830 bien
1122 2791 1170 2830 de
1192 2792 1361 2844 prendre
1383 2791 1492 2831 habit
1513 2792 1690 2831 d'omme
1720 2807 1727 2830 z

80 2862 253 2915 respond
273 2876 280 2900 :
310 2879 328 2898 ‹<
351 2864 395 2911 Je
415 2862 520 2901 m’en
543 2863 683 2901 actend
709 2864 729 2901 a
752 2872 885 2901 nostre
908 2863 1118 2916 Seigneur.
1148 2880 1166 2899 »

136 3098 164 3121 1.
184 3088 216 3121 A
237 3096 335 3122 omet
356 3088 426 3122 illo.
450 3109 496 3113 —
515 3098 549 3122 2.
565 3088 595 3122 C
617 3100 626 3121 .·
648 3088 721 3122 haec.

172 3166 297 3194 Pnoci'zs
316 3175 357 3195 DE
380 3166 507 3205 Jr-:Axxss
531 3166 636 3194 n’ARc
1610 3177 1640 3196 21
