2099 3356
353 194 436 248 256
632 192 790 235 paocr'zs
822 205 880 235 DE
911 205 1263 241 cONDAMNATmN
1297 206 1354 235 DE
1384 206 1551 247 JEANNE
1586 191 1714 236 D'ARc

348 303 419 348 det
447 322 455 347 :
486 323 505 346 «
532 304 706 378 De3hoc
733 303 854 347 vobis
876 320 966 348 non
981 317 1043 348 est
1064 303 1204 348 adhuc
1226 320 1480 362 responsum
1500 322 1511 359 3
1528 317 1569 348 et
1590 321 1679 349 non
1703 304 1839 350 habeo
1853 305 1994 350 adhuc

347 386 568 432 licentiam
596 386 648 431 de
678 386 862 431 dicendo
888 386 1010 431 illud.
1049 402 1069 425 ³>
1101 414 1159 418 —
1184 388 1447 446 Interrogata
1478 387 1582 446 quid
1612 401 1782 433 sanctus
1809 389 1994 434 Michael

344 472 482 530 prima
507 472 596 515 vice
617 472 655 514 ei
683 469 789 515 dixit
815 488 824 515 :
856 470 1075 529 respondit
1101 488 1110 514 t
1140 488 1159 512 «
1187 471 1276 515 Vos
1303 487 1393 515 non
1421 471 1626 515 habebitis
1653 471 1783 530 hujus
1811 489 1992 531 respon-

339 556 509 599 sionem
536 554 613 599 hac
635 567 775 599 nocte.
797 572 817 595 »
844 555 951 599 Item
975 554 1082 599 dixit
1105 554 1224 613 quod
1240 570 1365 599 voces
1382 554 1463 599 sibi
1479 554 1681 600 dixerunt
1699 555 1818 614 quod
1835 556 1987 601 audac-

338 651 403 682 ter
426 638 695 697 respondeat.
719 639 828 682 Item
856 638 963 683 dixit
977 637 1096 697 quod
1118 640 1207 697 ipsa
1233 638 1372 683 adhuc
1391 647 1400 664 ¹
1427 655 1516 683 non
1537 638 1663 683 habet
1689 639 1906 684 licentiam
1931 640 1983 684 de

340 721 570 766 revelando
597 738 644 766 ea
666 738 760 780 quae
775 735 947 766 sanctus
968 722 1152 766 Michael
1167 721 1274 766 dixit
1294 723 1356 776 ei;
1383 735 1422 766 et
1445 721 1552 767 bene
1568 723 1695 767 vellet
1714 722 1833 781 quod
1848 725 1984 767 inter-

341 822 495 863 rogans
524 805 696 850 haberet
723 807 892 864 copiam
918 805 1013 850 libri
1040 807 1115 865 qui
1142 818 1203 850 est
1229 807 1425 859 pictavis,
1456 805 1701 851 dummodo
1732 808 1849 851 Deus
1875 821 1984 852 esset

340 889 391 934 de
417 890 498 934 hoc
522 902 765 934 contentus
793 917 850 921 —
876 891 1140 948 Interrogata
1164 891 1197 934 si
1227 903 1398 934 sanctus
1426 890 1609 934 Michael
1634 903 1675 934 et
1699 891 1791 934 aliae
1819 891 1983 935 Sanctae

339 973 541 1018 dixerunt
561 975 598 1018 ei
617 973 735 1033 quod
760 975 848 1032 ipsa
875 990 965 1018 non
991 974 1195 1018 revelaret
1209 975 1299 1018 sine
1322 974 1490 1018 licentia
1511 990 1665 1018 eorum
1691 991 1699 1018 :
1731 973 1977 1033 respondit:

342 1075 361 1097 «
389 1059 539 1102 Encore
559 1066 574 1084 ²
609 1075 654 1102 ne
678 1074 773 1102 vous
791 1074 837 1101 en
860 1059 1069 1116 respons-je
1076 1067 1150 1116 pas
1175 1073 1195 1095 »
1215 1074 1226 1111 3
1253 1070 1318 1102 et:
1353 1074 1372 1097 «
1398 1058 1463 1101 De
1483 1057 1559 1101 illo
1583 1057 1633 1101 de
1656 1065 1772 1116 quo3
1807 1057 1973 1103 habebo

340 1142 574 1196 licentiam,
598 1141 779 1186 libenter
803 1140 1073 1200 respondebo
1104 1156 1155 1196 >›;
1184 1153 1224 1185 et
1252 1140 1387 1199 quod,
1416 1142 1450 1185 si
1475 1143 1512 1185 ei
1540 1141 1872 1199 prohibuerunt,
1895 1142 1984 1200 ipsa

339 1241 428 1269 non
457 1225 665 1270 intellexit
691 1223 812 1269 illud.
837 1251 894 1256 —
917 1226 1179 1283 Interrogata
1204 1225 1329 1284 quale
1352 1226 1526 1283 signum
1555 1225 1642 1283 ipsa
1666 1224 1736 1269 dat
1764 1240 1836 1283 per
1862 1224 1981 1284 quod

335 1310 492 1353 sciatur
505 1308 623 1368 quod
645 1310 723 1353 ista
739 1310 826 1353 sint
844 1325 894 1353 ex
916 1321 1029 1367 parte
1049 1309 1144 1363 Dei,
1168 1321 1210 1352 et
1230 1307 1348 1368 quod
1369 1310 1457 1352 istae
1473 1310 1558 1352 sint
1574 1321 1730 1353 sanctae
1745 1307 1982 1353 Katharina

336 1406 377 1437 et
403 1394 638 1451 Margareta
668 1410 676 1436 :
707 1392 935 1452 respondet
968 1409 975 1435 :
1012 1409 1032 1432 «
1060 1393 1149 1451 Ego
1173 1393 1271 1436 satis
1292 1391 1378 1435 dixi
1407 1391 1529 1436 vobis
1556 1391 1674 1451 quod
1701 1406 1802 1436 sunt
1825 1405 1980 1436 sanctae

336 1477 569 1521 Katharina
587 1490 627 1520 et
647 1478 883 1534 Margareta
903 1494 923 1517 »
943 1493 954 1530 ;
974 1490 1015 1520 et
1043 1493 1050 1519 :
1079 1495 1098 1518 (<
1118 1475 1311 1520 Credatis
1332 1476 1456 1530 mihi,
1474 1477 1508 1520 si
1536 1476 1691 1520 velitis.
1724 1495 1743 1515 »
1769 1502 1826 1507 —
1845 1477 1979 1519 Inter-

338 1574 481 1619 rogata
502 1561 647 1620 quales
681 1561 962 1605 revelationes
985 1577 1088 1605 suus
1117 1576 1186 1604 rex
1215 1559 1363 1604 habuit
1391 1577 1398 1603 :
1431 1559 1651 1618 respondit
1680 1577 1688 1603 :
1723 1578 1743 1599 «
1774 1561 1861 1604 Vos
1888 1575 1978 1603 non

337 1644 546 1688 habebitis
584 1661 606 1688 a
648 1660 717 1688 me
755 1644 852 1698 hoc,
888 1644 939 1689 de
975 1660 1093 1688 anno
1127 1645 1222 1688 isto.
1259 1661 1279 1683 »
1309 1670 1366 1675 —
1397 1643 1541 1702 [Item‚
1579 1643 1647 1687 die
1680 1644 1805 1701 jovis,
1841 1644 1978 1701 prima

336 1728 496 1786 martii]
517 1730 775 1786 interrogata
801 1728 948 1788 quales
977 1729 1284 1786 promissiones
1310 1727 1433 1772 dictae
1454 1729 1618 1772 Sanctae
1645 1727 1722 1771 sibi
1752 1727 1944 1771 fecerunt
1966 1744 1975 1771 ι

336 1811 555 1871 respondit
579 1829 587 1855 :
622 1829 641 1851 «
674 1814 767 1856 Hoc
791 1828 880 1856 non
906 1825 967 1856 est
994 1811 1045 1855 de
1067 1824 1208 1855 vestro
1234 1827 1432 1870 processu
1457 1827 1507 1855 ex
1531 1824 1641 1855 toto.
1665 1828 1685 1851 »
1721 1836 1774 1842 -—
1794 1811 1979 1855 Interro-

331 1911 425 1954 gata
445 1898 479 1941 si
501 1895 614 1940 aliud
633 1897 909 1953 promiserint
929 1896 966 1939 ei
991 1911 1121 1954 quam
1147 1894 1301 1938 ducere
1317 1911 1411 1939 eam
1429 1896 1471 1938 in
1489 1894 1731 1953 paradisum
1759 1912 1767 1938 :
1794 1910 1977 1953 respon·

328 1979 399 2023 det
412 1979 531 2038 quod
558 1993 659 2023 sunt
680 1979 834 2038 aliquae
856 1980 1178 2038 promissione5‚
1199 1977 1270 2022 sed
1290 1995 1379 2022 non
1396 1976 1506 2022 dicet
1530 1994 1625 2032 eas;
1651 1990 1691 2022 et
1717 1977 1826 2022 dixit
1852 1976 1972 2037 quod

331 2063 411 2107 hoc
440 2079 528 2107 non
554 2065 688 2120 tangit
710 2079 971 2121 processum.
1001 2063 1110 2106 Item
1132 2061 1239 2106 dixit
1262 2061 1395 2121 quod,
1423 2061 1531 2106 infra
1555 2074 1638 2106 tres
1665 2078 1849 2113 menses,
1882 2061 1970 2119 ipsa

330 2145 440 2190 dicet
464 2146 589 2190 aliam
618 2147 966 2204 promissionem.
999 2171 1051 2177 -—
1084 2146 1348 2203 Interrogata
1372 2146 1406 2188 si
1433 2145 1557 2189 dictae
1578 2146 1744 2189 Sanctae
1770 2144 1972 2189 dixerunt

331 2232 368 2274 ei
395 2230 530 2288 quod,
552 2230 660 2274 infra
688 2243 769 2274 tres
792 2246 974 2283 menses,
995 2228 1282 2274 liberabitura
1306 2244 1468 2273 carcere
1499 2246 1507 2272 :
1531 2228 1751 2287 respondit
1781 2245 1788 2272 :
1814 2245 1833 2268 «
1860 2226 1971 2272 Illud

332 2331 420 2358 non
445 2328 506 2358 est
526 2313 578 2358 de
598 2329 793 2372 processu
810 2326 949 2358 vestro
975 2332 994 2352 »
1012 2330 1024 2368 ;
1050 2326 1091 2357 et
1107 2327 1248 2357 tamen
1267 2314 1398 2357 nescit
1412 2311 1587 2371 quando
1603 2314 1692 2371 ipsa
1707 2311 1970 2356 liberabitur.

330 2400 439 2443 Item
463 2398 571 2442 dixit
597 2397 715 2457 quod
737 2398 797 2442 illi
819 2398 894 2457 qui
910 2397 1069 2441 vellent
1098 2413 1191 2441 eam
1208 2396 1373 2441 auferre
1392 2395 1444 2440 de
1475 2397 1557 2441 isto
1581 2395 1750 2440 mundo
1769 2407 1974 2455 poterunt

331 2482 437 2526 bene
466 2483 524 2525 ire
548 2494 663 2525 ante.
694 2507 750 2512 —-
777 2482 902 2534 Item,
935 2482 1195 2539 interrogata
1226 2493 1374 2524 utrum
1402 2480 1635 2524 consilium
1661 2495 1792 2524 suum
1819 2478 1973 2523 dixerit

328 2567 365 2609 ei
393 2564 511 2623 quod
533 2564 782 2609 liberabitur
804 2581 827 2608 a
847 2580 1006 2609 carcere
1029 2581 1037 2608 ε
1059 2563 1283 2634 respondit
1310 2580 1317 2607 :
1345 2580 1365 2603 «
1387 2563 1500 2607 Infra
1527 2575 1610 2607 tres
1634 2578 1802 2606 menses
1822 2562 1976 2620 loqua-

327 2650 435 2692 mini
464 2665 653 2702 mecum,
683 2662 725 2693 et
753 2664 832 2706 ego
863 2647 984 2692 vobis
1015 2647 1116 2692 inde
1141 2646 1413 2706 respondebo
1437 2664 1457 2687 »
1480 2663 1491 2701 ;
1524 2659 1564 2691 et
1592 2647 1698 2690 dixit
1725 2647 1833 2690 ultra
1857 2645 1974 2705 quod

324 2745 537 2790 peteretur
583 2732 634 2775 ab
676 2731 974 2777 assistentibus
1015 2748 1087 2791 per
1128 2733 1427 2789 juramentum
1473 2746 1624 2775 eorum
1673 2731 1705 2773 si
1751 2730 1833 2773 hoc
1877 2743 1974 2773 tan-

324 2814 449 2873 gebat
474 2831 737 2874 processum.
774 2816 824 2860 Et
855 2828 1018 2874 postea,
1053 2814 1194 2858 habita
1217 2814 1523 2859 deliberatione
1553 2814 1861 2867 assistentium,
1889 2813 1966 2870 qui

325 2914 479 2943 omnes
509 2897 853 2943 deliberaverunt
888 2897 1006 2957 quod
1044 2898 1126 2942 hoc
1157 2896 1355 2956 tangebat
1386 2912 1648 2955 processum,
1684 2897 1772 2954 ipsa
1809 2894 1918 2939 dixit
1953 2912 1961 2938 :

381 3100 452 3133 1..4
469 3110 479 3133 .·
501 3100 582 3133 dicit
601 3100 668 3145 ipsa
686 3097 799 3133 adhuc.
824 3120 865 3123 -
887 3108 917 3132 2.
946 3098 977 3132 A
1002 3110 1010 3131 :
1033 3098 1189 3134 Erat-ores,
1219 3118 1260 3122 —
1294 3107 1321 3141 3.
1349 3096 1379 3131 C
1401 3096 1518 3142 ajoute
1540 3108 1606 3141 ego.
