2099 3356
378 204 537 248 Pssocl-:s
570 218 625 246 DE
658 216 1011 246 CONDAMNATION
1046 212 1100 244 DE
1132 215 1297 257 JEANNE
1331 201 1458 244 D'ARC
1686 213 1736 255 59

99 335 222 372 num,
246 331 287 362 et
316 316 434 376 quod
465 318 606 375 primo
646 317 722 359 ivit
757 315 1000 360 Aurelianis
1027 314 1077 358 ad
1116 313 1328 357 bastiliam
1369 314 1511 356 Sancti
1540 313 1666 371 Lupi,
1696 326 1739 356 et

95 403 292 460 deinceps
319 401 369 445 ad
392 400 602 445 bastiliam
627 401 792 444 Pontis.

150 486 414 541 Interrogata
449 483 561 543 apud
596 499 727 542 quam
757 482 967 526 bastiliam
996 481 1077 525 fuit
1115 480 1232 539 quod
1268 480 1367 524 fecit
1404 480 1603 524 homines
1633 495 1734 524 suos

94 568 248 613 retrahi
269 585 276 612 :
303 567 523 626 respondit
550 565 666 624 quod
688 583 777 610 non
803 565 1062 610 recordatur.
1093 566 1208 608 Dicit
1233 566 1362 609 etiam
1380 563 1496 622 quod
1521 576 1607 607 erat
1631 563 1738 607 bene

93 668 235 696 secura
262 651 379 710 quod
403 652 558 695 levaret
580 650 855 695 obsidionem
890 650 1208 702 Aureliensem,
1233 664 1307 706 per
1332 648 1639 691 revelationem
1657 647 1737 691 sibi

92 737 264 790 factam3
294 748 335 779 et
363 737 418 778 ita
445 734 606 778 dixerat
624 736 709 793 regi
732 751 811 778 suo
831 746 1062 792 antequam
1091 733 1191 777 illuc
1225 733 1405 776 Veniret.

152 821 413 877 Interrogata
447 832 610 871 utrum,
648 817 822 877 quando
861 817 1009 861 debuit
1042 817 1133 860 fieri
1170 816 1372 869 insultus,
1411 815 1622 859 dixeritne
1652 816 1739 859 suis

93 903 292 964 gentibus
318 903 436 961 quod
462 904 549 962 ipsa
577 905 780 960 reciperet
800 904 987 960 sagittas,
1014 903 1221 944 viritones
1250 909 1278 953 ¹,
1307 899 1467 958 lapides
1488 898 1540 943 de
1568 899 1733 942 machi-

95 990 159 1032 nis
185 990 273 1032 sive
306 986 561 1042 canonibus,
591 1000 669 1030 etc.
703 1004 710 1030 :
737 985 957 1045 respondit
977 984 1095 1044 quod
1121 1001 1232 1038 non3
1262 986 1353 1028 imo
1369 996 1545 1027 centum
1563 983 1740 1027 fuerunt

94 1072 178 1116 laesi
203 1071 278 1115 vel·
298 1071 503 1129 a1nplius3
530 1071 602 1115 sed
633 1071 739 1114 bene
761 1070 867 1114 dixit
894 1069 1093 1127 gentibus
1117 1071 1204 1114 suis
1229 1067 1347 1127 quod
1375 1083 1465 1111 non
1493 1065 1740 1111 dubitarent

92 1169 132 1200 et
157 1164 170 1181 ²
198 1156 386 1199 levarent
414 1154 703 1199 obsidionem.
736 1156 851 1198 Dicit
878 1155 1007 1199 etiam
1033 1155 1167 1212 quod,
1199 1154 1243 1196 in
1273 1151 1436 1195 insultu
1464 1150 1563 1194 dato
1592 1163 1740 1195 contra

93 1239 301 1284 bastiliam
321 1240 486 1293 Pontis,
515 1239 596 1284 fuit
629 1239 724 1284 laesa
747 1238 798 1282 de
823 1255 908 1282 una
927 1239 1077 1296 sagitta
1104 1253 1177 1281 seu
1206 1237 1393 1280 viritone
1422 1243 1450 1287 ³,
1489 1237 1532 1279 in
1560 1234 1671 1278 collo
1697 1243 1736 1288 4;

91 1324 163 1369 sed
183 1323 330 1367 habuit
350 1339 550 1382 magnam
576 1322 942 1368 confortationem
968 1339 989 1365 a
1010 1334 1152 1365 sancta
1174 1320 1422 1373 Katliarina,
1440 1332 1481 1363 et
1501 1318 1582 1362 fuit
1596 1331 1739 1363 sanata

92 1405 199 1450 infra
227 1421 285 1450 xv
307 1406 416 1461 dies3
443 1406 513 1450 sed
540 1423 625 1450 non
653 1406 816 1450 dimisit
839 1418 1060 1465 propterea
1085 1406 1274 1463 equitare
1293 1417 1334 1448 et
1364 1404 1587 1462 negotiari.

151 1491 415 1548 Interrogata
444 1506 498 1534 an
528 1490 633 1534 bene
661 1489 891 1548 presciebat
918 1488 1036 1548 quod
1070 1487 1295 1533 laederetur
1323 1501 1331 1530 :
1374 1485 1594 1545 respondit
1620 1485 1737 1546 quod

92 1574 174 1618 hoc
195 1573 303 1618 bene
331 1573 487 1618 sciebat
511 1588 551 1618 et
581 1573 742 1618 dixerat
763 1590 844 1618 suo
875 1575 987 1632 regi3
1019 1572 1092 1617 sed
1117 1571 1251 1631 quod,
1282 1571 1365 1615 hoc
1396 1587 1485 1615 non
1520 1570 1735 1623 obstante,

93 1674 181 1702 non
209 1658 445 1703 dimitteret
471 1658 650 1703 ulterius
682 1659 908 1716 negotiari.
939 1658 989 1701 Et
1018 1657 1155 1701 fuerat
1178 1656 1259 1700 hoc
1289 1655 1367 1700 sibi
1396 1656 1634 1700 revelatum
1667 1670 1740 1713 per

92 1759 215 1787 voces
244 1742 428 1787 duarum
454 1743 722 1797 Sanctarum,
751 1742 949 1787 videlicet
975 1742 1106 1786 beatae
1127 1741 1374 1785 Katharinae
1402 1753 1442 1784 et
1471 1740 1603 1784 beatae
1624 1740 1736 1783 Mar-

89 1839 256 1886 garetae.
282 1828 440 1871 Dicens
466 1827 643 1871 ulterius
680 1826 798 1885 quod
824 1828 911 1886 ipsa
945 1826 1027 1871 fuit
1055 1827 1190 1884 prima
1215 1842 1312 1885 quae
1333 1826 1477 1884 posuit
1505 1823 1660 1868 scalam
1692 1824 1735 1866 in

42 1923 45 1925 ·
89 1911 239 1967 altum,
264 1913 306 1955 in
327 1910 437 1955 dicta
459 1911 624 1955 bastilia
649 1911 701 1955 de
729 1912 889 1966 Ponte;
920 1923 977 1965 et,
999 1909 1183 1955 levando
1212 1912 1348 1968 ipsam
1373 1909 1544 1962 scalam,
1568 1907 1663 1962 fuit,
1691 1921 1738 1951 ut

89 2011 229 2054 supra,
261 1995 356 2039 laesa
384 2002 412 2049 5,
443 1997 486 2039 in
515 1995 642 2047 collo,
667 1994 717 2038 de
743 1994 856 2039 dicto
878 1996 1063 2038 viritone
1086 1996 1116 2037 ⁶.

148 2080 408 2138 Interrogata
445 2095 575 2139 quare
602 2096 691 2123 non
724 2080 880 2138 recepit
905 2091 1134 2123 tractatum
1158 2094 1258 2121 cum
1301 2078 1523 2136 capitaneo
1557 2075 1608 2120 de
1639 2077 1736 2120 Ger-

88 2179 216 2219 gueau
247 2180 255 2207 :
281 2162 500 2222 respondit
524 2162 642 2222 quod
671 2164 840 2208 domini
869 2162 919 2206 de
954 2177 1067 2221 parte
1092 2178 1168 2206 sua
1201 2160 1518 2220 responderunt
1545 2160 1737 2218 Anglicis

91 2246 208 2305 quod
235 2249 313 2305 ipsi
337 2263 426 2291 non
452 2247 657 2292 haberent
694 2248 932 2291 terminum
956 2261 1012 2289 xv
1038 2245 1224 2299 dierum,
1255 2261 1385 2304 quem
1423 2243 1639 2302 petebant,
1664 2242 1735 2287 sed

92 2330 208 2390 quod
245 2330 489 2375 recederent
510 2333 590 2390 ipsi
615 2343 655 2374 et
675 2332 774 2390 equi
799 2347 953 2375 eorum
994 2331 1036 2374 in
1072 2330 1174 2373 hora
1209 2330 1422 2388 praesenti.
1461 2329 1575 2371 Dicit
1608 2330 1735 2371 etiam

91 2414 224 2472 quod,
250 2428 464 2474 quantum
486 2415 537 2459 ad
562 2416 713 2474 ipsam,
743 2414 849 2458 dixit
866 2414 987 2473 quod
1011 2415 1088 2474 ipsi
1105 2413 1156 2457 de
1181 2413 1386 2472 Gergolio
1418 2411 1663 2457 recederent
1690 2414 1733 2455 in

91 2499 176 2542 suis
203 2499 467 2558 gipponibus
489 2499 551 2543 vel
582 2500 754 2553 tunicis,
784 2500 869 2543 vita
902 2514 1054 2543 eorum
1086 2498 1212 2552 salva,
1252 2499 1285 2541 si
1316 2497 1501 2549 vellent3
1540 2496 1734 2555 alioquin

90 2596 336 2641 caperentur
363 2599 436 2642 per
456 2583 683 2627 insultum.

148 2666 408 2724 Interrogata
423 2683 475 2710 an
503 2666 651 2711 habuit
673 2680 777 2713 tunc
796 2666 1149 2710 deliberationem
1169 2682 1268 2709 cum
1294 2682 1374 2710 suo
1396 2664 1594 2718 consilio,
1619 2663 1736 2708 vide-

88 2748 183 2793 licet
201 2766 299 2793 curn
327 2752 413 2793 suis
434 2750 624 2804 vocibus,
651 2767 726 2808 pro
748 2750 922 2794 sciendo
938 2767 989 2794 an
1011 2750 1128 2794 daret
1144 2749 1307 2793 dictum
1334 2759 1345 2783 7
1375 2751 1612 2793 terminum
1633 2749 1730 2796 illis,

91 2845 162 2875 aut
186 2849 274 2877 non
300 2833 542 2891 :respondit
561 2834 679 2892 quod
707 2834 758 2878 de
778 2834 858 2878 hoc
886 2850 972 2877 non
999 2833 1255 2878 recordatur.

143 3016 170 3039 1.
192 3005 222 3040 C
245 3007 445 3041 :viretones.
460 3028 506 3032 -
528 3018 559 3042 2.
582 3007 649 3043 AC
665 3009 823 3053 aj0utent
843 3007 942 3054 qnod.
962 3029 1008 3033 —
1030 3019 1060 3053 3.
1085 3008 1114 3042 C
1136 3021 1145 3042 .·
1160 3009 1318 3042 virelone.
1345 3029 1391 3033 ——
1411 3018 1444 3050 4.
1466 3008 1492 3041 Β
1510 3020 1553 3042 cn
1581 3019 1702 3054 marge
1725 3019 1731 3041 τ

90 3064 178 3099 Nota
195 3066 278 3111 quod
295 3067 450 3112 quomodo
469 3067 544 3112 fnit
563 3067 646 3101 laesa
667 3073 743 3101 ante
769 3068 970 3102 Aurelianis
992 3069 1174 3102 civilatem.
1195 3088 1241 3093 —
1266 3079 1293 3111 5.
1316 3068 1382 3104 AC
1406 3081 1415 3101 .·
1443 3068 1541 3109 laem,
1564 3072 1599 3101 ΠΙ
1616 3073 1728 3112 supra.

93 3144 135 3149 —
157 3125 188 3159 6.
210 3125 240 3160 (j
257 3138 267 3158 .·
290 3127 448 3162 viretum.
474 3147 512 3152 —
532 3138 564 3172 7.
588 3127 654 3161 AC
677 3140 685 3160 :
702 3128 915 3173 p1·;1·d1‘clum.
