2099 3356
288 182 371 226 412
566 166 725 210 PROCJ'ES
758 179 814 208 DE
846 179 1195 209 CONDAMNATION
1230 179 1288 208 DE
1317 179 1484 221 JEANNE
1518 163 1644 208 D’ARC

287 280 601 319 sehismaticam¹
623 278 712 317 etin
734 276 812 316 fide
835 277 982 321 Christi
995 276 1271 330 multipliciter
1282 286 1493 316 errantem.
1516 276 1708 316 Dolentes
1738 286 1871 316 autem
1890 287 1930 316 et

286 351 595 405 ingemiscentes
618 349 794 388 animam
812 349 967 387 miserae
981 349 1210 402 peccatricis
1231 357 1434 388 tantorum
1456 349 1671 388 criminum
1691 348 1927 402 perniciosis

286 423 436 477 laqueis
450 435 534 461 esse
553 421 760 468 irretitam,
781 434 852 473 per
870 420 1096 473 frequentes
1117 419 1415 459 admonitiones
1432 428 1470 459 et
1499 420 1720 459 caritativas
1743 419 1927 459 exhorta-

287 494 417 531 tiones
432 505 593 544 operam
608 491 857 530 dederuntut
868 489 913 529 ab
929 503 1060 529 errore
1072 490 1146 529 viae
1163 503 1244 529 suae
1260 498 1556 529 converteretur
1568 499 1605 528 et
1619 489 1768 542 judicio
1784 499 1928 529 sanctae

288 564 422 603 matris
444 562 631 601 Ecclesiae
653 575 736 601 sese
758 561 1020 601 submitteret.
1047 563 1199 600 Verum
1222 561 1274 600 ita
1291 574 1359 600 cor
1382 562 1465 614 ejus
1490 559 1752 614 occupaverat
1768 561 1930 613 spiritus

291 635 480 688 nequitiae
504 643 561 680 ut,
585 633 708 686 longo
726 643 922 687 tempore,
945 633 1129 672 salutaria
1150 633 1302 672 monita
1322 632 1524 672 obduratis
1545 642 1747 686 respueret
1769 633 1928 678 animis,

291 705 389 744 nulli
418 706 632 745 hominum
654 714 668 731 ²
698 705 921 744 viventium
959 705 998 742 in
1026 704 1152 752 terris,
1177 713 1498 758 quantacumque
1523 704 1716 756 dignitate
1745 703 1929 756 fulgeret,

293 779 375 816 imo
402 791 473 816 nec
497 790 608 816 sacro
630 776 806 830 generali
827 776 1010 816 Concilio
1035 789 1074 815 se
1099 775 1351 824 submittens,
1378 775 1533 814 nullum
1556 774 1628 814 sub
1651 776 1735 814 Deo
1759 775 1930 828 judicem

293 861 599 901 recognoscens
632 848 813 887 Tandem
847 857 977 886 tamen
1014 846 1271 901 praefatorum
1301 847 1479 900 judicum
1510 847 1775 900 perseveranti
1798 845 1932 885 labore

290 919 492 973 paulisper
516 920 726 958 imminuta
748 928 806 958 est
824 918 930 958 illius
951 919 1228 972 praesumptio,
1248 928 1300 967 et,
1318 918 1541 957 sanioribus
1565 918 1819 971 acquiescens
1837 930 1932 956 con-

292 991 405 1038 siliis,
427 1001 620 1043 praesente
644 991 781 1044 grandi
803 990 1047 1044 populorum
1078 991 1208 1043 copia,
1240 1003 1333 1029 suos
1360 1003 1511 1029 errores
1532 1002 1599 1028 ore
1624 989 1788 1042 proprio
1815 1002 1931 1028 revo—

287 1062 390 1101 cavit
425 1072 461 1101 et
494 1062 718 1115 abnegavit,
753 1062 1103 1116 schedulamque3
1142 1061 1397 1113 abjurationis
1436 1070 1473 1100 et
1512 1061 1776 1100 revocationis
1809 1073 1930 1099 manu

289 1134 449 1187 propria
471 1133 703 1187 subscripsit
722 1147 766 1173 ac
790 1134 972 1187 signavit.
995 1133 1087 1180 Sed,
1112 1134 1248 1186 paucis
1263 1134 1405 1172 exhinc
1423 1133 1567 1186 elapsis
1586 1133 1724 1172 diebus
1746 1143 1778 1180 4,
1796 1145 1929 1171 rursus

290 1206 328 1244 in
374 1205 559 1259 pristinas
599 1206 771 1245 insanias
817 1205 960 1244 mulier
996 1204 1131 1244 infelix
1172 1204 1331 1258 delapsa
1367 1214 1439 1250 est,
1483 1205 1756 1257 revocatisque
1786 1205 1930 1243 iterum

290 1277 460 1316 adhaesit
517 1277 732 1317 erroribus.
794 1278 926 1324 Quam
971 1278 1022 1316 ob
1060 1290 1235 1324 causam,
1277 1277 1559 1330 praenominati
1603 1276 1754 1328 judices
1804 1276 1929 1329 ipsam

288 1358 479 1402 tanquam
512 1349 709 1402 relapsam
740 1358 777 1387 et
805 1349 1029 1387 haereticam
1062 1348 1264 1387 definitiva
1288 1356 1297 1381 5
1324 1348 1520 1387 sententia
1544 1348 1930 1394 condemnaverunt,

289 1430 325 1459 et
359 1420 557 1460 saecularis
592 1421 798 1474 potestatis
829 1420 978 1473 judicio
1004 1419 1263 1473 reliquerunt.
1292 1419 1371 1459 Ubi
1396 1433 1490 1458 vero
1521 1420 1699 1472 corporis
1728 1419 1930 1458 interitum

289 1491 355 1530 illa
380 1493 650 1546 propinquare
672 1492 878 1545 cognovit,
905 1491 1040 1530 multis
1064 1505 1153 1530 cum
1176 1490 1391 1544 gemitibus
1416 1501 1548 1544 aperte
1569 1490 1751 1530 confessa
1771 1499 1828 1529 est
1847 1503 1931 1529 sese

288 1563 335 1602 ab
357 1563 434 1602 illis
454 1563 672 1617 spiritibuS,
693 1577 794 1617 quos
815 1563 887 1602 sibi
910 1562 1178 1602 verisimiliter
1196 1563 1350 1602 dicebat
1368 1563 1610 1616 apparuisse,
1637 1561 1793 1601 illusam
1813 1571 1930 1616 atque

290 1635 495 1688 deceptam
516 1636 725 1683 exstitisse,
749 1644 1084 1689 peccatorumque
1107 1648 1288 1682 suorum,
1308 1644 1351 1674 ut
1372 1633 1598 1688 apparebat,
1620 1634 1659 1672 in
1679 1634 1766 1687 ipso
1789 1634 1929 1673 mortis

291 1707 457 1747 articulo
498 1708 699 1760 poenitens
738 1716 775 1745 et
808 1720 828 1745 a
858 1707 1012 1746 cunctis
1043 1707 1201 1745 veniam
1238 1715 1443 1759 expetens,
1488 1706 1671 1758 migravit
1700 1719 1719 1744 a
1750 1705 1917 1745 saeculo.

290 1779 382 1825 Qua
403 1792 447 1818 ex
471 1792 510 1817 re
533 1778 705 1831 apertius
725 1779 857 1817 cuncti
882 1786 1160 1831 cognoverunt
1181 1791 1299 1830 quam
1320 1776 1607 1830 periculosum,
1631 1789 1829 1830 quamque
1848 1775 1929 1815 for-

289 1850 523 1889 midandum
549 1859 651 1889 esset
669 1851 782 1889 novis
804 1848 1155 1888 adinventionibus
1174 1848 1309 1902 quales
1331 1862 1413 1887 non
1439 1849 1562 1887 modo
1586 1847 1745 1901 praefata
1769 1848 1927 1895 mulier,

287 1936 426 1961 verum
454 1923 572 1961 etiam
601 1921 687 1960 alia:
712 1920 941 1974 complures
965 1922 994 1969 ⁶,
1020 1934 1087 1974 per
1111 1921 1188 1959 hoc
1223 1933 1389 1973 regnum
1418 1920 1807 1967 christianissimum,
1839 1928 1928 1958 ante

288 1987 370 2032 dies
393 2007 540 2047 paucos
561 1993 934 2039 disseminaverunt,
961 1992 1100 2031 leviter
1118 1992 1288 2030 nimium
1313 1991 1586 2030 credulitatem
1612 1990 1797 2030 adhibere
1815 2005 1824 2038 ;
1843 1991 1930 2030 uni-

288 2066 471 2119 versique
493 2065 698 2117 religionis
731 2065 955 2103 cliristianae
987 2063 1160 2103 cultores
1177 2073 1255 2102 tam
1280 2062 1483 2116 spectabili
1514 2062 1698 2115 exemplo
1721 2063 1928 2101 admoneri

290 2137 434 2175 debent
458 2146 498 2175 ut
520 2150 600 2175 non
623 2137 703 2176 cito
726 2149 745 2174 a
772 2149 889 2174 sensu
918 2135 990 2174 suo
1014 2144 1262 2179 moveantur,
1290 2135 1503 2188 potiusque
1528 2134 1719 2172 doctrinis
1748 2132 1933 2172 Ecclesiae

292 2218 328 2246 et
356 2207 607 2261 przelatorum
636 2221 798 2246 suorum
835 2207 1042 2260 praeceptis
1079 2219 1196 2260 quam
1234 2206 1598 2258 superstitiosarum
1632 2204 1844 2243 mulierum
1876 2203 1932 2242 fa-

293 2279 396 2318 bulis
421 2279 641 2318 intendant.
676 2279 800 2325 Quod
828 2279 858 2316 si
891 2278 1120 2331 aliquando,
1152 2278 1296 2316 nostris
1321 2277 1522 2316 demeritis
1548 2276 1815 2329 exigentibus,
1839 2275 1933 2314 illuc

293 2351 593 2403 pervenerimus
618 2360 662 2389 ut
689 2351 958 2397 divinatrices,
980 2349 1077 2387 salso
1100 2349 1360 2387 vaticinantes
1382 2349 1421 2386 in
1448 2349 1612 2387 nomine
1635 2348 1816 2395 Domini,
1840 2360 1930 2385 cum

297 2423 378 2474 ipse
405 2436 485 2461 non
517 2423 667 2461 miserit
703 2435 782 2470 eas,
803 2422 936 2474 potius
960 2421 1091 2459 audiat
1113 2420 1250 2459 levitas
1278 2419 1522 2472 populorum
1544 2433 1663 2472 quam
1686 2428 1862 2472 pastores
1893 2427 1929 2457 et

291 2493 474 2531 doctores
515 2492 716 2539 Ecclesiae,
758 2493 803 2530 ad
840 2505 939 2545 quos
967 2491 1064 2530 olim
1102 2491 1283 2530 Christus
1309 2491 1360 2529 ait
1387 2503 1394 2529 :
1440 2507 1458 2526 ‹<
1499 2491 1570 2537 Ite,
1608 2490 1748 2529 docete
1787 2502 1927 2528 omnes

288 2574 424 2615 gentes
451 2580 487 2611 »,
515 2563 727 2603 confestim
751 2563 893 2616 peribit
912 2563 1070 2616 religio,
1093 2561 1190 2601 fides
1215 2572 1386 2609 corruet,
1419 2561 1594 2600 Ecclesia
1612 2560 1925 2608 conculcabitur,

288 2645 324 2673 et
360 2636 510 2674 Satanae
533 2645 546 2670 7
583 2636 770 2688 iniquitas
793 2635 979 2673 universo
1006 2633 1279 2672 dominabitur
1299 2633 1401 2672 orbi.
1431 2633 1536 2678 Quae
1560 2633 1696 2672 omnia
1716 2631 1927 2685 prohibere

289 2716 340 2753 et,
364 2706 436 2744 sub
458 2716 596 2745 vestrae
620 2706 876 2745 beatitudinis
896 2705 1003 2744 felici
1020 2705 1254 2752 directione,
1271 2717 1434 2757 gregem
1453 2717 1570 2742 suum
1593 2703 1787 2743 illibatum
1811 2713 1929 2757 atque

290 2778 648 2816 incontaminatum
671 2790 908 2830 praeservare
930 2776 1117 2829 dignetur
1135 2775 1498 2825 JhesusChristus.

345 3017 373 3039 1.
406 3005 472 3039 AC
497 3018 506 3039 .·
529 3007 760 3040 scisnmticam.
795 3027 842 3032 ——
869 3016 901 3040 2.
930 3005 1027 3040 ABC
1058 3014 1090 3040 et
1110 3004 1145 3049 Q
1163 3017 1173 3040 .·
1194 3005 1332 3039 homini.
1365 3026 1409 3029 —
1441 3015 1471 3049 3.
1493 3004 1587 3038 AC:
1615 3004 1848 3049 scedulamque.
1881 3024 1927 3029 -—

294 3075 327 3106 4.
356 3065 386 3097 :l
415 3074 511 3099 ornet
531 3065 653 3099 dielms.
674 3086 716 3091 -
743 3066 775 3107 ζ.
795 3065 861 3099 AC
885 3077 895 3099 .·
918 3065 1122 3110 diffinitiva.
1152 3085 1194 3090 —-
1214 3066 1247 3098 ὁ.
1277 3065 1308 3098 Α
1334 3064 1483 3110 .·plure5.
1503 3084 1548 3089 -
1570 3074 1602 3108 7.
1625 3062 1721 3097 ABC
1738 3062 1927 3098 :Sathanae.

2092 2323 2099 2332 Α
2092 2278 2099 2293 η-
2094 2226 2099 2259 r-.
2094 2130 2099 2202 ΛΑ...-
2091 1930 2099 2120 4.-.....ψ
