2099 3356
319 195 402 236 304
596 179 750 222 Pizocks
783 193 838 221 DE
873 192 1221 221 CONDAMNATtoN
1256 192 1311 220 DE
1343 192 1509 233 JEANNE
1543 177 1672 220 D'Aitc

318 292 549 330 daemonum
581 305 664 329 esse
694 290 874 338 videtin-3
907 299 943 328 et
980 290 1010 327 si
1047 290 1149 342 ipsas
1179 299 1362 328 venerata
1395 289 1514 328 fuerit
1548 289 1781 342 simpliciter
1808 298 1845 328 et
1872 289 1957 328 sine

316 363 563 410 conditione,
588 361 687 400 forte
715 361 935 400 discrimini
970 361 1177 413 cujusdam
1212 360 1406 399 idolatriae
1441 361 1646 399 temerarie
1681 375 1721 399 se
1756 360 1953 400 submisit.

319 436 376 473 De
401 434 639 473 duodecima
664 432 958 485 propositione,
991 432 1136 471 dicitur
1163 432 1264 470 sicut
1285 432 1324 470 in
1358 432 1485 484 prima
1518 441 1665 471 tactum
1691 441 1762 471 est.
1790 433 1959 470 Verum-

317 516 465 552 tamen,
491 504 703 543 reverende
723 513 830 557 pater
853 512 891 542 et
915 503 1070 542 domini
1088 504 1180 549 mei,
1205 512 1352 542 attenta
1367 516 1482 542 sexus
1508 503 1712 542 muliebris
1735 503 1956 557 fragilitate,

318 576 543 629 repetendae
572 584 662 613 sunt
686 575 720 613 ei
756 575 795 613 in
825 574 972 628 gallico
1004 575 1306 628 propositiones
1339 584 1377 613 et
1406 575 1642 613 assertiones
1673 575 1889 627 praedictae,
1922 585 1960 614 et

317 648 515 686 caritative
540 647 740 685 monenda
760 656 818 685 est
840 656 884 685 ut
902 660 941 685 se
964 647 1135 699 corrigat
1163 655 1200 684 et
1225 659 1305 685 non
1337 655 1491 684 tantum
1517 655 1526 672 1
1559 656 1770 699 praesumat
1795 647 1833 684 in
1860 660 1958 699 prae-

316 720 437 758 tensis
468 718 791 766 revelationibus,
819 732 907 771 quae
938 717 1038 756 forte
1063 717 1193 756 eidem
1220 731 1239 756 a
1264 717 1445 770 Mal'igno
1470 727 1483 744 ²
1508 717 1568 756 vel
1600 717 1693 756 alias
1724 717 1838 756 dictae
1867 727 1959 756 sunt

317 801 353 829 et
373 790 586 829 fabricatae.
626 791 671 828 Et
695 799 990 843 consequenter
1024 789 1219 836 dicebam,
1249 799 1293 827 ut
1321 789 1531 828 conclusio
1562 799 1600 828 et
1623 789 1818 828 sententia
1843 803 1961 842 super

316 863 398 900 istis
422 861 602 900 habenda
623 862 769 900 certior
789 862 838 900 sit
865 871 902 899 et
930 860 1096 907 firmior,
1132 870 1168 899 et
1198 860 1306 899 nulla
1333 874 1378 899 ex
1411 871 1517 913 parte
1549 861 1781 899 calumniari
1817 860 1958 908 valeat,

317 934 416 972 mihi
439 933 610 980 videtur,
635 932 744 971 salvo
767 946 923 985 semper
948 924 1104 971 meliori
1133 931 1299 983 judicio,
1322 931 1369 970 ad
1391 932 1509 984 regiae
1535 932 1744 983 majestatis
1764 932 1961 970 honorem

316 1016 353 1044 ct
375 1006 507 1047 vestri.
529 1018 571 1043 ac
594 1004 928 1043 conscientiarum
952 1003 1218 1057 plurimorum
1243 1003 1417 1056 quietem
1441 1013 1478 1042 et
1498 1002 1832 1056 pacificationem,
1852 1003 1959 1057 quod

316 1075 516 1128 praedicta²
538 1075 775 1113 assertiones
797 1087 888 1113 cum
924 1074 1004 1112 suis
1030 1073 1172 1112 debitis
1197 1073 1577 1126 qualificationibus,
1601 1074 1761 1127 signetis
1788 1074 1959 1113 notario-

317 1161 402 1185 rum
442 1147 622 1191 munitae,
651 1146 696 1184 ad
718 1147 901 1184 Sanctam
926 1145 1070 1185 Sedent
1099 1145 1359 1198 apostolicam
1391 1145 1705 1184 transmittendae
1728 1155 1832 1184 sunt.
1865 1147 1958 1184 Haec

319 1228 426 1265 sunt,
447 1218 661 1256 reverende
689 1218 726 1255 in
749 1218 908 1255 Christo
935 1226 1058 1269 pater,
1088 1226 1125 1255 et
1153 1217 1316 1255 domine
1339 1217 1410 1263 nii,
1430 1217 1594 1255 domine
1621 1217 1765 1255 vicarie
1790 1217 1959 1270 Inquisi-

317 1291 427 1337 toris,
448 1303 536 1343 quat*
560 1290 597 1327 in
621 1289 692 1327 hac
716 1290 874 1327 materia
898 1288 1063 1326 dicenda
1089 1289 1271 1336 veniunt,
1287 1301 1376 1326 cum
1393 1288 1628 1326 omnimoda
1649 1288 1898 1327 correctione
1922 1297 1959 1326 et

316 1361 634 1414 supportatione,
659 1370 732 1399 etc.
763 1377 777 1395 »
807 1360 870 1398 Sic
892 1360 1044 1412 signata
1070 1373 1076 1397 :
1107 1375 1125 1394 «
1153 1361 1195 1397 R.
1225 1360 1447 1398 SAL'VAIGE.
1477 1376 1495 1395 »

316 1548 505 1574 MERCURH
541 1547 657 1573 xvul.
690 1543 697 1565 3
737 1547 886 1572 Al‘RlLlS
909 1545 923 1567 ⁴
957 1546 1221 1572 EXHORTATIO
1261 1545 1498 1572 CARITATIVA
1529 1545 1650 1571 FACTA
1678 1542 1686 1566 5
1723 1545 1919 1582 JOHANNAE
1942 1538 1957 1560 ⁶

374 1643 392 1663 *
426 1644 532 1686 Item
562 1656 877 1700 consequenter
902 1651 932 1695 7,
979 1641 1046 1686 die
1085 1643 1284 1695 mercuri,
1315 1655 1439 1684 xv111.
1473 1640 1575 1685 dicti
1607 1642 1768 1685 mensis
1796 1641 1954 1699 aprilis,

316 1728 466 1770 anno⁸
503 1725 735 1769 millesimo
776 1725 947 1769 CCCC.
985 1725 1166 1778 XXXI„
1204 1740 1297 1775 1105,
1333 1724 1492 1782 judices
1520 1723 1739 1778 antedicti,
1780 1739 1958 1783 cognos-

314 1823 457 1853 centes
471 1810 572 1865 jam,
590 1826 639 1852 ex
650 1808 934 1867 opinionibus
947 1807 1376 1852 etdeliberationibus
1390 1807 1695 1865 plurimorum,
1711 1820 1798 1851 tam
1812 1806 1959 1851 docto-

313 1909 411 1936 rum
427 1908 552 1936 sacrae
576 1892 806 1948 theologiae
827 1908 957 1949 quam
993 1893 1033 1934 in
1061 1894 1148 1948 jure
1171 1892 1397 1945 canonico,
1425 1907 1470 1935 ac
1494 1892 1622 1934 etiam
1638 1891 1956 1935 licentiatorum

313 1977 355 2019 in
382 1975 533 2020 eodem
556 1977 644 2032 jure
669 1988 708 2019 et
729 1976 911 2019 aliorum
927 1976 969 2018 in
993 1974 1113 2018 dictis
1140 1974 1407 2018 facultatibus
1433 1973 1756 2032 graduatorum,
1775 1990 1956 2032 magnos

311 2072 351 2103 et
388 2075 534 2117 graves
585 2058 773 2103 defectus
820 2060 860 2101 in
909 2057 1261 2116 responsionibus
1306 2072 1346 2101 et
1394 2058 1701 2102 assertionibus
1746 2057 1956 2116 praedictae

310 2143 534 2198 Johannae,
561 2159 672 2200 quos
694 2144 774 2185 nisi
804 2143 890 2199 ipsa
918 2141 1182 2194 emandaret,
1210 2141 1410 2199 gravibus
1437 2157 1479 2185 se
1507 2140 1747 2199 exponebat
1793 2143 1956 2199 pericu-

365 2321 381 2338 *
407 2320 475 2359 Dic
506 2319 680 2358 mercurii
708 2319 843 2358 decima
873 2324 1001 2373 octava
1034 2319 1164 2357 mensis
1204 2318 1335 2372 aprilis
1365 2318 1557 2358 millesimo
1598 2319 1956 2372 quadringentesimo

313 2392 489 2430 tricesimo
507 2391 631 2444 primo
651 2401 679 2429 ⁹.
702 2390 856 2429 Domini
874 2390 1012 2443 judices
1032 2395 1063 2428 el
1087 2389 1547 2442 magistriGuillelmus10
1572 2391 1826 2438 Bouchieru,
1847 2391 1955 2440 Jaco-

315 2463 379 2501 lms
401 2462 441 2501 de
490 2462 668 2509 Turonia,
705 2462 916 2501 ittam-icius
957 2462 999 2499 de
1039 2462 1290 2509 Quesnevo12,
1329 2460 1507 2500 Nicotaus
1537 2461 1635 2499 Midi
1660 2466 1691 2500 et
1725 2460 1953 2501 Guillelmus

315 2534 451 2572 Adelis
466 2541 492 2565 ¹3
516 2547 555 2572 ac
577 2532 951 2587 GerardusyFeullet,
977 2532 1145 2586 magistri
1166 2533 1202 2571 in
1229 2532 1420 2585 theologia,
1440 2546 1481 2570 ac
1500 2531 1728 2572 Guillelmus
1750 2533 1909 2571 Hectori
1925 2542 1955 2567 ¹4

313 2610 597 2659 comparuerunt
618 2605 654 2643 in
679 2618 823 2643 camera
844 2618 917 2657 qua
937 2604 1122 2643 detinetur
1141 2603 1237 2642 dicta
1256 2603 1429 2653 Johanna
1444 2603 1684 2657 prisionaria.

367 2794 398 2819 1.
428 2783 494 2817 AC
517 2796 526 2817 .·
549 2788 637 2816 simle
657 2783 718 2828 (Ρ).
742 2804 787 2807 ἢ
818 2794 849 2816 2.
873 2782 938 2817 AC
966 2782 1127 2828 ajoutent
1158 2783 1295 2828 spiritu.
1321 2803 1363 2807 —-
1390 2793 1419 2827 3.
1444 2782 1475 2817 C
1493 2782 1610 2828 ajoute
1630 2783 1761 2816 mensis.
1785 2803 1829 2807 —
1846 2792 1880 2824 4.
1901 2782 1953 2816 En

315 2855 434 2888 marge
454 2843 497 2876 de
519 2842 626 2876 ΑΒΕ.
650 2863 692 2868 —
723 2853 752 2886 5.
777 2843 806 2877 C
827 2843 944 2889 ajoute
972 2843 1047 2888 ipsi.
1067 2863 1114 2867 -—
1128 2842 1162 2876 6.
1183 2843 1209 2876 B
1222 2851 1321 2877 ornet
1341 2853 1385 2876 en
1406 2852 1526 2888 marge
1547 2854 1553 2875 :
1573 2842 1756 2876 exhortatio
1771 2842 1952 2876 caritativa

314 2911 381 2937 etc.
404 2922 450 2927 —-
471 2913 507 2946 7.
535 2902 562 2935 Β
582 2910 678 2936 ornet
701 2907 937 2948 consequenter.
965 2922 1010 2926 —
1040 2904 1072 2935 ὅ.
1105 2901 1170 2935 AC
1191 2901 1350 2947 ajoutent
1369 2901 1540 2948 praedictO.
1562 2922 1608 2926 —
1628 2911 1662 2946 9.
1691 2901 1732 2943 U,
1753 2900 1815 2935 fol.
1845 2911 1900 2945 30,
1920 2910 1952 2934 r0

314 2970 347 2995 et
368 2971 419 2995 vo.
442 2982 488 2986 —
512 2972 565 2995 10.
588 2960 656 2994 Ms.
682 2973 691 2993 .·
722 2961 938 2995 Guillermus.
968 2980 1014 2986 —
1048 2971 1100 2994 11.
1124 2961 1207 2994 [bid.
1235 2973 1245 2994 .·
1264 2960 1418 2995 Boucher.
1441 2981 1487 2985 —
1509 2971 1561 2995 12.
1581 2960 1669 2994 [hid.
1695 2972 1705 2993 .·
1726 2960 1885 3004 Querc11;
1913 2971 1951 2994 ce

316 3032 401 3056 nom
434 3029 484 3055 est
517 3021 632 3065 repete
660 3031 703 3054 en
737 3032 856 3066 marge
887 3020 938 3054 De
958 3020 1103 3063 Quersu,
1124 3032 1182 3065 par
1202 3020 1450 3054 l'annotateur.
1473 3041 1519 3045 —
1544 3030 1596 3064 13.
1619 3019 1686 3053 Ms.
1720 3031 1730 3052 .·
1754 3019 1883 3054 Adolis.
1905 3040 1951 3044 —

323 3091 373 3121 14.
398 3079 480 3113 llwid.
508 3092 517 3113 .·
536 3078 668 3111 Hector.
722 3067 729 3072 .
1561 3078 1564 3079 ⁷
