2099 3356
374 175 532 218 pRoci'zs
565 188 621 218 DE
653 188 1006 218 connAMNArioN
1042 190 1097 219 DE
1129 191 1292 232 JEANNE
1325 176 1454 220 n'ARc
1650 190 1724 221 111

88 288 192 332 riam
220 285 270 330 de
291 287 408 331 liora.
433 287 482 330 Et
501 286 580 330 fuit
609 287 690 331 hoc
716 289 760 330 in
786 303 934 331 mense
957 288 1101 345 aprilis
1128 288 1194 332 vel
1218 290 1376 343 martii,
1399 302 1528 347 prout
1552 291 1590 333 ci
1617 290 1732 334 vide-

90 381 172 416 tur.
197 371 421 429 Dixitque,
448 370 492 414 in
514 372 714 429 proximo
736 386 882 414 mense
903 371 1045 428 aprilis
1068 383 1141 415 aut
1163 372 1206 415 in
1227 373 1423 429 p1·aesenti
1453 388 1599 417 mense
1622 389 1732 417 mar-

87 455 150 509 tii,
180 465 318 498 essent
336 452 425 498 duo
443 453 543 497 anni
569 453 725 512 elapsi3
754 466 793 498 et
817 453 935 513 quod
962 453 1044 498 hoc
1064 452 1145 498 fuit
1172 467 1267 513 post
1288 455 1461 499 Pascha.

143 538 403 595 Interrogata
432 549 595 591 utrum,
620 536 772 582 eodem
796 536 864 581 die
892 553 979 596 quo
1008 539 1096 596 ipsa
1122 538 1229 582 vidit
1264 538 1369 583 illud
1399 540 1591 597 signum,
1630 557 1732 585 suus

34 675 37 678 Δ
86 636 157 666 rex
179 621 310 664 etiam
342 619 495 664 viderit
531 638 538 664 :
575 620 797 679 respondit
832 619 950 678 quod
986 622 1060 675 sic,
1095 635 1135 665 et
1169 620 1286 680 quod
1313 623 1494 679 ipsemet
1521 639 1594 666 rex
1626 639 1732 668 suus

87 703 235 749 habuit
261 703 382 748 illud.

141 789 405 846 Interrogata
433 787 484 831 de
505 803 588 846 qua
611 789 785 831 materia
804 801 890 831 crat
914 787 1111 846 praedicta
1145 805 1305 833 corona
1329 806 1336 832 ;
1366 788 1587 847 respondit
1610 789 1728 848 quod

83 871 249 916 bonum
277 884 339 915 est
362 871 466 915 scire
489 870 607 930 quod
630 884 717 915 erat
744 870 795 915 de
827 887 935 929 puro
962 884 1096 926 anr03
1124 885 1165 916 et
1189 884 1278 915 erat
1302 887 1462 916 corona
1483 872 1589 917 adeo
1611 873 1728 918 dives

83 968 156 999 seu
178 955 384 1013 opulenta
407 954 526 1013 quod
554 954 723 998 divitias
743 956 992 999 exsistentes
1020 957 1064 998 in
1087 955 1157 999 illa
1184 957 1365 999 nesciret
1393 972 1620 1000 numerare
1653 973 1728 1001 seu

79 1039 330 1097 appretiari3
356 1037 708 1097 significabatque
733 1038 802 1082 illa
829 1054 989 1082 corona
1010 1038 1129 1097 quod
1154 1055 1225 1083 rex
1246 1040 1337 1096 ejus
1361 1052 1523 1083 teneret
1545 1055 1727 1097 regnum

81 1123 282 1166 Franciae,

136 1206 400 1262 Interrogata
438 1217 587 1249 utrum
621 1217 740 1248 erant
777 1204 833 1249 ibi
859 1205 1019 1263 lapides
1041 1206 1249 1260 pretiosi:
1281 1205 1501 1264 respondit
1529 1223 1537 1250 :
1580 1223 1599 1245 «
1639 1208 1727 1265 Ego

79 1288 200 1333 vobis
230 1288 316 1332 dixi
344 1287 450 1332 illud
471 1287 590 1346 quod
614 1290 702 1333 scio
729 1287 780 1332 de
809 1289 905 1333 hoc.
940 1306 959 1330 ›>

136 1371 398 1430 Interrogata
431 1385 578 1416 utrum
611 1374 753 1416 tenuit
782 1373 848 1416 vel
875 1373 1064 1417 osculata
1096 1386 1157 1417 est
1193 1388 1400 1417 coronam
1434 1373 1680 1431 praedictam
1714 1391 1722 1418 :

82 1455 300 1514 respondit
324 1455 441 1515 quod
471 1471 576 1500 non.

135 1540 399 1598 Interrogata
431 1552 580 1584 utrum
612 1540 789 1599 angelus
810 1542 884 1598 qui
916 1540 1023 1584 hanc
1053 1555 1259 1585 coronam
1285 1542 1525 1599 apportavit
1552 1555 1726 1586 venerat

80 1623 130 1668 ab
151 1623 253 1677 alto,
286 1623 352 1668 vel
380 1625 413 1667 si
441 1623 640 1667 veniebat
668 1640 741 1682 per
767 1637 922 1668 terram
950 1638 957 1664 τ
990 1624 1211 1683 respondit
1245 1624 1379 1683 quod,
1407 1624 1582 1683 quando
1609 1623 1724 1669 idem

76 1705 253 1765 angelus
273 1709 389 1751 venit
411 1723 555 1751 coram
580 1723 659 1751 suo
682 1723 794 1765 rege,
819 1707 917 1751 fecit
936 1707 1078 1751 eidem
1103 1709 1388 1752 reverentiam
1413 1707 1663 1752 inclinando
1682 1724 1724 1752 se

75 1804 220 1835 coram
251 1804 318 1844 eo,
347 1804 387 1835 et
421 1790 745 1849 pronuntiando
769 1790 898 1835 verba
921 1807 1017 1850 quae
1046 1792 1131 1849 ipsa
1166 1792 1365 1849 Johanna
1392 1808 1519 1850 supra
1545 1791 1652 1853 dixit
1672 1791 1724 1836 de

74 2013 203 2052 moys,
231 2014 277 2038 eu
301 2013 416 2051 moys
438 1998 573 2038 d’avril
596 2012 647 2038 ou
670 1999 717 2038 de
740 2013 858 2046 mars,
879 2013 1038 2038 comme
1054 1999 1080 2038 il
1096 1999 1165 2052 luy
1185 1999 1352 2049 semble,
1374 2014 1422 2039 eu
1445 2014 1560 2053 moys
1583 2000 1720 2040 d'avril

74 2071 294 2123 prouchain
317 2084 369 2109 ou
388 2084 435 2108 en
462 2079 544 2108 cest
566 2071 724 2122 present
744 2083 874 2122 moys,
898 2083 918 2108 a
940 2070 1041 2108 deux
1067 2084 1135 2108 ans
1154 2086 1162 2119 ;
1185 2080 1222 2109 et
1246 2071 1365 2109 estoit
1389 2072 1500 2123 apres
1522 2073 1713 2124 Pasques.

127 2142 381 2194 Interroguee
407 2155 463 2188 se,
496 2141 531 2180 la
555 2142 749 2194 premiere
773 2143 938 2194 journee
964 2141 1108 2194 qu'elle
1138 2143 1191 2181 vit
1218 2142 1253 2181 16
1282 2143 1408 2196 signe,
1434 2156 1474 2181 se
1496 2156 1569 2181 son
1589 2157 1660 2196 roy
1685 2143 1721 2182 16

72 2213 127 2252 vit
151 2227 158 2251 :
184 2214 355 2266 respond
378 2227 453 2267 que
476 2213 581 2261 ouil3
610 2223 742 2267 etque
766 2213 791 2251 il
814 2213 848 2252 le
872 2223 958 2252 eust
978 2213 1048 2267 luy
1072 2228 1259 2260 mesmes,

129 2286 382 2338 Interrogue‘e
422 2285 469 2323 de
504 2284 635 2338 quelle
672 2286 833 2323 matiere
867 2286 986 2324 estoit
1023 2285 1164 2324 ladicte
1205 2299 1412 2324 couronne
1451 2300 1458 2324 ε
1502 2286 1674 2339 respond
1710 2299 1717 2324 :

75 2372 93 2393 «
121 2356 224 2396 C’est
244 2358 323 2395 bon
348 2357 523 2395 assavoir
544 2356 687 2410 qu'elle
711 2357 828 2395 estoit
853 2356 900 2395 de
932 2356 985 2394 fin
1018 2371 1062 2395 or
1083 2372 1091 2405 ;
1125 2367 1163 2396 et
1184 2357 1302 2396 estoit
1329 2357 1360 2396 si
1384 2357 1490 2396 riche
1513 2370 1590 2410 que
1611 2358 1645 2410 je
1672 2371 1719 2397 ne

72 2442 232 2480 sgaroye
261 2427 449 2467 nombrer
473 2428 506 2466 la
529 2428 699 2467 richesse
728 2443 770 2477 »3
800 2437 837 2466 et
870 2442 946 2481 que
972 2428 1007 2467 la
1039 2442 1247 2467 couronne
1279 2427 1473 2481 signifioil
1499 2427 1595 2481 qu'il
1630 2437 1718 2467 ten—

73 2500 176 2539 droit
202 2500 235 2539 le
259 2513 449 2552 royaume
471 2499 519 2538 de
540 2501 699 2538 France.

127 2573 379 2624 Interrogue'e
402 2571 462 2609 s’il
496 2584 521 2623 y
542 2571 648 2610 avoit
672 2572 857 2623 pierrerie
883 2586 890 2609 ε
928 2571 1102 2624 respond
1137 2586 1143 2609 :
1179 2588 1196 2608 «
1220 2574 1264 2621 Je
1293 2585 1394 2611 vous
1424 2585 1471 2624 ay
1496 2571 1553 2610 dit
1577 2585 1620 2610 ce
1643 2585 1719 2624 que

73 2642 147 2694 j’erl
169 2655 273 2695 sqay.
300 2659 318 2679 ³)

127 2715 380 2767 Interroguee
402 2714 509 2753 s'elle
536 2713 570 2752 la
592 2714 723 2752 mania
748 2727 799 2753 ou
820 2713 925 2752 baisa
949 2728 956 2752 ε
983 2715 1155 2767 respond
1182 2728 1259 2768 que
1284 2729 1380 2754 non.

128 2786 382 2839 Interroguee
407 2799 446 2824 se
475 2785 617 2838 l'angle
649 2786 717 2838 qui
750 2785 913 2838 l’aporta
948 2787 1084 2825 venoit
1112 2786 1160 2825 de
1182 2787 1306 2833 bault,
1335 2801 1387 2826 ou
1410 2785 1467 2825 s⁷il
1492 2786 1629 2825 vcnoit
1653 2800 1722 2839 par

74 2865 171 2895 terre
199 2872 207 2896 2
235 2857 406 2910 respond
443 2871 449 2895 :
483 2873 501 2893 «
536 2857 563 2895 Il
587 2858 672 2895 vint
697 2857 743 2895 de
779 2857 888 2895 hault
914 2872 955 2905 »ς
983 2868 1020 2896 et
1053 2858 1216 2905 entend,
1245 2857 1271 2896 il
1292 2859 1430 2897 venoit
1454 2871 1521 2911 par
1546 2857 1580 2896 le
1606 2871 1719 2896 com-

75 2927 328 2967 mandeinent
350 2929 397 2967 de
419 2937 550 2967 nostre
571 2927 792 2980 Seigneur3
817 2936 854 2967 et
873 2938 981 2967 entra
1005 2943 1072 2981 par
1094 2929 1195 2982 l'uys
1217 2928 1264 2968 de
1284 2929 1320 2968 la
1341 2929 1540 2968 chambre.

129 3000 380 3051 Interroguee
412 3014 449 3038 se
476 2998 617 3052 l’angle
658 3000 793 3038 venoit
824 3013 892 3052 par
924 3010 1041 3047 terre,
1079 3011 1116 3040 et
1150 3001 1271 3040 erroit
1302 3001 1442 3054 depuis
1475 3000 1574 3052 l’uys
1605 2998 1651 3038 de
1683 2999 1718 3038 la

76 3070 259 3109 chambre.
286 3085 292 3109 :
317 3071 503 3124 respond,
531 3081 651 3124 quant
677 3071 702 3109 il
732 3072 816 3109 vint
836 3071 978 3110 devant
1000 3070 1035 3111 le
1059 3087 1144 3125 roy,
1173 3072 1198 3111 il
1227 3072 1286 3111 fist
1320 3073 1530 3111 reverence
1555 3085 1604 3110 au
1630 3084 1716 3124 roy,
