2099 3356
316 200 399 242 320
593 185 750 228 moetas
782 199 838 228 DE
871 199 1220 228 CONDAMNA'HON
1251 183 1313 228 'DE
1345 199 1510 241 JEANNE
1550 186 1673 228 o'ARc

314 293 481 342 dicits«
512 298 601 356 Ego
625 297 730 341 bene
743 295 870 341 credo
890 296 1009 355 quod
1031 297 1211 341 Ecclesia
1233 297 1422 341 militans
1437 313 1524 341 non
1550 309 1688 355 potest
1709 313 1861 352 errare,
1879 313 1956 342 nec

315 381 517 434 deficere,
546 380 636 434 sed,
661 391 876 438 quantum
903 379 954 424 ad
983 379 1092 423 dicta
1118 393 1160 424 et
1190 380 1296 424 facta
1324 395 1435 432 mea,
1471 395 1552 438 ego
1598 396 1715 438 pono
1748 382 1836 439 ipsa
1863 389 1872 406 ¹
1915 393 1956 425 et

314 464 450 509 refero
474 480 524 508 ex
545 477 638 507 toto
659 462 710 507 ad
734 464 898 516 Deum,
924 465 999 521 qui
1027 463 1125 507 fecit
1154 463 1262 506 mihi
1298 463 1432 507 facere
1459 462 1673 522 quidquid
1699 479 1779 522 ego
1808 463 1900 508 feci.
1930 480 1951 504 »

314 550 421 592 Item
448 547 549 591 dicit
575 547 692 605 quod
717 546 935 591 submittit
955 562 998 590 se
1019 547 1129 598 Deo,
1167 562 1247 590 suo
1274 548 1472 600 creatori,
1507 548 1582 604 qui
1617 546 1696 590 sibi
1731 546 1830 591 fecit
1866 547 1954 590 haec

315 630 448 675 facere
465 648 475 685 3
495 644 535 674 et
562 646 605 674 se
627 630 753 674 refert
777 629 827 674 ad
857 631 1001 689 ipsum
1027 643 1068 674 et
1095 629 1145 674 ad
1168 631 1384 689 propriam
1409 645 1632 688 personam
1656 646 1795 674 suam.

373 715 636 772 Interrogata
656 730 708 758 an
735 714 838 758 velit
865 713 1004 758 dicere
1031 712 1148 772 quod
1187 730 1275 758 non
1303 712 1428 757 habet
1455 713 1643 771 judicem
1669 716 1711 758 in
1744 715 1876 766 terris,
1915 727 1956 758 et

314 814 367 841 an
395 796 602 842 dominus
623 811 770 841 noster
790 798 902 855 Papa
931 799 1043 841 sitne
1077 796 1205 855 judex
1241 798 1359 854 ejus:
1399 796 1646 855 respondit:
1688 814 1708 837 «
1742 798 1830 855 Ego
1867 813 1954 841 non

313 881 453 925 dicam
478 881 599 925 vobis
627 880 677 925 de
704 881 785 924 hoc
809 879 940 924 aliud.
970 881 1057 939 Ego
1091 880 1228 924 habeo
1261 880 1426 924 bonum
1460 882 1730 938 magistrum,
1759 879 1957 924 videlicet

319 966 474 1018 Deum,
504 964 553 1007 ad
580 980 710 1022 quem
741 980 821 1022 ego
840 977 1036 1022 exspecto
1059 979 1128 1007 me
1155 963 1207 1007 de
1234 976 1344 1016 toto,
1369 976 1409 1007 et
1435 980 1523 1008 non
1546 963 1596 1007 ad
1621 964 1769 1008 alium.
1803 981 1823 1004 »

374 1049 498 1101 Item,
524 1064 622 1092 cum
652 1049 687 1090 ei
713 1047 927 1091 diceretur
959 1046 1093 1106 quod,
1133 1048 1167 1090 si
1192 1062 1281 1090 non
1323 1047 1449 1108 vellet
1491 1047 1661 1092 credere
1698 1047 1892 1091 Ecclesiae
1916 1059 1958 1091 et

315 1132 446 1174 etiam
474 1130 642 1175 credere
670 1131 792 1175 illum
821 1131 1052 1175 articulum
1086 1132 1218 1174 Unam
1246 1140 1427 1174 sanctam
1453 1131 1672 1175 Ecclesiam
1706 1131 1953 1182 catholicam,

315 1216 401 1273 ipsa
429 1227 537 1259 esset
565 1215 761 1258 haeretica
796 1214 877 1259 hoc
912 1213 1183 1267 sustinendo,
1220 1227 1260 1258 et
1293 1230 1366 1272 per
1400 1214 1505 1258 alios
1545 1213 1705 1271 judices
1735 1215 1957 1272 puniretur

316 1315 443 1357 poena
470 1299 600 1356 ignis:
630 1297 853 1357 respondit
875 1306 887 1323 ²
909 1315 916 1341 :
935 1317 955 1340 «
987 1298 1074 1356 Ego
1094 1313 1183 1341 non
1205 1296 1344 1341 dicam
1369 1296 1489 1341 vobis
1510 1296 1561 1341 de
1589 1297 1670 1342 hoc
1693 1296 1824 1342 aliud.
1849 1298 1899 1341 Et
1922 1300 1955 1341 si

314 1398 394 1440 ego
416 1381 606 1426 viderem
630 1384 791 1440 ignem,
823 1398 902 1439 ego
942 1381 1126 1425 dicerem
1163 1394 1302 1425 totum
1340 1380 1444 1425 illud
1469 1380 1587 1440 quod
1624 1380 1720 1425 dico
1748 1380 1885 1435 vobis,
1914 1394 1955 1425 et

316 1482 404 1510 non
432 1465 613 1510 facerem
637 1465 689 1509 de
718 1466 798 1509 hoc
825 1464 957 1509 aliud.
996 1484 1014 1503 »

373 1550 632 1607 Interrogata
659 1562 822 1602 utrum,
846 1551 878 1592 si
905 1557 914 1581 ³
945 1564 1112 1592 sacrum
1140 1548 1389 1593 Concilium
1434 1547 1631 1605 generale
1665 1561 1714 1593 ut
1747 1547 1953 1592 dominus

311 1646 453 1677 noster
477 1634 601 1691 Papa,
627 1633 875 1678 Cardinales
887 1645 927 1676 et
940 1633 1080 1676 caeteri
1105 1631 1156 1675 de
1178 1632 1355 1676 Ecclesia
1375 1644 1515 1675 essent
1540 1630 1624 1685 hic,
1652 1631 1949 1689 ipsa'velletne

315 1876 498 1919 rapporte
521 1866 539 1903 21
564 1866 679 1904 Dieu.
711 1882 728 1900 »
753 1866 845 1903 Item
865 1865 919 1904 dit
939 1879 946 1902 :
974 1882 991 1900 (ι
1014 1866 1058 1914 Je
1074 1878 1167 1918 croy
1191 1866 1279 1904 bien
1303 1878 1379 1918 quc
1400 1863 1559 1917 l’Eglise
1583 1865 1752 1904 militant
1775 1879 1822 1904 ne
1841 1875 1956 1918 peust

311 1951 414 1976 errcr
436 1951 488 1975 ou
512 1936 655 1983 saillirss,
681 1937 793 1984 mais,
815 1946 938 1990 quant
956 1937 975 1974 ἐι
998 1950 1080 1974 mes
1100 1936 1160 1974 diz
1185 1946 1222 1975 et
1243 1950 1324 1974 mes
1343 1935 1430 1984 fais,
1452 1938 1486 1987 je
1506 1936 1560 1975 les
1579 1938 1718 1975 meicts
1738 1946 1774 1976 et
1797 1947 1954 1989 raporte

309 2009 361 2047 du
381 2018 465 2047 tout
490 2011 509 2046 a
534 2009 650 2053 Dieu,
672 2009 738 2061 qui
762 2021 824 2046 me
849 2021 869 2046 a
887 2006 954 2046 fait
975 2006 1069 2046 faire
1095 2021 1137 2046 ce
1161 2021 1237 2061 que
1262 2008 1296 2059 je
1317 2021 1365 2060 ay
1393 2006 1474 2046 fait.
1505 2024 1522 2043 »
1544 2009 1635 2046 Item
1657 2008 1713 2047 dit
1738 2007 1885 2061 qu'elle
1913 2022 1954 2047 se
2015 2029 2018 2033 ›

310 2079 489 2119 submect
513 2080 533 2118 it
557 2080 673 2127 Dieu,
697 2093 768 2118 son
792 2081 981 2126 creamur,
1005 2080 1071 2132 qui
1100 2079 1167 2132 luy
1191 2092 1211 2117 a
1233 2077 1303 2117 fait
1328 2078 1445 2125 faire;
1483 2089 1519 2118 et
1546 2079 1625 2118 s’en
1649 2088 1806 2132 raporte
1831 2079 1850 2117 a
1866 2079 1949 2132 luy,

311 2153 331 2189 a
353 2166 391 2190 sa
416 2165 615 2204 personne
639 2164 797 2204 propre.

367 2224 472 2270 Item,
499 2223 750 2275 interroguee
773 2221 878 2260 s'elle
899 2221 1004 2260 vcult
1026 2222 1108 2260 dire
1140 2221 1283 2275 qu’elle
1307 2222 1399 2260 n‘ait
1431 2223 1545 2275 point
1578 2221 1625 2260 de
1653 2222 1744 2275 juge
1769 2235 1817 2260 en
1838 2231 1954 2270 terre,

312 2304 347 2333 et
370 2308 408 2333 se
435 2304 567 2333 nostre
590 2296 691 2332 saint
710 2295 800 2346 pere
825 2293 859 2332 le
884 2294 986 2346 Pape
1003 2303 1060 2332 est
1082 2294 1196 2345 point
1218 2306 1291 2331 son
1312 2295 1402 2345 juge
1422 2307 1428 2330 :
1455 2293 1627 2345 respond
1651 2305 1657 2331 :
1685 2309 1702 2328 «
1719 2294 1763 2341 Je
1786 2306 1835 2332 ne
1855 2306 1956 2332 vous

312 2380 359 2404 en
384 2366 493 2418 diray
514 2375 621 2404 autre
646 2365 781 2403 chose.
812 2364 883 2413 J’ai
915 2364 993 2403 bon
1019 2365 1193 2411 maistre,
1220 2363 1313 2402 c’est
1336 2364 1510 2402 assavoir
1533 2373 1664 2402 nostre
1698 2364 1906 2417 Seigneur,
1936 2365 1957 2403 ὲ

313 2438 378 2491 qni
404 2438 438 2489 je
459 2450 520 2475 me
545 2436 684 2475 actend
704 2437 754 2475 du
771 2445 872 2483 tout,
899 2446 935 2474 et
955 2449 1035 2474 non
1060 2436 1080 2474 ὲ
1105 2445 1226 2474 autre.
1255 2452 1273 2471 »

371 2510 461 2547 Item
495 2508 562 2560 luy
607 2507 665 2546 fut
708 2508 761 2546 dit
791 2521 883 2560 que,
922 2507 1029 2546 s’elle
1072 2521 1120 2545 ne
1145 2506 1301 2545 vouloit
1343 2507 1468 2545 croire
1514 2506 1674 2559 l’Eglise
1713 2517 1750 2545 et
1795 2506 1956 2546 l’article

313 2579 509 2618 Ecclesiam
533 2584 693 2617 sanctam
716 2578 945 2626 catholicam,
970 2577 1112 2631 qu'elle
1144 2579 1265 2617 seroit
1288 2578 1493 2630 heretique
1525 2578 1571 2616 de
1606 2577 1641 2616 le
1677 2578 1888 2626 soustenir,
1919 2587 1955 2617 et

314 2652 433 2690 seroit
454 2651 601 2703 pugnie
623 2650 764 2688 d’estre
788 2663 870 2688 arse
896 2663 962 2702 par
993 2649 1027 2688 la
1054 2659 1238 2688 sentence
1273 2649 1442 2687 d'autres
1470 2648 1608 2702 juges:
1641 2649 1840 2701 respond:
1870 2665 1888 2685 «
1912 2650 1956 2698 Je

316 2735 363 2760 ne
386 2736 484 2760 vous
503 2735 551 2760 en
576 2722 688 2774 diray
706 2731 814 2760 autre
839 2722 984 2769 chose,
1011 2730 1048 2759 et
1073 2735 1112 2759 se
1134 2722 1167 2773 je
1189 2733 1314 2772 veoye
1339 2719 1374 2758 le
1399 2719 1480 2769 feu,
1513 2721 1544 2758 si
1579 2720 1773 2773 diroye-je
1803 2730 1890 2759 tout
1911 2733 1954 2758 cc

315 2806 389 2846 que
414 2794 447 2844 je
467 2806 566 2832 vous
591 2793 658 2845 dy,
683 2803 718 2831 et
741 2792 829 2831 n'en
853 2791 989 2844 feroye
1014 2801 1123 2830 autre
1145 2792 1280 2830 chose.
1312 2807 1330 2828 2>

371 2865 623 2917 Interroguee
649 2878 687 2902 se
709 2863 743 2902 le
766 2863 927 2902 Conseil
956 2863 1131 2915 general,
1155 2875 1312 2902 comme
1335 2872 1467 2901 nostre
1491 2863 1600 2902 Saint
1622 2863 1732 2910 Pere,
1748 2862 1802 2901 les
1827 2862 1954 2901 cardi-

372 3095 398 3118 1.
420 3083 514 3118 ΑΒΕ
531 3093 563 3118 et
583 3084 615 3127 Q
630 3096 639 3117 :
661 3085 776 3130 ipsam.
803 3104 848 3108 —
871 3093 903 3117 2.
924 3083 951 3117 Β
971 3094 1014 3117 en
1032 3094 1149 3128 marge
1174 3093 1180 3116 :
1204 3082 1347 3128 Superba
1370 3084 1543 3129 responsio.
1573 3103 1619 3108 —
1640 3093 1669 3127 3.
1691 3082 1722 3117 C
1737 3091 1836 3117 omet
1857 3083 1899 3116 sl.

2086 2623 2099 2656 ε’..
2092 2607 2099 2619 Α
2087 2562 2099 2603 ank
2085 2482 2099 2558 affin*
2086 2407 2099 2477 ‘A
2086 2402 2090 2403 ¹
2084 2332 2099 2398 ..mv

2088 2933 2099 2960 ,ει
2084 2823 2099 2928 ..θεν-«κῃ
2082 2661 2099 2809 naban-„25

2083 3065 2099 3191 »naha-eo«
2087 3034 2099 3059 ’.ιε’
2087 2997 2099 3028 ιι.
2089 2976 2099 2990 -.-
