2099 3356
333 184 410 230 150
594 176 751 218 PRocfss
794 189 848 217 DE
888 189 1241 218 CONDAMNATION
1284 190 1338 218 DE
1375 191 1538 231 JEANNE
1571 177 1698 220 13³1ch

326 289 456 338 cellis,
477 289 521 331 in
550 304 664 331 sacra
692 288 912 345 theologia
941 287 1193 342 baclialarii;
1224 315 1280 319 ——
1300 289 1506 333 Nicolaus
1532 290 1749 334 Loisellem-
1775 299 1802 342 ¹,
1833 306 1967 335 cano—

324 373 445 415 nicus
466 371 650 415 ecclesiae
674 370 1053 429 Rothomagensis,
1082 385 1122 415 et
1141 371 1266 415 frater
1288 371 1580 416 Ysanibardus
1600 371 1651 417 de
1679 374 1817 427 Petra,
1851 373 1965 418 ordi-

326 456 391 498 nis
414 456 611 498 Fratrum
634 454 982 499 Praedicatorum.

383 538 556 591 Quibus
583 539 638 581 sic
665 554 808 582 coram
837 537 961 582 nobis
986 546 1000 563 ²
1026 538 1343 592 exsistentibus,
1368 539 1495 583 relata
1525 539 1700 584 fuerunt
1737 541 1964 594 nonnulla,

325 638 423 680 quae
450 621 695 666 notabiliter
730 634 771 665 et
797 621 1027 665 scientifice
1056 638 1128 680 per
1159 623 1438 681 quamplures
1467 623 1683 667 dictorum
1715 622 1960 677 doctorum,

324 705 608 750 dominorum
635 718 675 749 et
703 707 1007 765 magistrorum
1033 706 1263 764 compilata
1284 719 1325 750 et
1347 705 1534 750 advisata
1557 706 1726 751 fuerant
1756 709 1799 751 in
1829 721 1968 751 mate—

324 789 398 831 ria.
423 787 596 841 Quibus
616 788 734 841 visis,
756 801 797 831 et
821 787 977 832 auditis
1004 788 1286 846 opinionibus
1319 789 1608 847 singulorum,
1636 803 1679 834 et
1713 791 1839 849 longa
1866 808 1966 835 cum

323 873 382 915 eis
419 871 560 914 habita
598 871 844 925 collatione,
882 872 1174 916 conclusimus
1210 886 1251 916 et
1286 873 1584 917 ordinavimus
1619 874 1736 932 quod
1768 874 1839 918 illa
1871 891 1968 932 quae

323 956 437 1013 prius
458 971 507 998 ex
532 956 710 1013 registro
742 955 1067 999 confessionum
1099 955 1311 1014 praedictae
1343 956 1554 1013 Johannae
1591 970 1771 1002 extracta
1800 957 1969 1002 fuerant

324 1041 366 1081 in
387 1040 606 1096 pauciores
626 1038 919 1096 redigerentur
938 1040 1155 1093 articulos,
1178 1056 1251 1097 per
1271 1040 1454 1084 modum
1467 1043 1761 1093 ,assertionum
1779 1042 1845 1084 vel
1867 1058 1968 1100 pro—

326 1124 610 1180 positionum.
648 1123 738 1176 Qui
761 1121 952 1181 squidem
996 1124 1161 1167 articuli
1200 1123 1398 1182 deinceps
1431 1125 1611 1182 singulis
1643 1124 1892 1169 doctoribus
1927 1139 1969 1169 et

326 1207 539 1263 magistris
572 1208 1020 1259 communicarentur,
1052 1220 1098 1250 ut
1133 1206 1294 1251 facilius
1322 1224 1417 1252 suas
1441 1207 1770 1252 deliberationes
1794 1208 1967 1253 reddere

325 1289 540 1343 valerent3
587 1305 713 1347 super
753 1290 844 1333 aliis
883 1306 1000 1344 vero,
1040 1307 1091 1333 an
1133 1291 1313 1334 ulterius
1357 1290 1528 1335 deberet
1579 1290 1728 1335 eadem
1770 1291 1968 1348 Johanna

325 1375 575 1430 interrogari
605 1386 644 1416 et
673 1375 923 1427 examinari,
954 1374 1092 1417 taliter
1116 1374 1460 1432 procederemus,
1492 1375 1689 1419 Domino
1718 1374 1965 1433 adjuvante,

324 1457 440 1515 quod
471 1473 534 1500 res
562 1458 648 1515 ipsa
669 1456 949 1501 deduceretur
975 1457 1025 1501 ad
1054 1458 1133 1501 Dei
1158 1457 1328 1502 laudem
1351 1472 1390 1502 et
1417 1458 1515 1503 fidei
1536 1459 1855 1512 exaltationem,
1878 1459 1969 1503 tali-

326 1555 389 1584 ter
406 1540 523 1598 quod
549 1557 767 1599 processus
789 1554 933 1585 noster
955 1541 1129 1584 nullum
1154 1542 1311 1585 vitium
1344 1555 1572 1600 pateretur.

888 1721 1043 1746 SABBATI
1074 1720 1184 1747 XXIV.
1218 1721 1350 1747 MARTII
1377 1717 1404 1747 3.

386 1841 509 1893 Item,
539 1840 606 1883 die
624 1840 783 1884 sabbati
811 1840 1057 1885 immediate
1085 1842 1298 1899 sequenti,
1327 1855 1467 1885 xxnn.
1493 1840 1594 1885 dicti
1625 1843 1784 1885 mensis
1809 1843 1965 1896 martii,

327 1923 651 1982 praesidentibus
673 1926 713 1967 in
745 1924 840 1968 loco
870 1926 1042 1968 carceris
1071 1924 1194 1968 dictae
1226 1925 1437 1980 Johannae
1470 1926 1672 1983 magistro
1691 1926 1890 1981 Johanne
1916 1924 1968 1969 de

327 2009 476 2062 Fonte,
493 2009 788 2052 commissario
810 2022 956 2052 nostro
974 2010 1159 2066 episcopi
1175 2008 1379 2066 praedicti,
1401 2021 1441 2052 et
1459 2007 1599 2062 nobis,
1624 2008 1749 2053 fratre
1770 2008 1969 2065 Johanne

329 2093 534 2149 Magistri,
555 2093 712 2135 vicario
732 2092 900 2135 domini
922 2092 1194 2150 Inquisitoris
1213 2091 1402 2150 praedicti
1422 2110 1433 2146 ;
1465 2105 1506 2135 et
1531 2084 1823 2136 assistentibus
1843 2108 1970 2136 vene-

329 2175 528 2219 rabilibus
554 2174 742 2218 dominis
764 2189 803 2218 et
829 2177 1055 2233 magistris,
1072 2175 1271 2231 Johanne
1295 2175 1616 2234 Pulchripatris,
1639 2175 1821 2220 Nicolao
1836 2176 1966 2228 Maii,

330 2260 454 2302 Petro
476 2259 669 2302 Mauricii
685 2273 725 2302 et
744 2258 1167 2315 GerardoFueilleti,
1187 2259 1464 2314 doctoribus,
1490 2272 1530 2302 et
1555 2259 1730 2303 Tlioma
1757 2258 1808 2303 de
1832 2259 1969 2303 Cour-

329 2341 443 2385 cellis
471 2341 709 2385 baclialario
736 2351 753 2373 ⁴
781 2343 823 2384 in
854 2358 965 2385 sacra
999 2341 1246 2398 tlieologia3
1281 2355 1322 2384 et
1361 2343 1563 2399 magistro
1594 2341 1885 2399 Inguerrando
1917 2341 1969 2386 de

331 2424 746 2482 Campo-Rotundo,
769 2424 940 2468 officiali
979 2426 1315 2478 constantiensi,
1345 2424 1426 2468 fuit
1468 2425 1626 2468 lectum
1668 2426 1893 2482 registrum
1923 2427 1966 2469 in

329 2524 417 2566 quo
445 2510 800 2565 interrogationes
830 2517 839 2541 ³
873 2522 913 2551 et
946 2510 1246 2567 responsiones
1282 2507 1472 2565 ejusdem
1504 2508 1713 2564 Joliannae
1745 2510 1969 2552 continen-

330 2606 413 2645 tur,
434 2607 578 2634 coram
603 2593 704 2649 ipsa,
727 2593 865 2634 verbis
889 2592 1063 2648 gallicis,
1090 2608 1164 2649 per
1189 2591 1475 2635 Guillelmum
1502 2592 1723 2642 Manchon,
1751 2593 1968 2635 notarium

332 2675 437 2718 infra
458 2676 680 2732 scriptum.
709 2674 805 2724 Sed,
828 2688 1058 2732 antequam
1080 2674 1334 2731 hujusmodi
1364 2674 1522 2718 lectura
1554 2674 1845 2727 inchoaretur,
1874 2690 1968 2731 pro-

333 2771 477 2801 motor
503 2774 525 2800 a
553 2757 676 2800 nobis
705 2757 947 2815 deputatus,
983 2759 1178 2816 superius
1210 2759 1473 2810 nominatus,
1512 2759 1585 2816 qui
1620 2757 1780 2801 ibidem
1809 2756 1966 2811 aderat,

332 2831 491 2886 obtulit
510 2857 553 2884 se
573 2840 852 2898 probaturum
877 2852 1078 2883 contenta
1098 2842 1141 2883 in
1166 2840 1280 2884 dicto
1308 2841 1501 2898 registro,
1531 2853 1618 2883 tam
1643 2841 1969 2898 interrogatoria

387 3037 414 3059 1.
442 3025 472 3059 C
495 3038 504 3059 :
526 3024 705 3058 Loiseleur.
724 3035 767 3048 ³-
785 3035 817 3058 2.
834 3024 870 3068 Q
888 3033 986 3058 omet
1007 3024 1110 3057 nobis.
1135 3045 1177 3048 —
1204 3035 1231 3068 3.
1253 3024 1304 3057 En
1322 3035 1444 3069 marge
1470 3024 1513 3057 de
1529 3023 1627 3058 ΑΒΕ
1645 3023 1695 3068 (C
1711 3024 1828 3070 ajoute
1848 3025 1968 3058 mensis

333 3085 461 3118 devant
479 3083 633 3127 Martii).
653 3104 699 3108 —
718 3093 752 3125 4.
775 3083 804 3118 C
825 3096 834 3116 .·
853 3083 1030 3117 lvacalario.
1054 3104 1097 3107 —
1120 3093 1149 3126 5.
1171 3083 1201 3116 C
1218 3091 1315 3117 omet
1333 3083 1369 3116 in
1389 3095 1450 3128 quo
1467 3084 1751 3127 intermqatz'ones.

2084 741 2099 802 m»
2072 435 2099 727 ·—‘..¹A·.*n·-.-4mr!‡n

2090 1463 2099 1471 .
2080 1044 2099 1402 -.«›=nae-m,-.-..'.-n.um
2084 811 2099 1032 &Au-numm·-
