2099 3356
374 222 530 264 PRocns
563 234 618 263 DE
650 232 1002 264 CONDAMNATION
1036 233 1092 262 DE
1123 234 1287 275 Jmnun
1319 219 1448 264 D'ARc
1683 233 1731 274 19

360 415 452 444 ITEM
481 414 489 431 ¹
517 416 716 448 SEQUITUR
744 416 877 444 TENOR
905 415 1159 444 LITTERARUM
1182 416 1464 444 NOTARIORUM.

145 565 164 586 «
183 548 391 588 Universis
414 557 627 601 prce-sentes
652 547 799 587 litteras
837 547 1088 601 inspecturis,
1120 549 1272 593 Petrus,
1303 548 1560 587 miseratione
1603 549 1737 588 divina

92 621 340 661 Belvaeensis
356 621 585 674 episcopus,
603 630 678 659 etc.
697 629 726 658 2.
747 620 900 659 Notum
925 620 1046 672 igitur
1065 618 1234 659 facimus
1247 620 1354 674 quod
1379 633 1467 667 nos,
1484 619 1739 659 deliberatio-

90 706 182 733 nem
207 702 245 731 et
265 692 478 745 consilium
521 691 753 744 hujusmodi
796 705 839 730 ac
875 692 1068 730 terminos
1086 692 1182 745 juris
1207 691 1365 745 insequi
1389 691 1586 741 volentes,
1620 706 1663 731 ac
1687 693 1735 731 de

90 764 293 812 fidelitate,
317 763 529 817 probitate,
557 763 766 811 industria,
791 762 1030 802 sufficientia
1060 772 1098 803 et
1131 763 1348 802 idoneitate
1372 777 1635 816 personarum
1654 765 1736 802 dis—

91 846 291 876 cretorum
316 836 494 875 virorum
528 835 789 874 dominorum
810 834 1019 874 Guillelmi
1051 835 1185 883 Colles,
1211 835 1306 874 alias
1330 835 1621 889 Boisguillaume
1642 845 1669 883 ³,
1700 845 1738 875 et

89 907 296 948 Guillelmi
313 907 543 954 M1111cl10114,
570 907 891 960 presbyterorum
913 907 1251 960 Rothomagensis
1264 907 1465 955 dioecesis,
1480 907 1737 961 publicorum

88 979 304 1034 apostolica
330 989 367 1018 et
398 978 594 1032 imperiali
616 979 916 1018 auctoritatibus
931 992 975 1018 ac
994 979 1111 1018 curiae
1138 979 1489 1032 archiepiscopalis
1517 980 1738 1018 Rothoma-

89 1052 221 1105 gensis
262 1052 509 1091 notariorum
536 1052 771 1104 juratorum,
802 1050 962 1104 plenam
991 1051 1031 1089 in
1064 1051 1243 1090 Domino
1272 1050 1461 1090 fiduciam
1488 1060 1670 1104 gerentes
1701 1060 1738 1090 et

92 1123 222 1163 debite
247 1123 450 1163 informati
469 1137 477 1171 ;
497 1123 785 1162 interveniente
809 1123 944 1170 etiam,
971 1132 1166 1176 quantum
1188 1128 1198 1155 5
1233 1136 1335 1175 opus
1357 1132 1452 1171 erat,
1476 1136 1674 1162 consensu
1701 1132 1739 1162 et

91 1196 321 1235 auctoritate
336 1194 627 1234 venerabilium
641 1195 881 1233 vicariorum
897 1194 1260 1248 archiepiscopatus
1279 1195 1630 1248 Rothomagensis,
1646 1195 1738 1234 sede

90 1277 252 1307 vacante
271 1283 280 1307 2
308 1268 417 1321 ipsos
438 1276 475 1306 et
498 1266 719 1321 quemlibet
746 1267 926 1320 ipsorum
949 1267 964 1292 6
989 1266 1243 1313 retinuimus,
1270 1266 1467 1320 elegimus
1488 1276 1526 1305 et
1550 1267 1737 1306 nomina-

91 1340 238 1388 vimus,
265 1339 497 1386 retinemus,
521 1339 708 1392 eligimus
727 1348 765 1378 et
786 1339 1045 1377 nominamus
1074 1339 1250 1377 notarios
1279 1348 1315 1378 et
1348 1337 1493 1377 scribas
1512 1339 1552 1377 in
1578 1339 1739 1378 materia

91 1421 128 1450 et
143 1425 258 1450 causa
277 1411 508 1465 hujusmodi
530 1425 538 1459 ;
564 1410 701 1449 dantes
714 1411 833 1449 etiam
850 1410 999 1449 eisdem
1017 1420 1054 1449 et
1079 1410 1242 1449 cuilibet
1258 1410 1495 1449 eorumdem
1519 1410 1737 1458 licentiam,

91 1482 318 1522 facultatem
337 1492 375 1522 et
398 1483 675 1521 auctoritatem
696 1482 911 1521 accedendi
933 1482 979 1521 ad
1000 1482 1251 1534 praesentiam
1269 1482 1384 1521 dictae
1400 1483 1603 1533 ‘Johannze
1615 1492 1653 1521 et
1667 1483 1741 1521 alia

91 1554 192 1602 loca,
218 1554 287 1593 ubi
313 1564 350 1593 et
368 1554 529 1608 quando
554 1563 592 1593 et
609 1555 796 1607 quotiens
815 1567 916 1607 opus
940 1553 1057 1593 fuerit
1080 1569 1088 1601 3
1112 1568 1197 1593 ean]
1220 1554 1508 1607 interrogandi,
1532 1568 1601 1593 seu
1618 1555 1739 1593 inter-

93 1627 221 1679 rogari
240 1626 444 1674 audiendi,
465 1635 583 1665 testes
606 1626 887 1679 producendos
910 1625 949 1664 in
973 1626 1057 1679 ipsa
1078 1625 1241 1665 materia
1265 1625 1437 1678 jurandi,
1466 1626 1737 1675 examinandi,

91 1708 128 1737 et
146 1699 272 1751 ipsius
295 1698 490 1747 Johannae
514 1712 558 1737 ac
579 1698 779 1737 dictorum
801 1698 964 1737 testium
980 1697 1083 1736 dicta
1103 1707 1139 1736 et
1158 1695 1449 1745 confessiones,
1474 1712 1631 1737 necnon
1652 1698 1741 1751 opi—

91 1771 232 1809 niones
257 1770 467 1809 doctorum
490 1780 526 1809 et
548 1770 829 1823 magistrorum
854 1769 1131 1823 recolligendi,
1152 1769 1275 1809 verbo
1293 1779 1408 1809 tenus
1433 1769 1495 1808 vel
1521 1770 1560 1808 in
1585 1770 1740 1822 scriptis

94 1841 207 1881 nobis
233 1841 444 1890 referendi,
466 1856 509 1881 ac
531 1843 667 1881 omnia
692 1852 730 1881 et
751 1841 908 1895 singula
929 1851 1013 1881 acta
1032 1842 1072 1880 in
1094 1841 1167 1880 hac
1192 1842 1355 1881 materia
1378 1841 1479 1881 facta
1498 1851 1536 1881 et
1558 1841 1739 1880 facienda

94 1914 133 1952 in
158 1914 314 1967 scriptis
337 1914 531 1967 ponendi,
558 1927 602 1952 ac
623 1923 753 1953 totum
771 1927 1006 1967 processum
1043 1914 1082 1952 in
1107 1913 1236 1953 forma
1266 1913 1396 1952 debita
1425 1913 1611 1960 faciendi,
1639 1923 1676 1952 et
1701 1915 1740 1952 in

92 1986 247 2039 scriptis
272 1986 492 2039 redigendi,
520 1995 741 2040 caeteraque
776 1985 960 2034 faciendi,
989 1995 1110 2039 prout
1133 1985 1180 2025 ad
1209 1986 1458 2025 notariorum
1487 1984 1665 2025 officium
1692 1985 1739 2024 de

91 2058 174 2110 jure
198 2058 383 2111 pertinet,
399 2057 644 2111 ubicumque
660 2067 697 2097 et
718 2058 1056 2111 quandocumque
1073 2056 1192 2096 fuerit
1213 2067 1508 2111 opportunum.
1553 2058 1597 2096 In
1628 2058 1741 2109 cujus

94 2130 147 2168 rei
172 2129 467 2178 testimonium,
486 2140 561 2169 etc.
583 2139 612 2168 7.
642 2146 660 2166 »

389 2316 481 2343 ITEM
504 2304 520 2331 S
545 2316 746 2347 SEQUITUR
758 2316 889 2343 TENOR
909 2304 1162 2344 LITTERARUM
1183 2316 1439 2344 CONSILIARII.

150 2465 167 2485 «
195 2448 402 2488 Universis
423 2457 635 2501 praesentes
666 2447 813 2486 litteras
845 2448 1097 2501 inspecturis,
1135 2449 1287 2494 Petrus,
1317 2448 1572 2487 miseratione
1606 2448 1740 2487 divina

96 2520 343 2561 Belvacensis
358 2520 589 2573 episcopuS,
615 2529 691 2559 etc.
718 2529 747 2558 9.
771 2521 923 2559 Notum
940 2520 1060 2573 igitur
1076 2519 1244 2559 facimus
1260 2519 1369 2573 quod
1386 2534 1475 2569 nos,
1488 2519 1740 2559 deliberatio-

97 2605 188 2632 nem
211 2602 250 2632 et
269 2591 485 2632 consilium
510 2592 742 2644 hujusmodi
766 2605 809 2631 ac
842 2592 1037 2631 terminos
1066 2592 1161 2645 juris
1195 2592 1351 2645 insequi
1378 2591 1575 2639 volentes,
1613 2605 1657 2631 ac
1691 2592 1738 2631 de

148 2790 177 2813 1.
192 2779 288 2814 ΑΒΕ
304 2790 347 2814 en
369 2791 489 2826 marge
510 2791 516 2814 :
540 2779 649 2813 Tenor
671 2779 864 2814 litterarmn
890 2779 1166 2812 notariorum.—-
1191 2788 1223 2812 2.
1241 2778 1308 2813 Les
1321 2778 1563 2813 considerants
1586 2787 1667 2813 sont
1689 2779 1740 2813 les

100 2840 234 2873 memes
261 2851 327 2885 que
354 2840 441 2874 dans
471 2839 570 2873 l'acte
595 2840 795 2886 precedent,
826 2851 858 2885 p.
893 2849 946 2883 17,
969 2838 1152 2884 jusqu'aux
1180 2847 1272 2873 mots
1299 2839 1438 2872 materia
1461 2838 1668 2883 fiendarztm.
1696 2859 1742 2863 —

103 2908 132 2941 3.
158 2898 215 2933 C:
236 2899 515 2944 Bosqqnillaume,
549 2920 595 2924 —-
629 2909 661 2941 4.
685 2899 712 2932 R
735 2911 743 2932 .·
765 2898 923 2934 Machon.
954 2919 1000 2922 —
1025 2908 1053 2941 5.
1079 2897 1113 2942 Q
1137 2910 1147 2931 .·
1167 2897 1252 2944 quod
1269 2903 1352 2931 lum.
1375 2919 1421 2923 —
1439 2896 1472 2932 6.
1496 2898 1564 2933 AC
1582 2910 1592 2932 .·
1613 2910 1738 2932 eorum.

100 2978 142 2982 ——
167 2969 198 3003 7.
217 2959 264 2993 Le
282 2968 371 2993 reste
389 2970 532 2993 comme
553 2960 640 2993 dans
670 2958 770 2993 l’acte
799 2958 999 3004 precedent,
1026 2970 1059 3004 p.
1095 2959 1147 3000 18,
1171 2958 1251 2993 sauf
1270 2957 1319 2992 les
1340 2958 1512 2992 variantes
1531 2959 1710 2993 suivantes
1731 2971 1737 2991 ;

100 3018 194 3052 ABC
210 3030 218 3051 .·
236 3019 358 3052 Actum
378 3023 407 3052 et
427 3020 585 3052 datum...
603 3031 613 3058 ,·
631 3018 698 3053 AC
723 3030 732 3051 :
750 3019 899 3052 canonici
915 3018 1049 3052 ecclesiae
1066 3017 1330 3062 Rothomagensis
1346 3030 1357 3059 ;
1374 3018 1402 3052 B
1423 3030 1433 3052 .·
1452 3019 1603 3052 canonici
1626 3018 1741 3053 Rotho-

100 3079 260 3121 nmgensis
276 3078 412 3113 ecclesiae
430 3092 442 3119 ‚·
459 3078 490 3112 A
514 3090 525 3112 .·
542 3078 705 3115 Rosieres.
725 3097 772 3103 --
790 3080 824 3112 8.
846 3077 940 3112 ABG
959 3089 1004 3113 en
1028 3089 1150 3123 marge
1168 3089 1174 3111 :
1196 3077 1303 3112 Tenor
1323 3078 1514 3112 litterarium
1532 3078 1738 3112 consiliarii.

101 3157 145 3161 —
171 3147 203 3182 9.
233 3137 263 3171 A
285 3138 402 3184 ajoute
423 3138 562 3172 salutem
585 3139 619 3171 in
637 3138 796 3172 Domino.
