2099 3356
393 184 550 228 pRoci'zs
583 197 639 227 DE
671 196 1023 227 CONDAMNATION
1060 197 1115 226 DE
1146 197 1313 239 JEANNE
1345 181 1472 225 D’ARC
1670 192 1748 237 235

107 298 273 354 lumine
299 298 531 356 spirituali3
553 309 595 341 et
622 312 715 341 raro
744 296 870 340 habet
891 296 1186 350 revelationes,
1214 297 1321 355 quin
1348 294 1406 339 ibi
1433 296 1486 339 sit
1509 295 1673 338 lumen.
1698 319 1754 324 -—

106 381 368 438 Interrogata
388 378 615 439 quomodo
638 394 708 423 rex
728 395 830 423 suus
854 379 1106 423 adhibuerat
1126 379 1257 423 fidem
1280 378 1403 423 dictis
1427 380 1518 435 ejus
1542 394 1550 420 :
1579 392 1755 435 respon·

106 464 167 509 dit
185 463 303 522 quod
326 465 414 522 ipse
428 462 568 522 [inde]
585 463 763 507 habebat
787 463 898 507 bona
923 464 1186 521 intersignia,
1208 475 1249 506 et
1275 477 1348 520 per
1370 463 1546 506 clerum.
1565 486 1621 490 -—
1642 461 1751 503 Item

106 547 212 592 dixit
235 545 353 605 quod
375 532 513 592 clerici
539 546 591 591 de
614 562 687 591 sua
710 559 824 604 parte
849 547 1023 590 fuerunt
1044 556 1050 571 ¹
1087 547 1216 604 hujus
1237 546 1473 604 opinionis,
1497 543 1615 604 quod
1638 542 1754 587 vide-

107 631 230 675 batur
256 630 331 684 eis,
354 632 397 674 in
426 631 537 674 facto
564 632 671 688 ejus,
696 646 783 674 non
813 645 902 674 esse
936 631 1017 673 nisi
1047 630 1229 674 bonum.

166 715 290 768 Item,
312 716 436 772 jovis,
464 715 601 772 prima
621 715 777 767 martii,
802 715 1062 772 interrogata
1077 715 1110 757 si
1136 729 1207 758 rex
1224 729 1328 757 suus
1345 712 1524 756 habebat
1545 727 1752 755 coronam

108 796 255 840 Remis
287 814 294 841 :
326 797 546 856 respondit
567 796 685 855 quod
712 798 871 855 cogitat
898 797 1017 855 quod
1040 812 1238 841 rex-suus
1263 798 1373 855 cepit
1398 808 1614 854 gratanter
1634 795 1751 838 illam

106 896 237 939 quam
261 882 428 925 invenit
445 882 592 925 Remis
608 898 619 935 ;
637 880 708 924 sed
727 896 810 924 una
828 880 934 924 bene
951 881 1158 938 opulenta
1172 880 1256 924 fuit
1276 892 1494 938 apportata
1510 892 1605 937 post
1623 894 1725 923 euni
1743 896 1753 932 3

107 976 149 1008 et
168 964 272 1008 illud
302 964 399 1008 fecit
429 979 504 1022 pro
531 964 778 1008 festinando
804 964 962 1008 factum
985 980 1132 1018 suuni,
1157 963 1206 1007 ad
1237 976 1479 1022 requestam
1502 963 1678 1007 illorum
1703 962 1755 1006 de

107 1047 223 1102 villa,
242 1063 319 1106 pro
336 1047 539 1092 evitando
560 1063 672 1092 onus
689 1047 922 1092 hominum
940 1063 1190 1101 armorum;
1212 1061 1270 1102 et,
1294 1049 1328 1091 si
1348 1049 1435 1105 ipse
1460 1059 1753 1105 exspectasset,

107 1134 195 1191 ipse
215 1131 363 1176 fuisset
385 1144 618 1176 coronatus
636 1147 723 1175 una
751 1147 908 1176 corona
937 1131 1080 1175 ditiori
1110 1131 1329 1175 millesies.
1361 1156 1417 1162 —-
1441 1132 1706 1188 Interrogata
1721 1131 1754 1173 si

105 1214 262 1260 viderit
290 1216 406 1259 illam
434 1230 642 1260 coronam
669 1215 873 1260 ditiorem
904 1232 911 1258 :
943 1215 1164 1273 respondit
1184 1215 1302 1274 quod
1336 1231 1425 1259 non
1455 1226 1594 1273 potest
1618 1213 1756 1258 dicere

106 1302 198 1344 sine
226 1282 545 1358 perjurando&
573 1313 628 1353 et,
665 1301 697 1342 si
727 1314 816 1343 non
845 1299 1015 1353 viderit,
1043 1301 1130 1357 ipsa
1157 1299 1323 1343 audivit
1351 1297 1434 1343 dici
1459 1297 1576 1357 quod
1604 1309 1665 1342 est
1694 1298 1752 1342 sic

109 1384 332 1442 opulenta.
1374 1378 1378 1382 “

165 1469 291 1521 Item,
325 1467 501 1521 sabbati,
531 1467 697 1512 decima
726 1469 885 1521 martii,
916 1469 1176 1526 interrogata
1204 1465 1323 1526 quod
1348 1478 1410 1510 est
1433 1467 1608 1523 signum
1636 1464 1755 1524 quod

107 1553 224 1595 venit
248 1550 298 1595 ad
320 1566 464 1609 regem
486 1567 615 1595 suum
645 1569 652 1595 :
678 1551 896 1609 respondit
917 1551 1033 1610 quod
1056 1550 1161 1595 illud
1185 1562 1248 1595 est
1274 1550 1522 1608 pulchrum,
1546 1562 1587 1593 et
1612 1549 1757 1593 hono—

106 1635 249 1686 rabile,
276 1648 316 1679 et
345 1635 452 1680 bene
471 1635 690 1689 credibile,
712 1648 754 1679 et
774 1634 892 1694 quod
921 1648 982 1679 est
1007 1635 1192 1689 bonum,
1216 1647 1257 1679 et
1284 1634 1535 1692 opulentius
1555 1632 1676 1692 quod
1703 1634 1757 1677 sit

106 1732 178 1764 aut
199 1721 448 1778 reperiatur,
475 1719 622 1777 gallice
647 1721 680 1763 le
692 1720 902 1778 plusrichc
927 1722 998 1779 qni
1017 1722 1104 1763 soit.
1134 1745 1187 1749 —
1214 1720 1474 1776 Interrogata
1501 1733 1632 1776 quare
1666 1733 1753 1761 non

105 1804 198 1848 vult
227 1805 283 1847 ita
316 1803 424 1847 bene
452 1803 589 1847 dicere
625 1816 666 1847 et
700 1802 927 1847 ostendere
956 1804 1130 1861 signum
1165 1802 1436 1861 praedictum,
1474 1803 1584 1846 sicut
1617 1801 1757 1845 voluit

106 1886 258 1931 habere
276 1889 449 1945 signum
470 1904 492 1931 a
511 1888 745 1931 Katharina
763 1886 813 1931 de
834 1888 896 1931 La
914 1887 1086 1933 Rochelle
1105 1904 1112 1930 :
1132 1886 1354 1945 respondit
1373 1886 1507 1945 quod,
1525 1887 1559 1930 si
1580 1888 1754 1944 signum

105 1972 239 2029 ipsius
254 1971 500 2014 Katharinae
517 1971 667 2014 fuisset
683 1972 738 2014 ita
753 1970 861 2014 bene
874 1983 1114 2024 ostensum,
1132 1969 1260 2029 [sicut
1271 1972 1445 2028 signum
1462 1968 1756 2028 praedictum,]

103 2070 249 2099 coram
286 2054 549 2098 notabilibus
583 2056 779 2113 personis
812 2055 1105 2099 ecclesiasticis
1136 2066 1177 2098 et
1204 2054 1311 2108 aliis,
1348 2054 1681 2112 archiepiscopis
1714 2066 1755 2097 et

103 2139 326 2197 episcopis,
356 2139 514 2183 scilicet
551 2155 696 2183 corani
732 2139 1055 2197 archiepiscopo
1086 2140 1290 2183 Remensi
1325 2150 1365 2182 et
1398 2138 1490 2182 aliis
1524 2138 1753 2196 episcopis,

104 2238 295 2281 quorum
318 2224 451 2267 nescit
474 2224 654 2266 nomina
675 2222 740 2281 (et
763 2222 915 2267 ibimet
938 2235 1057 2266 erant
1080 2223 1262 2266 Karolus
1278 2221 1330 2266 de
1349 2221 1587 2276 Borbonio,
1609 2221 1755 2266 domi-

104 2322 185 2350 nus
203 2306 254 2350 de
277 2306 532 2360 Tremoilla,
556 2305 643 2350 dux
671 2307 918 2361 Alenconii,
941 2320 983 2350 et
1008 2307 1149 2365 plures
1169 2307 1239 2350 alii
1262 2305 1435 2359 milites,
1456 2307 1531 2364 qui
1549 2304 1753 2349 viderunt

104 2404 145 2435 et
169 2390 428 2435 audiverunt
448 2392 505 2434 ita
524 2380 648 2444 bene,
671 2392 781 2435 sicut
803 2392 891 2449 ipsa
914 2390 1030 2434 videt
1051 2407 1124 2434 eos
1146 2391 1221 2449 qui
1238 2390 1480 2448 loquuntur
1503 2388 1617 2447 sibi),
1648 2401 1750 2433 tunc

106 2476 192 2533 ipsa
217 2475 415 2531 Johanna
433 2491 520 2518 non
544 2476 761 2532 petivisset
775 2476 880 2518 scire
904 2476 1079 2532 signum
1098 2474 1220 2518 dictae
1242 2473 1517 2528 Katharinae3
1547 2487 1586 2517 et
1603 2486 1748 2517 tamen

105 2558 211 2602 bene
236 2558 406 2611 sciebat,
435 2574 506 2616 per
532 2571 695 2602 sanctas
723 2558 1005 2602 Katharinarn
1035 2571 1076 2602 et
1106 2559 1405 2615 Margaretam,
1426 2557 1543 2616 quod
1569 2557 1619 2601 de
1641 2557 1752 2601 facto

104 2641 225 2685 dictae
245 2642 491 2686 Katharinae
520 2655 664 2685 totum
693 2641 802 2684 nihil
825 2656 926 2685 erat.
953 2668 1011 2672 ——
1034 2643 1298 2699 Interrogata
1324 2643 1356 2685 si
1385 2640 1551 2685 dictum
1574 2643 1749 2699 signum

101 2725 241 2770 adhuc
269 2725 394 2770 durat
425 2724 671 2783 :respondit
694 2725 813 2783 quod
834 2734 842 2757 ³
873 2742 892 2765 ‹<
917 2725 1085 2769 bonum
1107 2738 1169 2769 est
1192 2726 1323 2779 scire3
1347 2737 1389 2769 et
1403 2724 1521 2784 quod
1538 2736 1554 2759 4
1583 2724 1750 2769 durabit

102 2825 239 2868 usque
259 2809 310 2853 ad
339 2809 459 2852 mille
477 2824 615 2853 annos
643 2822 683 2852 et
705 2808 871 2853 ultra».
896 2810 1005 2853 Item
1033 2808 1134 2853 dicit
1159 2808 1278 2867 quod
1298 2808 1465 2854 dictum
1493 2810 1667 2867 signum
1690 2821 1752 2852 est

158 3045 187 3069 1.
209 3035 458 3081 BC:Jue1·‹mt.
490 3056 532 3060 —
562 3045 594 3070 2.
624 3036 656 3070 A
674 3038 872 3082 .·pat·jnri0;
895 3035 925 3070 C
946 3047 955 3069 .·
974 3037 1138 3082 perjurio.
1161 3056 1208 3061 —
1232 3045 1261 3080 3.
1283 3035 1308 3071 C
1337 3043 1434 3069 omer
1467 3035 1560 3080 qnod.
1585 3055 1630 3060 -——
1659 3045 1692 3077 4.
1717 3034 1747 3067 Α

105 3103 204 3130 omet
224 3095 319 3142 quod.
