2099 3356
381 185 539 232 pnoc'sss
572 201 628 232 DE
659 201 1015 233 CONDAMNATroN
1049 202 1105 233 DE
1135 202 1303 245 JEANNE
1335 186 1466 233 D’ARc
1658 189 1743 244 267

98 300 225 344 Petro
251 299 666 353 Mauricii,Gerardo
694 300 908 354 Fueilleti,
926 300 1176 346 doctoribus
1192 319 1202 355 ;
1216 327 1275 332 -
1291 300 1532 346 Guillelmo
1550 302 1708 346 Haiton
1733 309 1742 327 ¹

99 395 139 427 et
164 382 339 426 Thoma
366 382 417 427 de
445 383 699 437 Courcellis,
726 383 976 428 bachalariis
998 386 1041 428 in
1068 400 1180 430 sacra
1201 385 1420 442 theologia
1440 404 1448 436 3
1475 409 1534 417 —-
1561 400 1745 442 praesen-

99 465 211 511 tibus
226 464 277 510 ad
301 465 390 511 haec
421 483 430 510 :
457 465 642 511 domino
675 467 916 513 Guillelmo
937 476 951 493 ²
981 469 1178 512 Mutonis
1198 481 1239 513 et
1257 468 1456 525 Johanne
1480 468 1591 512 Gris.

158 551 254 595 Fuit
278 550 537 607 interrogata
553 549 750 608 praedicta
766 551 965 608 Johanna
988 568 1115 609 super
1137 551 1352 610 aliquibus
1366 551 1418 596 de
1439 551 1596 610 quibus
1620 567 1747 609 cepe-

98 645 159 678 rat
183 632 438 678 dilationem
454 632 507 678 ad
532 633 884 694 respondendum
901 651 1038 694 usque
1058 636 1100 679 in
1127 636 1254 680 istam
1278 634 1410 689 diem,
1439 652 1540 681 cum
1560 634 1611 681 ad
1633 650 1744 694 prae-

98 717 251 761 missos
273 717 477 762 articulos
493 717 785 776 responderet,
815 718 931 764 velut
955 721 1149 776 superius
1169 731 1231 763 est
1253 720 1538 777 praemissum.

157 799 241 845 *Et
266 802 407 859 primo
432 801 512 846 fuit
532 802 791 860 interrogata
811 815 957 846 utrum
986 802 1087 847 velit
1109 818 1153 847 se
1180 801 1332 846 referre
1360 802 1521 860 judicio
1550 802 1746 849 Ecclesiae

95 900 192 943 quae
219 896 280 928 est
301 885 344 928 in
374 886 509 939 terris,
531 884 584 930 de
607 887 729 930 omni
747 902 799 931 eo
813 885 933 944 quod
950 885 1057 931 dixit
1080 899 1122 932 et
1138 885 1249 940 fecit,
1275 888 1364 930 sive
1379 888 1432 931 sit
1455 886 1639 941 bonum,
1654 887 1744 933 sive

96 967 525 1026 malum,specialiter
545 967 597 1013 de
623 968 806 1023 casibus,
829 969 1084 1014 criminibus
1110 982 1152 1014 et
1179 969 1345 1015 delictis
1374 986 1470 1028 quae
1494 970 1572 1015 sibi
1599 971 1747 1028 impo-

96 1064 276 1102 nuntur,
315 1065 357 1097 et
382 1051 435 1096 de
467 1054 592 1097 omni
625 1069 677 1098 eo
708 1052 826 1111 quod
857 1055 991 1111 tangit
1019 1069 1150 1098 suum
1190 1070 1438 1113 processum
1475 1072 1483 1098 :
1520 1054 1742 1112 respondit

99 1135 234 1195 quod,
264 1135 315 1179 de
346 1136 429 1183 hoc
450 1135 571 1195 quod
599 1136 650 1181 ab
680 1153 728 1182 ea
756 1138 932 1195 petitur,
964 1139 1051 1195 ipsa
1078 1154 1121 1182 se
1152 1138 1278 1182 refert
1305 1138 1502 1183 Ecclesiae
1522 1138 1745 1192 militanti,

99 1222 271 1278 proviso
296 1219 413 1279 quod
445 1228 565 1265 non³
596 1223 810 1279 praecipiat
834 1220 916 1267 sibi
939 1221 1105 1280 aliquid
1126 1221 1391 1279 impossibile
1412 1221 1517 1266 fieri.
1549 1222 1599 1267 Et
1623 1234 1748 1266 vocat

99 1303 206 1349 illud
238 1303 358 1363 quod
390 1317 554 1362 reputat
590 1305 871 1363 impossibile,
908 1304 1121 1358 videlicet,
1158 1305 1277 1364 quod
1311 1305 1417 1350 facta
1449 1322 1546 1364 quae
1573 1305 1672 1350 fecit
1704 1318 1747 1350 et

98 1388 222 1443 dixit,
250 1387 457 1433 declarata
478 1389 521 1432 in
545 1388 661 1434 dicto
675 1405 874 1447 processu
889 1389 942 1434 de
961 1389 1201 1434 visionibus
1226 1403 1269 1434 et
1292 1389 1626 1435 revelationibus
1640 1406 1746 1448 quas

98 1470 205 1515 dixit
225 1487 269 1515 se
296 1471 442 1516 fecisse
460 1488 510 1516 ex
539 1486 656 1531 parte
683 1473 780 1523 Dei,
820 1486 1013 1527 revocet;
1035 1486 1075 1517 et
1096 1489 1185 1516 non
1212 1473 1425 1517 revocabit
1443 1489 1511 1518 eas
1532 1489 1610 1532 pro
1633 1489 1748 1532 quo-

97 1571 300 1614 cumque.
331 1556 396 1611 Et‚
416 1555 468 1601 de
488 1556 570 1602 hoc
593 1556 713 1616 quod
735 1558 854 1602 Deus
878 1556 976 1602 fecit
1001 1556 1082 1601 sibi
1106 1556 1256 1611 facere,
1274 1573 1320 1601 ac
1348 1559 1549 1617 praecepit
1576 1569 1617 1602 et
1642 1573 1746 1616 prae-

97 1641 241 1698 cipiet,
265 1656 355 1684 non
382 1639 572 1685 dimittet
591 1640 725 1685 facere
750 1657 827 1699 pro
851 1641 1032 1685 homine
1053 1643 1243 1685 vivente.
1271 1642 1320 1685 Et
1347 1654 1454 1685 esset
1481 1640 1560 1686 sibi
1586 1643 1747 1699 impos-

98 1722 218 1770 sibile
251 1740 319 1769 eas
347 1740 558 1770 revocare.
596 1726 647 1771 Et
672 1726 718 1769 in
751 1741 849 1770 casu
882 1741 970 1785 quo
997 1721 1181 1770 Ecclesia
1208 1725 1336 1771 vellet
1361 1725 1441 1770 sibi
1467 1725 1601 1770 facere
1629 1724 1745 1770 aliud

148 1940 166 1958 '¹‘
185 1939 257 1981 Die
282 1939 438 1989 sabbati,
483 1939 619 1981 ultima
655 1940 787 1981 mensis
825 1940 969 1987 martii,
1008 1939 1205 1981 millesimo
1236 1940 1595 1996 quadringentesimo
1635 1941 1745 1980 trice-

98 2011 190 2051 simo
209 2021 240 2050 4.

154 2085 410 2137 interroguee
432 2083 539 2124 s’elle
563 2098 604 2126 se
625 2085 733 2124 veult
766 2094 973 2139 rapporter
993 2098 1043 2124 au
1079 2086 1285 2138 jugement
1308 2084 1356 2123 de
1387 2084 1549 2138 l'Eglise
1588 2085 1656 2139 qui
1682 2093 1744 2124 est

99 2169 148 2194 en
170 2166 285 2204 terre,
313 2155 360 2196 de
375 2165 461 2197 tout
482 2169 524 2196 ce
537 2156 683 2210 qu'elle
704 2170 725 2196 a
750 2157 808 2196 dit
831 2170 885 2196 ou
911 2155 995 2207 fait,
1017 2157 1095 2196 soit
1125 2156 1217 2196 bien
1236 2170 1288 2196 ou
1315 2156 1408 2204 mal,
1433 2156 1748 2209 especialement

100 2227 167 2266 des
190 2241 267 2276 cas,
294 2228 437 2268 crimes
457 2237 495 2268 et
513 2227 616 2268 deliz
648 2242 724 2282 que
743 2242 795 2267 on
818 2228 887 2282 luy
913 2229 1134 2282 impose‚et
1157 2229 1205 2268 de
1221 2238 1308 2267 tout
1335 2242 1379 2268 ce
1403 2229 1471 2281 qui
1504 2228 1650 2268 touche
1672 2242 1745 2267 son

101 2300 269 2353 proces:
315 2299 489 2352 respond
521 2313 613 2354 que,
641 2300 688 2340 de
714 2314 757 2339 ce
789 2314 866 2354 que
907 2314 959 2340 on
995 2300 1064 2354 luy
1101 2300 1312 2343 demande,
1336 2300 1411 2339 elle
1436 2299 1518 2338 s⁷en
1545 2310 1746 2354 raportera

99 2371 120 2409 ἐι
141 2369 301 2424 l'Eglise
327 2370 514 2420 militant,
542 2385 722 2425 pourveu
753 2385 830 2425 que
848 2371 924 2411 elle
950 2386 997 2412 ne
1019 2371 1088 2425 luy
1106 2371 1347 2413 commande
1368 2372 1488 2410 chose
1513 2371 1744 2424 impossible

101 2443 121 2481 ἐι
150 2441 261 2482 faire.

154 2515 201 2553 Et
227 2514 383 2567 appelle
408 2528 451 2553 ce
473 2514 618 2568 qu’elle
639 2516 777 2567 re'pute
799 2514 1050 2567 impossible,
1077 2515 1169 2554 c'est
1202 2528 1278 2568 que
1299 2515 1354 2554 les
1378 2513 1450 2553 fais
1475 2514 1616 2568 qu'elle
1636 2529 1660 2566 ,a
1682 2515 1743 2554 diz

100 2595 137 2625 et
157 2585 454 2634 fais‚declairez
478 2600 527 2625 eu
559 2588 714 2640 proces,
742 2587 809 2626 des
840 2587 992 2626 visions
1029 2596 1066 2626 et
1107 2586 1354 2626 revelacions
1393 2586 1537 2640 qu'elle
1559 2601 1579 2625 a
1601 2586 1742 2635 dictes,

99 2657 242 2712 qu'elle
266 2658 319 2697 les
341 2658 509 2698 afaictes
532 2658 579 2698 de
601 2672 669 2712 par
687 2660 787 2698 Dieu
811 2658 905 2712 [elle
928 2644 985 2697 les
1007 2658 1199 2711 revoque]
1221 2673 1230 2707 ;
1266 2668 1303 2697 et
1341 2672 1389 2697 ne
1427 2658 1482 2697 les
1524 2659 1742 2712 revoquera

99 2742 200 2783 pour
220 2730 392 2783 quelque
417 2731 564 2780 chose3
595 2740 631 2769 et
665 2730 712 2769 de
742 2744 785 2771 ce
811 2743 888 2784 que
912 2740 1045 2769 nostre
1068 2730 1153 2770 Sire
1176 2729 1243 2783 luy
1280 2743 1299 2768 a
1331 2728 1399 2769 fait
1429 2728 1523 2771 faire
1566 2740 1603 2770 et
1628 2743 1742 2769 com-

101 2802 259 2849 mande',
287 2811 324 2841 et
345 2802 641 2849 commandera,
675 2812 711 2840 et
734 2816 782 2840 ne
817 2801 850 2839 le
883 2801 981 2840 lcsra
1012 2802 1033 2840 ὰ
1057 2800 1151 2840 faire
1173 2815 1274 2854 pour
1297 2802 1461 2840 homme
1483 2802 1550 2855 qui
1579 2802 1684 2850 vive,
1705 2812 1743 2842 et

102 2873 170 2927 luy
194 2874 314 2915 seroit
339 2873 573 2927 impossible
596 2874 642 2913 de
662 2873 717 2913 les
742 2875 953 2928 revoquer.
978 2875 1085 2913 Eten
1106 2887 1168 2913 cas
1191 2872 1515 2928 quel’Egliseluy
1533 2873 1744 2913 vouldroit

152 3106 181 3129 1.
206 3095 236 3129 C
256 3107 264 3128 .·
291 3095 444 3129 Haitton.
460 3116 505 3120 —
524 3105 556 3129 2.
579 3095 634 3129 A:
660 3094 859 3130 Gnillermo.
880 3116 927 3121 -
951 3105 985 3137 3.
1021 3093 1050 3129 C
1070 3103 1167 3129 omet
1196 3105 1274 3128 non.
1293 3113 1338 3120 --
1359 3105 1397 3136 4,
1429 3094 1471 3135 U,
1494 3094 1555 3128 fol.
1576 3103 1631 3138 30,
1648 3103 1692 3128 r0.
