2099 3356
299 179 381 233 360
575 175 731 219 PRoci'zs
763 189 820 218 DE
852 187 1207 217 CONDAMNATION
1243 188 1299 216 DE
1329 187 1494 229 JEANNE
1528 174 1657 217 D’ARc

357 307 377 330 <‹
407 291 570 342 Primo,
609 288 824 343 Johanna,
851 286 1069 330 advertere
1105 285 1267 330 debetis
1293 285 1429 345 quod,
1453 288 1486 330 si
1522 288 1565 330 in
1596 286 1797 331 dominio
1819 287 1942 345 'regis

293 375 438 427 vestri,
467 372 574 416 dum
595 372 736 424 eratis,
762 371 1011 414 surrexisset
1035 370 1157 414 miles
1186 382 1259 414 aut
1284 369 1391 413 alius
1411 371 1678 429 quicumque
1711 369 1761 414 de
1795 369 1944 415 donii—

296 459 370 501 nio
390 472 469 500 suo
490 468 530 499 et
550 454 796 499 obedientia
814 466 957 507 natus,
981 453 1127 498 dicens
1149 470 1157 496 :
1189 470 1208 493 «
1236 454 1342 511 Regi
1361 469 1451 498 non
1474 452 1689 508 obediam,
1713 469 1791 497 nec
1814 456 1851 498 ei
1871 467 1946 498 aut

297 542 387 598 ejus
420 538 634 583 officiariis
667 553 736 581 me
768 537 1025 581 submittam
1056 554 1094 591 »,
1131 552 1279 581 nonne
1316 538 1459 595 ipsum
1496 537 1706 581 dixissetis
1732 537 1945 582 condem-

297 622 524 667 nandum?
554 620 675 675 Quid
703 637 804 679 ergo
832 621 884 664 de
910 621 1033 665 vobis
1061 620 1225 675 dicetis,
1252 636 1350 679 quae
1374 620 1513 664 fuistis
1538 622 1762 679 progenita
1788 622 1831 665 in
1861 621 1943 666 fide

299 707 478 760 Christi,
508 721 581 764 per
605 717 921 749 sacramentum
951 704 1168 762 baptismi,
1196 704 1280 748 filia
1307 704 1505 748 Ecclesiae
1535 704 1685 748 effecta
1714 718 1756 748 et
1789 700 1945 763 sponsa

299 790 474 840 Christi,
500 790 534 832 si
557 805 646 833 non
670 787 878 832 obediatis
906 787 1121 831 officiariis
1148 787 1327 841 Christi,
1353 787 1566 842 videlicet,
1595 788 1775 846 praelatis
1803 789 1946 832 Eccle—

299 876 371 918 siae
391 875 408 917 Ρ
437 872 579 925 Quale
603 871 812 929 judicium
831 871 883 916 de
901 872 1023 916 vobis
1047 871 1199 915 dabitis
1219 872 1235 915 ?
1259 873 1361 916 Haec
1384 871 1538 926 dicere,
1567 887 1688 929 rogo,
1719 871 1944 926 desistatis,

300 959 333 1002 si
362 958 524 1010 Deum,
550 969 783 1000 creatorem
813 968 1022 1009 vestrum,
1055 971 1264 1014 sponsum
1289 957 1525 1014 pretiosum
1554 955 1738 1014 diligatis
1764 968 1806 1000 et
1838 953 1958 1000 salu->

301 1056 391 1086 tem
438 1052 653 1096 vestram,
699 1053 740 1084 et
780 1038 988 1083 obediatis
1026 1040 1236 1089 Ecclesiae,
1278 1040 1410 1097 ipsius
1452 1039 1678 1083 subeundo
1719 1039 1945 1097 judicium.

305 1126 453 1170 Sciatis
477 1123 613 1183 quod,
632 1125 712 1167 nisi
729 1125 787 1167 sic
810 1123 994 1167 feceritis
1015 1136 1055 1166 et
1068 1124 1435 1181 perseveraveritis
1454 1124 1496 1166 in
1526 1123 1608 1167 hoc
1626 1139 1783 1177 errore,
1806 1126 1951 1168 anima

303 1222 441 1252 vestra
461 1221 624 1252 aeterno
649 1206 922 1251 damnabitur
948 1207 1175 1265 supplicio,
1208 1220 1414 1265 perpetuo
1441 1207 1682 1260 crucianda,
1716 1220 1756 1251 et
1783 1207 1835 1252 de
1861 1224 1952 1252 cor-

306 1308 409 1351 pore
437 1292 676 1350 plurimum
695 1290 847 1335 dubito
869 1307 922 1334 ne
948 1292 991 1334 in
1012 1289 1298 1349 perditionem
1318 1292 1475 1335 veniat.
1497 1292 1653 1350 Neque
1672 1307 1747 1335 vos
1776 1293 1953 1335 retineat

307 1375 448 1435 pudor
475 1375 694 1420 humanus
722 1387 763 1418 et
797 1374 1053 1418 verecundia
1087 1374 1252 1418 inutilis
1283 1391 1365 1432 qua
1402 1374 1510 1418 forte
1541 1374 1812 1429 detinemini,
1851 1391 1951 1419 cum

307 1462 390 1517 jarn
416 1461 459 1502 in
486 1460 653 1516 magnis
675 1458 915 1502 honoribus
942 1457 1121 1508 fueritis,
1147 1460 1269 1516 'quos
1292 1459 1487 1502 amittere
1517 1459 1784 1512 existimatis,
1814 1460 1873 1502 sic
1904 1472 1952 1502 ut

307 1544 464 1602 loquor
489 1541 672 1600 agendo.
708 1541 1030 1599 Praeponendus
1056 1554 1118 1585 est
1143 1543 1258 1585 enim
1293 1550 1301 1567 ¹
1334 1541 1477 1585 honor
1502 1542 1582 1585 Dei
1611 1554 1651 1585 et
1677 1542 1789 1586 salus
1815 1554 1953 1586 vestra

309 1641 397 1671 tarn
434 1626 625 1683 corporis
660 1641 791 1683 quam
831 1626 1017 1679 animae;
1055 1641 1151 1683 quae
1188 1626 1559 1683 omnia'pereunt,
1585 1626 1666 1669 nisi
1699 1624 1816 1683 quod
1854 1624 1950 1669 dico

309 1710 505 1761 feceritis,
537 1710 745 1767 quoniam
773 1709 843 1752 tali
879 1707 1013 1752 modo
1043 1707 1235 1752 dividitis
1263 1724 1338 1752 vos
1368 1708 1419 1752 ab
1440 1709 1623 1752 Ecclesia
1647 1721 1687 1752 et
1716 1708 1798 1752 fide
1822 1725 1953 1767 quam

309 1792 601 1851 spopondistis
623 1801 635 1817 ²
666 1793 707 1835 in
737 1807 856 1835 sacro
878 1791 1148 1850 baptismate,
1173 1804 1213 1835 et
1238 1794 1443 1835 truncatis
1471 1793 1767 1836 auctoritatem
1797 1792 1875 1835 Dei
1904 1791 1955 1835 ab

311 1876 507 1930 Ecclesia,
538 1891 633 1933 quae
657 1888 801 1919 tamen
831 1876 962 1933 ipsius
981 1877 1234 1918 auctoritate
1256 1889 1298 1919 et
1326 1877 1476 1934 spiritu
1507 1875 1692 1928 ducitur,
1729 1876 1887 1932 regitur
1915 1887 1958 1918 et

311 1960 588 2018 gubernatur.
631 1960 750 2003 Dixit
791 1960 920 2002 etiam
954 1958 1135 2016 praelatis
1165 1959 1391 2002 Ecclesiae:
1423 1976 1442 1998 «
1483 1960 1573 2009 Qui
1608 1943 1684 2002 iios
1717 1958 1852 2009 audit,
1888 1973 1957 2001 me

312 2042 446 2096 audit,
489 2056 531 2086 et
571 2043 647 2100 qui
681 2058 757 2086 vos
796 2043 973 2099 spernit,
1020 2058 1089 2085 me
1131 2043 1293 2100 spernit
1335 2059 1390 2096 »3
1426 2041 1531 2086 dum
1566 2058 1666 2100 ergo
1704 2058 1793 2086 non
1828 2041 1958 2085 vultis

314 2126 464 2184 subjici
498 2126 709 2180 Ecclesiae,
746 2125 855 2170 facto
895 2125 1115 2180 receditis,
1156 2139 1197 2169 et
1230 2125 1422 2169 nolendo
1454 2142 1529 2169 vos
1555 2125 1763 2180 subiicere
1799 2123 1955 2177 eidem,

315 2226 404 2254 non
428 2209 638 2266 subjicitis
656 2225 731 2253 vos
752 2210 862 2263 Deo,
883 2222 923 2252 et
948 2211 1093 2253 erratis
1115 2210 1159 2252 in
1188 2209 1311 2252 illum
1338 2209 1584 2262 articulum,
1623 2210 1756 2253 Unam
1777 2218 1957 2252 sanctam

316 2294 547 2346 Ecclesiam,
577 2309 673 2351 quae
700 2294 837 2351 qualis
863 2294 916 2336 sit
942 2307 983 2336 et
1007 2294 1129 2348 cujus
1155 2293 1437 2343 auctoritatis,
1467 2292 1567 2335 alias
1591 2291 1713 2336 vobis
1742 2293 1782 2335 in
1807 2307 1958 2350 praece-

316 2376 517 2420 dentibus
551 2376 870 2420 monitionibus
893 2376 1154 2420 sufficienter
1180 2389 1242 2420 est
1269 2375 1544 2420 declaratum.
1574 2393 1593 2415 »
1810 2430 1814 2433 ἡ

380 2477 399 2499 «
421 2461 510 2503 Vos
534 2476 650 2518 ergo,
676 2460 740 2503 his
763 2461 952 2512 attentis,
988 2475 1038 2502 ex
1073 2473 1188 2517 parte
1221 2459 1506 2503 dominorum
1538 2474 1755 2512 meorum,
1781 2457 1959 2522 ¹domini

319 2544 586 2587 Belvacensis
635 2557 677 2587 et
717 2542 884 2587 domini
930 2544 1074 2606 vicarii
1118 2544 1406 2601 Inquisitoris‚
1456 2541 1648 2599 judicum
1700 2554 1958 2594 vestrorum,

320 2642 497 2680 moneo,
527 2642 631 2684 rogo
664 2639 705 2670 et
745 2626 893 2670 hortor
919 2639 982 2678 ut,
1025 2641 1099 2684 per
1128 2626 1243 2669 illam
1283 2627 1484 2684 pietatem
1517 2641 1646 2683 quam
1682 2626 1828 2682 geritis
1866 2639 1964 2681 erga

321 2711 563 2768 passionem
583 2710 798 2753 Creatoris
829 2710 956 2752 vestri
981 2722 1021 2753 et
1048 2708 1328 2752 dilectionem
1356 2725 1487 2766 quarn
1516 2708 1677 2751 habetis
1705 2707 1754 2751 ad
1779 2707 1962 2751 salutem

322 2793 477 2835 animae
500 2805 648 2836 vestrae
680 2805 723 2836 et
756 2793 961 2850 corporis,
985 2793 1134 2835 omnia
1169 2791 1367 2850 praedicta
1396 2792 1615 2849 corrigatis
1636 2803 1677 2834 et
1703 2789 1958 2842 emendetis,

322 2888 363 2918 et
391 2890 466 2918 vos
493 2874 699 2918 reducatis
727 2874 776 2918 ad
814 2876 929 2918 viam
964 2876 1166 2928 veritatis,
1201 2873 1445 2918 obediendo
1478 2874 1689 2927 Ecclesiae,
1732 2872 1960 2917 subeundo

378 3074 406 3096 1.
426 3062 460 3107 Q
478 3072 575 3097 omet
591 3065 693 3097 enim.
709 3066 756 3089 ὲ
777 3054 898 3098 2.Ἀί“
919 3075 928 3097 .·
946 3063 1200 3110 spopondidistis
1220 3063 1319 3108 (sic).
