2099 3356
369 171 528 215 PROCE'IS
560 185 616 215 DE
648 185 997 215 CONDAMNATION
1033 185 1089 214 DE
1120 185 1289 227 JEANNE
1323 169 1450 213 D’ARC
1656 182 1735 224 251

93 283 199 337 lum,
213 283 332 342 quod
349 297 436 328 erat
451 284 556 327 mihi
569 283 821 328 ordinatum
836 300 886 328 ex
904 297 1017 341 parte
1033 285 1110 328 Dei
1127 301 1138 338 ;
1162 296 1494 332 verumtamem,
1525 281 1576 326 de
1594 283 1743 329 ‚omni—

95 367 188 419 bus,
219 383 299 425 ego
327 382 396 411 me
424 367 717 426 exspectabam
741 366 791 411 ad
819 368 978 411 Deum.
1013 385 1032 407 »
1062 393 1119 399 —-—
1147 368 1422 423 Interrogata,
1453 364 1642 424 [tadet'n]
1674 364 1742 409 die

94 450 274 504 sabbati,
298 465 405 494 xvn.
430 452 570 495 martii
599 460 627 504 ¹,
654 453 687 494 si
703 450 847 495 fecerit
871 467 1002 495 suum
1025 451 1231 495 vexillum
1253 451 1478 494 circumire
1494 462 1619 508 caput
1635 450 1743 506 regis

93 536 176 588 sui,
208 534 457 579 ventilando
484 552 491 578 :
519 534 740 593 respondit
767 534 884 594 quod
908 551 997 579 non
1028 536 1107 579 scit
1125 543 1139 560 ²
1169 535 1249 579 hoc
1284 534 1444 578 fecisse.
1471 559 1531 565 —
1556 534 1741 577 Interro-

94 631 190 676 gata
207 634 337 676 quare
356 618 462 663 illud
489 618 697 662 vexillum
720 617 801 662 fuit
822 631 1038 676 portatum
1066 619 1161 677 plus
1182 620 1226 662 in
1248 617 1422 662 ecclesia
1445 618 1666 670 Remensi,
1689 616 1741 660 ad

94 704 460 746 consecrationem
491 703 599 760 regis
622 704 706 756 sui,
732 719 863 760 quam
890 702 1041 746 vexilla
1069 703 1254 746 aliorum
1277 703 1599 760 capitaneorum
1625 718 1633 743 :
1660 717 1744 745 res-

97 784 250 842 pondit
269 802 276 828 :
298 803 315 825 <‹
339 785 449 829 Illud
476 785 680 829 vexillum
708 785 844 830 fuerat
866 787 907 829 in
932 802 1078 844 poena,
1103 793 1172 830 et³
1200 784 1357 830 idcirco
1379 784 1630 829 rationabile
1658 796 1745 828 erat

96 868 215 927 quod
243 882 351 913 esset
370 871 412 912 in
442 869 626 913 honore.
656 888 675 911 »

157 1007 265 1050 LIX.
291 1023 310 1046 «
335 1007 463 1059 ITEM,
487 1004 601 1064 apud
618 1006 822 1050 Sanctum
852 1008 1115 1064 Dionysium
1139 1008 1180 1050 in
1202 1007 1389 1058 Francia,
1415 1005 1526 1050 dicta
1541 1005 1743 1062 Jolianna

98 1089 256 1134 obtulit
281 1103 322 1134 et
349 1090 445 1134 fecit
468 1092 571 1148 poni
592 1091 634 1133 in
663 1090 851 1143 ecclesia,
880 1092 922 1134 in
948 1090 1124 1134 sublimi
1150 1090 1262 1144 loco⁷
1288 1106 1406 1134 arma
1429 1106 1504 1133 sua
1524 1091 1567 1133 in
1589 1088 1747 1148 quibus

97 1172 233 1218 fuerat
253 1173 366 1228 laesa,
401 1174 445 1217 in
473 1173 637 1218 insultu
660 1174 771 1218 facto
795 1188 943 1218 contra
971 1174 1117 1217 villam
1149 1175 1449 1226 parisiensem,
1482 1186 1528 1216 ut
1558 1173 1743 1217 honora-

98 1270 246 1302 rentur
270 1275 291 1303 a
321 1257 483 1317 populo
511 1272 718 1317 tanquam
748 1258 954 1316 reliquiae.
990 1259 1038 1302 Et
1066 1260 1109 1302 in
1138 1257 1287 1302 eadem
1318 1258 1418 1301 villa
1449 1257 1545 1301 fecit
1573 1255 1745 1301 accendi

98 1341 292 1386 candelas
317 1358 470 1395 cereas»,
502 1358 524 1385 a
561 1341 718 1400 quibus
745 1358 884 1386 ceram
912 1342 1187 1401 liquefactam
1217 1341 1424 1386 fundebat
1454 1357 1582 1400 super
1612 1342 1747 1399 capita

97 1427 397 1485 parvulorum,
431 1425 664 1485 praedicens
698 1426 860 1471 futuras
892 1426 1088 1470 fortunas
1125 1442 1294 1479 eorum,
1335 1440 1391 1480 et,
1428 1425 1478 1469 de
1515 1427 1632 1484 ipsis,
1673 1440 1747 1483 per

99 1509 353 1569 hujusmodi
378 1511 665 1569 sortilegium,
693 1511 853 1554 multas
875 1509 1165 1554 divinationes
1189 1509 1364 1554 faciens.
1400 1527 1419 1549 ὴ

156 1593 175 1615 *
193 1593 260 1638 Ad
284 1594 430 1639 hunc⁴
458 1594 708 1648 articulum,
733 1593 800 1638 die
830 1595 1047 1647 mercurii,
1078 1608 1233 1638 xxviii.
1263 1595 1420 1648 martii,
1445 1591 1676 1652 respondet
1701 1599 1711 1623 5
1735 1609 1743 1635 :

96 1663 121 1718 >(<
153 1678 242 1736 Ego
279 1696 317 1732 n,
348 1691 561 1736 quantum
595 1677 646 1722 ad
680 1694 812 1732 arma,
853 1695 873 1718 «
905 1678 1004 1721 alias
1033 1678 1236 1737 respondi
1269 1694 1324 1731 »3
1357 1689 1415 1729 et,
1450 1689 1664 1735 quantum
1693 1675 1743 1719 ad

97 1761 294 1806 candelas
316 1778 509 1806 accensas
533 1775 574 1806 et
601 1762 838 1815 distillataS,
872 1775 1013 1820 negat.

159 1847 239 1890 Die
263 1844 438 1898 sabbati,
468 1861 575 1890 XVII.
607 1848 765 1900 martii,
794 1847 1056 1904 interrogata
1080 1846 1224 1904 qualia
1252 1862 1368 1890 arma
1396 1846 1483 1903 ipsa
1512 1844 1670 1889 obtulit
1700 1846 1744 1887 in

98 1930 269 1975 ecclesia
289 1930 429 1975 Sancti
453 1932 655 1988 Dionysii
687 1948 694 1974 :
726 1929 948 1989 respondit
981 1929 1100 1989 quod
1132 1946 1271 1973 unum
1291 1929 1435 1974 album
1464 1929 1711 1973 harnesium
1731 1929 1745 1954 ⁶

99 2017 335 2072 integrum,
354 2015 478 2073 quale
494 2027 653 2072 spectat
669 2014 718 2058 ad
737 2031 877 2058 unum
897 2014 1126 2058 hominem
1144 2014 1384 2067 armorum,
1400 2030 1500 2057 cum
1517 2029 1607 2057 uno
1621 2029 1719 2056 ense
1735 2030 1746 2067 ;

98 2113 140 2143 et
167 2098 291 2142 illum
315 2115 462 2143 ensem
485 2099 643 2143 lucrata
669 2097 750 2142 fuit
772 2110 870 2142 ante
897 2099 1094 2142 Parisius.
1116 2118 1184 2128 ⁸—
1210 2099 1474 2156 Interrogata
1494 2096 1544 2141 ad
1572 2097 1746 2155 qualem

97 2181 232 2227 finem
254 2183 343 2241 ipsa
364 2182 514 2227 eadem
536 2199 653 2226 arma
680 2182 837 2227 obtulit
857 2199 866 2226 ι
902 2182 1125 2241 respondit
1152 2181 1270 2241 quod
1295 2181 1376 2225 hoc
1400 2181 1498 2225 fecit
1516 2197 1589 2239 per
1616 2180 1747 2224 devo-

98 2269 280 2321 tionem,
304 2268 414 2312 sicut
434 2280 693 2311 consuetum
715 2280 776 2310 est
796 2279 1028 2326 pergentes
1044 2282 1282 2319 armorum,
1302 2264 1605 2324 quandoblaesae
1622 2277 1745 2318 sunt3

99 2363 140 2395 et
164 2351 264 2409 quia
283 2352 369 2408 ipsa
389 2349 525 2395 fuerat
546 2349 641 2395 laesa
660 2364 757 2394 ante
780 2351 978 2405 parisius,
997 2351 1085 2409 ipsa
1111 2348 1222 2394 dicta
1243 2365 1360 2394 arma
1379 2348 1537 2393 obtulit
1554 2357 1567 2382 7
1591 2349 1746 2392 Sancto

100 2434 332 2492 Dionysio,
358 2435 458 2493 quia
479 2447 541 2478 est
563 2434 830 2487 acclamatio,
853 2434 886 2478 le
905 2451 971 2492 cry
989 2434 1152 2491 gallice,
1182 2434 1382 2477 Franciae.
1409 2460 1465 2463 —
1486 2434 1747 2490 Interrogata

100 2519 131 2561 si
156 2517 238 2562 hoc
260 2517 374 2569 fecit,
408 2531 453 2561 ut
473 2517 581 2561 dicta
610 2533 725 2561 arma
747 2516 1026 2562 adorarentur
1057 2535 1064 2561 ;
1097 2515 1317 2576 respondit
1343 2516 1462 2575 quod
1488 2533 1594 2560 non.

153 2705 170 2723 *
188 2702 376 2756 Respond
405 2717 412 2741 ε
437 2718 455 2739 ε(
477 2700 565 2752 J’en
590 2716 638 2756 ay
662 2702 863 2756 respondu
889 2718 925 2750 ›>,
947 2710 1070 2755 quant
1094 2715 1168 2740 aux
1199 2714 1416 2740 armeures.
1444 2701 1492 2740 Et
1516 2709 1638 2755 quant
1674 2714 1748 2739 aux

103 2775 331 2815 chandelles
354 2773 528 2814 alumees
550 2784 586 2814 et
609 2773 815 2822 distilleeS,
838 2778 943 2827 negat
964 2776 994 2812 8.

155 2974 183 2997 1.
206 2963 263 2997 A:
285 2962 381 3005 Item,
413 2962 539 2996 sabbati
570 2961 681 2996 XVII
706 2962 836 3003 nmrtii,
871 2961 1088 3006 interrogata.
1117 2981 1163 2986 —-
1191 2971 1227 2998 2,
1254 2960 1322 2995 AC
1338 2962 1497 3007 ajoutent
1521 2973 1563 2995 se.
1592 2982 1638 2986 —
1667 2971 1698 3005 3.
1720 2960 1749 2994 C

101 3032 200 3058 omet
215 3028 254 3057 el.
279 3043 324 3047 —
344 3033 379 3064 4.
400 3023 431 3056 A
458 3035 467 3056 .·
494 3023 807 3068 quinqmtgesimmn
843 3032 978 3055 nonum.
1006 3039 1053 3045 —
1089 3030 1118 3063 5.
1147 3020 1180 3054 A
1202 3020 1318 3066 ajoute
1344 3021 1510 3064 Johunmi.
1546 3040 1591 3045 —
1629 3019 1666 3056 6.
1693 3020 1748 3053 B:

102 3082 309 3119 hernesium:
337 3081 368 3116 C
389 3093 397 3114 .·
426 3081 639 3115 herneisimn.
663 3101 706 3104 ——
729 3091 760 3124 7.
786 3080 815 3113 A
840 3092 849 3114 :
876 3079 996 3112 obtulit
1015 3079 1101 3112 dicta
1131 3090 1241 3114 arma.
1263 3100 1310 3105 —
1330 3080 1362 3113 8.
1392 3079 1433 3115 U.
1453 3080 1516 3113 sol.
1543 3089 1599 3118 29,
1623 3088 1674 3111 vo.
