2099 3356
391 192 548 234 PRocsss
582 205 636 236 DE
669 205 1019 235 CONDAMNATION
1055 206 1111 235 DE
1141 206 1307 248 JHANNE
1341 191 1466 235 D’Anc
1664 205 1744 247 399

106 302 208 361 plus
233 302 307 346 illo
347 314 450 346 tunc
468 298 638 364 'audivit
680 304 730 347 ab
754 320 802 348 ea
823 303 922 358 dici,
952 316 1130 363 excepto
1157 304 1275 363 quod
1298 306 1340 348 in
1364 305 1592 363 principio,
1626 316 1748 348 ante-

107 402 244 445 quam
262 401 357 439 nos,
377 385 538 444 judices
553 386 773 438 antedicti,
805 387 1107 432 adveniremus
1122 387 1173 432 ad
1186 387 1351 433 dictum
1373 396 1381 414 ¹
1407 387 1550 432 locum
1571 396 1584 414 ²
1611 402 1746 431 carce-

107 470 178 523 ris,
196 470 285 527 ipsa
296 469 493 526 Johanna
507 469 587 513 fuit
601 472 862 528 interrogata
877 487 928 514 an
945 470 1142 516 credebat
1158 471 1275 531 quod
1288 471 1412 516 dictae
1426 487 1550 516 voces
1571 483 1612 516 et
1626 487 1749 530 appa-

108 554 320 598 ritionesa
336 553 460 606 bonis
482 565 555 597 aut
572 554 695 597 malis
708 554 926 612 spiritibus
940 554 1231 613 procederent.
1249 556 1341 613 Ipsa
1360 556 1559 612 Johanna
1578 571 1750 613 respon-

108 635 171 680 dit
201 653 210 680 :
261 637 345 691 (ise
366 652 411 681 ne
433 632 553 695 ἤθη·
575 638 613 694 je
658 636 756 680 m'en
786 645 796 670 3
820 648 948 682 acleus
966 647 982 671 4
1009 640 1032 681 ἁ
1072 655 1139 682 ma
1166 643 1265 682 me're
1297 636 1463 697 l'Einse
1494 656 1534 693 ³),
1565 639 1631 682 vel
1656 639 1744 682 sic:

111 737 131 760 «
160 736 209 764 ou
236 722 260 764 ὰ
291 730 396 764 entre
429 736 541 774 v0115,
568 722 637 778 qui
668 730 760 764 estes
788 737 881 777 gens
919 722 1071 777 d'dglt'sc
1103 738 1141 765 ».
1164 723 1228 775 Et,
1253 735 1380 780 prout
1413 722 1583 766 videtur
1608 721 1749 766 eidem

107 804 327 862 loquenti,
359 805 446 862 ipsa
475 803 675 860 Johanna
702 816 788 847 erat
819 821 919 848 sana
959 818 1133 858 mente3
1162 818 1204 849 et
1234 806 1313 851 hoc
1353 807 1481 849 etiam
1510 804 1628 864 quod
1663 817 1750 850 erat

108 903 209 930 sana
238 899 400 937 mente,
421 886 587 931 audivit
615 886 666 931 ab
697 886 846 931 eadem
868 888 1067 944 Johanna
1091 888 1302 933 confiteri.

168 1037 390 1081 Dominus
415 1035 599 1093 Jacobus
614 1038 667 1081 Le
694 1037 863 1088 Cumas,
894 1037 1127 1096 presbyter,
1145 1039 1375 1084 canonicus
1391 1039 1630 1091 Remensis‚
1653 1050 1750 1082 zeta-

110 1121 165 1164 tis
193 1135 282 1164 11111
309 1136 526 1165 annorum
554 1120 622 1164 vel
647 1122 771 1174 circa,
800 1122 916 1164 testis
942 1120 1189 1180 productus,
1225 1123 1387 1179 juratus
1422 1135 1462 1166 et
1483 1123 1751 1166 examinatus

109 1203 220 1248 dicta
237 1203 321 1259 die,
338 1203 440 1249 dicit
463 1217 505 1248 et
527 1204 706 1263 deponit
721 1221 794 1264 per
811 1221 941 1249 suum
957 1207 1251 1262 juramentum
1277 1204 1412 1264 quod,
1438 1205 1506 1250 die
1534 1207 1750 1259 mercurii,

111 1289 155 1332 in
180 1289 326 1346 vigilia
347 1287 440 1333 festi
468 1287 745 1332 Eucharistiae
781 1288 954 1342 Christi,
999 1289 1156 1334 ultimo
1181 1291 1397 1348 praeteriti,
1437 1291 1525 1348 ipse
1554 1289 1751 1348 loquens,

114 1369 218 1414 hora
241 1368 292 1413 de
319 1384 461 1424 mane,
490 1370 568 1414 ivit
593 1369 839 1423 nobiscum,
868 1371 1071 1428 episcopo
1097 1370 1316 1428 praedicto,
1340 1372 1383 1414 in
1408 1386 1572 1415 camera
1600 1371 1643 1414 in
1671 1385 1756 1428 qua

110 1453 221 1498 dicta
246 1452 445 1510 Johanna
476 1452 763 1507 detinebatur,
794 1455 838 1496 in
862 1466 999 1497 castro
1031 1453 1388 1512 Rothomagensi‚
1427 1467 1467 1498 et
1500 1453 1557 1497 ibi
1590 1453 1755 1498 audivit

113 1536 235 1595 quod
256 1536 367 1580 dicta
391 1536 591 1593 Johanna
612 1536 776 1580 dicebat
798 1550 838 1580 et
855 1537 1143 1581 confitebatur
1163 1536 1330 1596 publice
1348 1549 1388 1581 et
1408 1537 1489 1582 alta
1517 1553 1638 1591 voce,
1669 1536 1759 1580 tali-

117 1633 180 1665 ter
207 1620 324 1680 quod
347 1637 500 1666 omnes
524 1620 739 1665 adstantes
764 1620 846 1665 hoc
874 1620 1020 1666 audire
1055 1633 1266 1680 poterant,
1305 1620 1503 1665 videlicet
1528 1619 1645 1679 quod
1674 1621 1761 1678 ipsa

114 1705 313 1760 Johanna
339 1704 503 1749 viderat
528 1706 819 1763 apparitiones
853 1706 1074 1749 venientes
1102 1704 1152 1748 ad
1181 1720 1292 1758 eam,
1322 1717 1363 1748 et
1385 1705 1511 1748 etiam
1540 1702 1759 1748 audiverat

114 1804 256 1842 voces,
285 1801 326 1833 et
347 1805 444 1848 quae
460 1788 601 1833 eidem
618 1789 905 1847 promiserant
930 1795 939 1820 5
958 1787 1076 1846 quod
1100 1788 1348 1832 liberaretur
1365 1804 1387 1831 a
1409 1787 1644 1832 carceribus
1662 1804 1673 1839 3
1695 1799 1752 1840 et,

114 1888 186 1932 per
213 1872 310 1926 hoc,
340 1874 429 1930 ipsa
453 1857 561 1916 bene
587 1871 870 1930 cognoscebat
888 1871 1009 1931 ‘quOd
1032 1873 1164 1930 ipsam
1188 1871 1453 1930 deceperant,
1477 1884 1517 1915 et
1543 1858 1677 1930 quod,
1705 1887 1756 1914 ex

112 1973 201 2015 quo
222 1958 357 2015 ipsam
381 1957 440 2000 sic
466 1955 737 2014 deceperant,
759 1957 847 2014 ipsa
863 1954 1058 2000 credebat
1073 1954 1190 2014 quod
1206 1970 1295 1999 non
1323 1968 1463 1998 essent
1484 1954 1608 1999 bonae
1633 1969 1756 1998 voces

112 2056 188 2085 seu
216 2055 294 2084 res.
321 2041 388 2094 Et,
417 2039 546 2098 paulo
569 2051 679 2097 post,
709 2040 797 2097 ipsa
819 2039 1010 2084 confessa
1041 2038 1120 2083 suit
1149 2051 1318 2097 peccata
1337 2054 1419 2086 ‚sua
1445 2037 1614 2082 cuidam
1641 2037 1758 2082 fratri

114 2125 319 2174 Martino‚
337 2123 388 2168 de
405 2123 557 2168 ordine
578 2122 915 2168 Praedicatorum
941 2139 950 2176 3
968 2135 1009 2166 et
1034 2135 1127 2180 post
1141 2134 1455 2167 sacramentum
1472 2121 1757 2166 confessionis

113 2221 153 2252 et
198 2208 483 2266 poenitentiae,
514 2207 620 2251 dum
650 2209 737 2265 ipse
779 2206 904 2250 frater
930 2206 1057 2250 vellet
1093 2205 1235 2250 eidem
1276 2205 1488 2261 Johannae
1514 2206 1756 2249 ministrare

113 2291 378 2336 eucharistiae
405 2304 739 2344 sacramentum,
769 2304 919 2335 tenens
944 2290 1129 2334 hostiam
1162 2303 1449 2333 consecratam
1486 2290 1530 2332 in
1559 2287 1758 2332 manibus

114 2377 218 2429 suis,
245 2376 366 2432 petiit
391 2374 441 2419 ab
463 2391 511 2418 ea
541 2389 549 2418 :
577 2394 597 2414 «
617 2374 807 2419 Creditis
822 2390 899 2419 vos
920 2373 1037 2432 quod
1063 2373 1131 2417 hic
1151 2374 1205 2416 sit
1219 2389 1373 2431 corpus
1395 2372 1556 2416 Christi
1577 2373 1593 2415 Ρ
1619 2389 1639 2412 »
1656 2372 1758 2416 Res-

114 2458 390 2517 ponditdicta
406 2459 606 2514 Johanna
627 2457 745 2517 quod
766 2460 839 2511 sic,
857 2471 898 2502 et
930 2475 949 2496 «
975 2457 1043 2501 hic
1070 2457 1185 2501 solus
1200 2458 1275 2515 qui
1301 2472 1369 2499 me
1392 2468 1530 2514 potest
1555 2454 1753 2508 liberare;

115 2555 212 2601 peto
236 2541 355 2601 quod
385 2542 493 2586 mihi
517 2543 786 2586 ministretur
812 2559 849 2584 >›.
881 2542 930 2585 Et
953 2553 1097 2598 postea
1116 2539 1252 2584 dictus
1279 2539 1402 2584 frater
1425 2538 1589 2583 dicebat
1615 2537 1756 2582 eidem

110 2626 321 2682 Johannae
352 2643 360 2670 ε
394 2643 413 2666 «
445 2625 687 2670 Creditisne
714 2626 900 2682 amplius
921 2626 964 2667 in
991 2625 1079 2668 istis
1107 2623 1284 2668 vocibus
1308 2625 1323 2666 ?
1349 2641 1369 2664 »
1410 2622 1649 2680 Respondit
1671 2623 1757 2680 ipsa

112 2709 312 2766 Johanna
343 2727 350 2753 :
385 2727 404 2750 (ε
436 2709 580 2754 Credo
596 2711 639 2753 in
658 2709 803 2753 solum
824 2710 985 2760 Deum,
1014 2722 1054 2751 et
1079 2707 1182 2751 nolo
1199 2707 1384 2764 amplius
1407 2706 1537 2750 fidem
1556 2705 1759 2750 adhibere

114 2794 158 2837 in
186 2795 286 2852 ipsis
307 2793 501 2847 vocibus,
525 2810 576 2837 ex
596 2809 685 2851 quo
708 2809 776 2836 me
794 2793 855 2836 sic
879 2791 1138 2849 deceperunt
1160 2792 1191 2832 θ’.
1214 2807 1233 2829 »

171 3053 199 3076 1.
221 3042 250 3076 C
266 3051 365 3077 omet
385 3042 523 3076 dictum.
549 3062 592 3065 —
612 3051 642 3075 2.
664 3041 694 3074 C
714 3041 830 3086 ajoute
845 3039 940 3074 dicti.
969 3060 1014 3064 --
1046 3050 1074 3083 3.
1094 3039 1126 3073 A
1148 3051 1157 3072 .·
1172 3041 1204 3084 je
1229 3050 1277 3071 mc
1299 3051 1349 3072 cu.
1374 3060 1416 3063 -—-
1437 3049 1469 3080 4.
1493 3039 1523 3073 (J
1545 3051 1554 3072 .·
1574 3043 1690 3072 attens.
1716 3059 1761 3063 —

123 3112 151 3145 j.
174 3102 203 3135 (J
226 3104 482 3148 :promisertml.
503 3122 545 3126 —-
560 3107 593 3135 (2.
613 3101 638 3134 B
656 3110 688 3134 et
711 3101 743 3143 Q
768 3112 777 3133 .·
792 3100 984 3145 deceperint.
