2099 3356
383 204 541 248 PRocizs
574 218 628 247 DE
662 193 1012 246 CONDAMNATION
1047 217 1102 246 DE
1135 217 1299 258 JEANNE
1334 204 1463 246 D’ARc
1664 217 1741 257 105

102 318 254 379 pondit
299 316 418 376 quod
460 318 547 375 ipsa
583 318 761 375 cepisset
800 317 899 360 satis
937 315 1098 360 multos
1128 315 1333 374 Anglicos
1363 317 1466 359 citra
1500 331 1632 368 mare,
1670 332 1746 374 pro

101 401 346 449 rehabendo
375 402 539 460 ipsum;
559 412 615 451 et,
640 402 672 443 si
693 396 781 444 non
797 401 974 459 cepisset
989 401 1089 443 satis
1107 400 1228 454 citra,
1250 400 1337 458 ipsa
1358 399 1592 443 transiisset
1612 415 1745 454 mare,

101 503 177 547 pro
206 484 351 530 eundo
377 486 518 544 ipsum
540 485 772 543 quaesitum
801 485 844 527 in
866 483 1086 541 Angliam,
1110 499 1210 526 cum
1238 484 1448 541 potentia.

159 571 422 627 Interrogata
451 581 602 612 utrum
629 579 785 611 sanctae
816 566 1050 611 Katharina
1071 579 1112 610 et
1149 568 1385 624 Margareta
1424 565 1618 610 dixerant
1651 566 1747 620 sibi,

99 653 289 698 absolute
310 666 350 696 et
379 654 471 696 sine
500 651 769 704 conditione,
792 650 910 710 quod
948 653 1035 709 ipsa
1059 663 1225 708 caperet
1254 650 1515 694 sufficientes
1546 650 1748 694 homines

100 754 175 798 pro
204 736 401 782 habendo
430 735 584 780 ducem
609 735 967 779 Aurelianensem
996 736 1253 778 existentem
1277 736 1326 789 ‘in
1350 734 1521 792 Anglia,
1551 734 1618 778 vel
1646 734 1746 778 alias

98 823 294 866 transiret
319 836 433 864 mare
462 836 539 878 pro
566 818 713 863 eundo
741 820 973 877 quaesitum
1001 820 1143 877 ipsum
1172 836 1180 862 :
1209 817 1429 876 respondit
1456 817 1573 876 quod
1602 820 1673 872 sic,
1704 831 1746 862 et

98 905 215 964 quod
232 906 319 963 ipsa
347 903 452 948 dixit
479 904 562 948 hoc
586 905 672 962 regi
702 919 797 956 suo,
815 915 870 965 Δεῖ
894 902 1012 962 quod
1034 904 1122 961 ipse
1144 902 1379 946 dimitteret
1420 918 1516 953 earn
1543 918 1666 960 agere
1693 902 1744 947 de

97 989 179 1033 illis
203 988 393 1032 dominis
417 987 600 1045 Angliae,
628 989 702 1044 qui
729 1000 828 1031 tunc
851 999 971 1030 erant
999 987 1254 1045 prisionarii.
1278 986 1394 1029 Dicit
1421 985 1531 1030 ultra
1552 985 1687 1044 quod,
1712 988 1746 1030 si

97 1075 184 1131 ipsa
208 1072 398 1116 durasset
423 1087 496 1130 per
517 1085 600 1116 tres
624 1087 777 1125 annos,
798 1073 889 1115 sine
911 1069 1110 1115 habendo
1130 1069 1514 1128 impedimentum,
1539 1071 1627 1128 ipsa
1643 1069 1748 1114 libe-

98 1169 227 1201 rasset
258 1155 483 1215 praefatum
510 1155 681 1201 ducem.
722 1156 831 1199 Item
870 1154 972 1199 dicit
998 1154 1132 1214 quod,
1162 1170 1239 1213 pro
1277 1152 1472 1198 faciendo
1509 1152 1632 1204 illud,
1661 1166 1749 1198 erat

98 1240 267 1285 brevior
292 1241 502 1284 terminus
525 1256 658 1299 quam
694 1238 745 1284 de
773 1239 906 1284 tribus
931 1240 1070 1293 annis,
1105 1251 1146 1283 et
1179 1239 1352 1296 longior
1375 1254 1506 1297 quam
1543 1237 1596 1282 de
1628 1254 1745 1292 uno;

97 1324 169 1369 sed
196 1340 285 1368 non
309 1324 513 1368 habetde
541 1324 614 1368 illo
634 1325 908 1368 memoriam.

156 1410 420 1466 Interrogata
446 1407 565 1467 quod
596 1422 685 1452 erat
706 1410 879 1466 signum
901 1407 1021 1467 quod
1042 1408 1131 1466 ipsa
1151 1405 1268 1451 dedit
1301 1407 1386 1465 regi
1422 1416 1501 1451 suo
1526 1423 1534 1450 :
1568 1422 1724 1465 respon

97 1492 157 1537 dit
184 1491 303 1552 quod
328 1492 380 1538 de
402 1493 483 1537 hoc
508 1494 623 1552 ipsa¹
657 1491 827 1537 habebit
850 1492 1084 1536 consilium
1106 1508 1128 1536 a
1152 1504 1292 1536 sancta
1313 1490 1560 1536 Katharina.

678 1649 818 1676 MARTIS
848 1649 934 1675 xm.
969 1644 1162 1675 MART112,

156 1746 279 1797 Item,
310 1746 378 1790 die
408 1747 554 1790 martis
585 1744 835 1790 immediate
871 1757 1093 1804 sequente,
1124 1759 1217 1788 x111.
1259 1744 1360 1788 dicti
1388 1745 1548 1788 mensis
1584 1745 1742 1795 martii,

97 1845 192 1884 nos,
217 1831 442 1889 episcopus
469 1830 714 1889 praedictus,
734 1829 785 1874 ad
803 1828 1097 1888 supradictum
1115 1829 1262 1873 locum
1279 1829 1453 1873 carceris
1474 1829 1742 1882 accessimus,

97 2020 183 2049 eust
204 2012 307 2049 asse's
332 2011 440 2064 prins
465 2011 512 2049 de
535 2011 578 2058 ca
597 2011 730 2064 prinse
755 2010 821 2049 des
840 2010 1021 2063 Angloys
1039 2023 1140 2062 pour
1161 2009 1196 2048 le
1218 2010 1369 2057 ravoir3
1397 2018 1435 2048 et
1459 2023 1498 2048 se
1523 2009 1597 2048 elle
1620 2009 1747 2048 n'eust

97 2082 204 2134 prins
222 2083 324 2120 asses
347 2082 481 2134 prinse
497 2081 544 2120 de
563 2082 621 2129 ca,
643 2080 718 2120 elle
741 2090 827 2119 eust
847 2082 959 2134 passe'
985 2082 1019 2119 la
1037 2093 1120 2119 mer
1141 2094 1243 2133 pour
1267 2080 1302 2118 le
1326 2079 1407 2119 aler
1428 2081 1560 2132 queris
1591 2080 1610 2118 a
1636 2081 1746 2133 puis—

96 2167 210 2192 sance
232 2167 281 2192 en
303 2153 551 2206 Angleterre.

150 2226 404 2278 Interrogue'e
429 2239 468 2264 se
490 2226 637 2264 saincte
660 2226 902 2277 Marguerite
923 2234 961 2263 et
990 2226 1139 2263 saincte
1164 2224 1381 2263 Katherine
1411 2224 1484 2276 luy·
1501 2225 1661 2263 avoient
1685 2225 1743 2263 dit

94 2311 181 2335 sans
207 2297 423 2336 condicion
445 2307 481 2335 et
497 2297 774 2335 absoluement
793 2296 939 2350 qu'elle
962 2297 1168 2349 prendroit
1185 2309 1283 2349 gens
1300 2295 1483 2335 suffisans
1505 2310 1606 2349 pour
1630 2297 1740 2335 avoir

94 2368 128 2407 lc
151 2369 225 2408 duc
247 2368 458 2408 d'Orleans
483 2369 550 2421 qui
573 2369 689 2407 estoit
711 2383 759 2407 en
781 2368 1028 2421 Angleterre‚
1049 2381 1102 2415 ou
1124 2377 1347 2407 autrement
1375 2367 1518 2421 qu’elle
1547 2369 1741 2420 passeroit

95 2440 128 2479 la
144 2453 227 2479 mer
248 2454 350 2493 pour
379 2440 414 2479 le
436 2440 515 2478 aler
526 2441 657 2493 qne'rir
675 2450 712 2479 et
736 2440 926 2478 admener
941 2440 1087 2478 dedans
1109 2441 1206 2479 trois
1225 2453 1318 2478 ans:
1347 2440 1519 2493 respond
1542 2454 1618 2493 que
1637 2440 1736 2487 ouil;

96 2521 133 2550 et
154 2512 296 2566 qu’elle
321 2513 377 2551 dit
396 2512 415 2550 a
438 2526 509 2551 son
533 2526 620 2565 roy,
640 2521 676 2551 et
698 2511 794 2565 qu'il
820 2512 854 2550 la
878 2512 1025 2551 laissait
1043 2511 1137 2551 faire
1168 2512 1236 2550 des
1258 2512 1520 2564 prisonniers.

152 2585 216 2622 Dit
240 2583 367 2622 oultre
399 2583 510 2622 d’elle
536 2597 628 2636 que,
668 2583 777 2622 s'elle
804 2593 890 2623 eust
921 2583 1017 2622 dure
1039 2585 1136 2622 trois
1158 2597 1228 2621 ans
1265 2597 1354 2621 sans
1390 2584 1736 2639 empeschement‚

97 2654 170 2694 elle
193 2655 305 2694 l'eust
327 2655 492 2694 delivre'.

149 2728 243 2766 Item
267 2727 324 2765 dit
341 2727 435 2780 qu'il
461 2741 486 2780 y
511 2729 616 2766 avoir
651 2727 738 2780 plus
776 2727 864 2766 bref
879 2737 1004 2767 terme
1027 2741 1103 2781 que
1125 2728 1172 2767 de
1207 2728 1303 2767 trois
1339 2741 1424 2776 ans,
1464 2737 1500 2767 et
1535 2727 1623 2780 plus
1649 2727 1746 2779 long

96 2809 171 2848 que
196 2795 291 2834 d’un
312 2809 381 2844 an3
408 2797 505 2834 mais
531 2796 620 2835 n'en
640 2810 658 2834 a
685 2810 752 2849 pas
773 2797 821 2835 de
847 2797 1006 2848 present
1022 2797 1229 2836 me'moire.

149 2868 402 2919 Interroguee
427 2868 479 2907 du
499 2869 610 2920 signe
633 2868 747 2907 baille
773 2869 793 2906 a
816 2882 888 2907 son
911 2882 983 2921 roy
1007 2883 1014 2906 ς
1040 2868 1213 2921 respond
1239 2868 1384 2922 qu'elle
1400 2882 1454 2907 en
1475 2882 1567 2917 aura
1590 2869 1742 2908 conseil

97 2938 117 2976 a
147 2940 291 2977 saincte
312 2939 545 2978 Katherine.

150 3127 178 3150 1.
208 3117 273 3151 AC
292 3127 468 3153 omettent
488 3120 569 3166 ipsa.
594 3140 637 3144 —-
661 3130 692 3153 2.
714 3120 765 3153 En
788 3131 907 3165 marge
928 3120 971 3153 de
992 3120 1099 3154 ΑΒΕ.
