2099 3356
320 165 405 208 224
600 151 758 194 PRocbs
791 165 846 193 DE
878 164 1233 194 CONDAMNATION
1267 165 1322 193 DE
1353 164 1520 206 JEANNE
1553 151 1680 194 D’ARC

373 265 481 308 Item
504 265 778 321 interrogata,
805 262 872 307 die
892 264 1053 317 martis,
1079 277 1213 306 xxvii.
1240 262 1457 317 februarii,
1490 262 1718 321 quomodo
1748 274 1819 307 aut
1852 278 1956 321 qua-

315 347 409 392 liter
430 349 516 405 ipsa
533 348 609 390 scit
643 346 763 405 quod
783 348 868 390 sint
888 346 972 390 illae
1016 345 1128 400 duae,
1169 358 1322 390 sanctae
1345 345 1578 389 Katharina
1618 358 1658 389 et
1703 347 1954 404 Margareta,
1978 359 1981 362 ·

318 447 415 490 quae
435 430 513 474 sibi
536 442 754 488 apparent,
784 443 825 474 et
852 429 1078 489 quomodo
1111 431 1329 488 cognoscit
1356 446 1490 474 unam
1516 428 1568 473 ab
1590 429 1669 473 alia
1679 447 1690 484 3
1740 428 1960 488 respondit

320 511 437 571 quod
461 510 588 570 [bene
609 512 685 554 scit
711 509 848 570 quod]
873 523 976 555 sunt
997 510 1081 554 illae
1111 509 1290 564 eaedem,
1319 523 1360 554 et
1378 509 1486 554 bene
1511 511 1731 567 cognoscit
1751 526 1885 554 unam
1908 509 1959 554 ab

321 596 414 639 alia.

339 698 355 708 x
376 679 501 732 Item,
524 677 593 722 die
620 679 728 736 jovis
750 678 887 736 prima
914 678 1056 721 martii
1081 677 1339 735 interrogata
1365 678 1398 720 si
1426 676 1508 720 illae
1557 677 1720 720 Sanctae
1757 689 1960 735 apparent

317 761 395 806 sibi
440 777 608 819 semper
649 762 694 804 in
731 760 887 805 eodem
930 759 1077 805 babitu
1128 778 1135 803 :
1188 759 1408 819 respondit
1448 759 1567 819 quod
1600 775 1769 818 semper
1807 758 1960 818 [videt]

317 847 362 888 in
394 844 499 903 [una
532 844 592 904 et]
631 844 780 888 eadem
809 844 975 899 forma,
1020 857 1061 888 et
1092 857 1194 888 sunt
1229 843 1379 902 figurae
1413 859 1562 888 earum
1590 856 1805 887 coronatae
1850 859 1957 902 opu·

319 929 456 972 lenter
475 946 486 982 ;
508 941 548 972 et
576 928 627 972 de
653 928 744 972 aliis
763 927 980 972 habitibus
1002 929 1088 986 ipsa
1122 944 1209 972 non
1243 928 1452 986 loquitur,
1477 943 1553 970 nec
1583 926 1634 971 de
1663 927 1777 971 robis
1815 942 1959 971 earum

321 1013 396 1056 scit
429 1012 690 1071 quidquam.

380 1097 505 1150 Item,
548 1096 615 1140 die
659 1095 836 1149 sabbati,
878 1097 1000 1139 tertia
1044 1096 1201 1148 martii,
1246 1094 1368 1148 dixit,
1392 1093 1444 1138 de
1464 1096 1620 1138 sanctis
1647 1094 1881 1138 Katharina
1922 1107 1964 1138 et

321 1180 554 1238 Margareta
583 1192 624 1223 et
648 1180 741 1223 aliis
758 1178 1060 1238 apparentibus
1092 1178 1187 1233 sibi,
1214 1177 1330 1237 quod
1364 1179 1423 1221 sic
1448 1177 1556 1222 bene
1580 1176 1686 1221 vidit
1712 1193 1801 1230 eoS,
1844 1177 1961 1236 quod

322 1265 409 1321 ipsa
445 1265 520 1307 scit
549 1265 662 1322 ipsos
695 1279 783 1306 esse
815 1264 993 1307 Sanctos
1019 1274 1060 1306 et
1091 1263 1264 1306 Sanctas
1308 1263 1349 1305 in
1374 1260 1582 1320 paradiso.

381 1401 534 1444 XLVI.
580 1418 599 1440 «
624 1401 749 1453 ITEM,
778 1400 885 1444 dixit
912 1416 954 1443 se
991 1400 1262 1458 requisivisse
1302 1399 1493 1443 multum
1529 1398 1759 1442 affectuose
1799 1411 1965 1442 sanctas

322 1484 602 1528 Katharinan]
626 1496 666 1527 et
689 1485 971 1541 Margaretam
1003 1499 1080 1540 pro
1108 1482 1191 1527 illis
1225 1482 1276 1526 de
1307 1481 1599 1540 Compendio‚
1629 1495 1859 1540 antequam
1904 1483 1961 1525 sic

320 1568 504 1618 saltaret,
542 1567 687 1611 dicens
725 1568 798 1616 eis,
835 1568 947 1610 inter
976 1579 1122 1610 caetera
1161 1582 1233 1623 per
1273 1565 1457 1610 modum
1496 1566 1811 1623 quaerimoniae,
1847 1580 1920 1623 per
1950 1573 1959 1590 ¹

324 1651 441 1695 hunc
463 1651 646 1694 modum
680 1669 687 1694 :
746 1669 765 1690 «
807 1651 862 1694 Et
887 1660 1072 1694 ccmzmenl
1109 1650 1248 1693 lessera
1278 1649 1381 1692 Dieu
1419 1651 1527 1692 ainsi
1561 1651 1744 1692 ηιοιινίν2
1776 1650 1959 1692 mauvai-

321 1745 461 1779 semen!
497 1735 609 1778 ceulx
640 1735 684 1778 de
710 1736 988 1792 Compiengne,
1016 1735 1086 1792 qui
1111 1743 1194 1777 sont
1227 1735 1264 1776 si
1294 1733 1459 1791 loyaulx
1490 1734 1523 1775 3!
1549 1750 1568 1773 »
1614 1734 1660 1775 In
1704 1748 1792 1790 quo
1835 1747 1957 1789 appa-

323 1817 438 1862 rebat
462 1819 730 1875 impatientia
756 1819 846 1873 ejus
867 1829 907 1861 et
932 1818 1205 1861 irreverentia
1228 1816 1279 1860 ad
1302 1818 1444 1860 Deum
1473 1828 1515 1860 et
1538 1817 1728 1860 Sanctos.
1762 1832 1782 1856 >›

382 1901 400 1922 *
421 1901 487 1945 Ad
514 1901 629 1946 hunc
657 1912 672 1934 4
698 1901 928 1944 articulum
959 1909 987 1952 ³,
1015 1899 1243 1958 respondet
1263 1899 1381 1958 quod
1407 1916 1450 1943 se
1473 1899 1596 1943 refert
1626 1899 1676 1942 ad
1715 1898 1821 1942 illud
1842 1897 1960 1957 quod

323 1986 424 2029 alias
450 1985 668 2043 respondit
685 2001 813 2043 super
835 1985 931 2028 hoc.

382 2069 462 2112 Die
489 2068 663 2121 sabbati,
690 2065 811 2112 tertia
840 2069 1002 2120 martii,
1042 2067 1147 2111 dixit
1193 2066 1327 2125 quod,
1360 2080 1591 2125 postquam
1624 2066 1705 2110 fuit
1739 2066 1834 2109 laesa
1870 2078 1964 2123 post

321 2151 478 2196 saltum
500 2152 551 2196 de
572 2153 677 2195 turri
705 2152 720 2176 ⁶
766 2151 817 2194 de
838 2153 1090 2197 Beaurevoir,
1163 2166 1245 2194 vox
1278 2162 1434 2194 sanctae
1470 2150 1716 2193 Katharinae
1750 2148 1856 2192 dixit
1884 2148 1963 2191 sibi

324 2234 442 2291 quod
464 2234 616 2278 faceret
641 2234 807 2277 bonum
827 2234 1013 2286 vultum,
1037 2246 1078 2276 et
1102 2232 1220 2290 quod
1241 2245 1474 2286 sanaretur,
1492 2246 1533 2276 et
1551 2231 1668 2290 quod
1684 2231 1744 2275 illi
1763 2231 1814 2275 de
1830 2232 1961 2275 Com-

325 2318 485 2376 pendio
522 2317 726 2361 haberent
760 2333 1028 2361 succursum.
1076 2317 1199 2369 Item,
1244 2315 1349 2359 dixit
1392 2315 1509 2373 quod
1552 2331 1662 2373 saepe
1701 2317 1846 2359 orabat
1886 2330 1964 2372 pro

326 2403 408 2445 illis
438 2401 490 2445 de
512 2401 788 2459 Compendio
815 2417 915 2444 cum
941 2400 1123 2444 consilio
1150 2416 1245 2444 suo.

386 2545 557 2588 XLVII.
585 2562 604 2584 «
636 2546 758 2598 ITEM,
783 2543 892 2588 dicta
908 2544 1125 2600 Johanna,
1150 2542 1259 2586 male
1279 2555 1481 2587 contenta
1502 2542 1553 2586 de
1576 2542 1749 2586 laesione
1770 2558 1866 2599 quse
1884 2540 1962 2585 sibi

327 2628 493 2682 accidit,
523 2644 572 2671 ex
599 2644 696 2672 casu
724 2644 797 2671 seu
831 2627 941 2671 saltu
964 2625 1075 2671 facto
1106 2626 1157 2670 de
1183 2640 1299 2670 turre
1326 2625 1377 2670 de
1401 2627 1640 2670 Beaurevoz'r
1677 2638 1718 2669 et
1754 2624 1871 2683 quod
1913 2623 1963 2667 ad

380 2807 398 2825 *
417 2806 627 2859 Respond:
664 2823 682 2842 «
707 2807 750 2854 Je
775 2806 878 2844 m'en
904 2805 1042 2844 actend
1061 2805 1107 2843 ad
1131 2818 1173 2843 ce
1195 2818 1272 2857 que
1292 2804 1367 2856 j'en
1391 2818 1438 2857 ay
1459 2804 1700 2856 responduv.
1724 2820 1743 2840 »

384 2998 413 3021 1.
437 2987 491 3021 C:
515 2988 561 3019 in.
586 3007 629 3010 -—
656 2995 689 3019 2.
713 2985 743 3018 A
761 2996 770 3018 :
792 2985 911 3018 mot-ir.
927 3005 969 3009 —
992 2994 1022 3029 3.
1051 2984 1101 3018 C:
1120 2983 1245 3017 le'aulx.
1266 2993 1356 3025 —4.
1377 2984 1408 3017 A
1429 2982 1744 3029 :quadragesimum
1759 2986 1899 3016 sextum.
1920 3002 1962 3006 —

334 3056 363 3088 5.
381 3045 411 3079 A
427 3045 547 3091 ajoute
559 3043 718 3090 praedicta
730 3036 894 3087 johanna.
914 3064 961 3068 —-
975 3043 1008 3077 6.
1032 3043 1119 3076 AB:
1139 3047 1294 3076 turre.—
1312 3052 1343 3087 7.
1373 3041 1415 3083 U,
1434 3041 1496 3076 fol.
1530 3051 1586 3087 29,
1606 3050 1651 3075 r0.
