2099 3356
417 223 573 268 1³Roc'sss
608 239 663 266 DE
696 237 1047 266 coNoAMNATION
1084 238 1139 266 nr.
1170 239 1337 279 JEANNE
1372 224 1497 268 n’ARC
1726 241 1775 283 37

132 339 412 391 Belvacensis,
443 338 484 381 in
514 338 731 381 territorio
757 335 1100 381 accommodato.
1117 338 1347 391 Quare,ne
1373 353 1594 395 processus
1622 338 1775 382 redde-

129 435 246 467 retur
273 419 503 474 invalidus,
531 437 575 464 ac
592 421 721 464 etiam
743 436 820 478 pro
839 421 1108 464 serenatione
1121 421 1396 464 conscientiae
1419 436 1521 474 suae,
1552 420 1776 466 distulerat

127 523 170 551 se
190 505 440 563 adjungere,
454 520 683 563 quousque
699 504 868 562 plenius
892 503 1063 547 haberet
1079 503 1311 547 consilium
1325 520 1370 547 ac
1392 506 1521 548 etiam
1536 504 1773 563 pleniorem

132 589 304 634 haberet
338 600 595 647 potestatem
623 603 697 632 seu
724 588 1080 631 commissionem
1112 603 1132 630 a
1157 586 1339 631 domino
1360 587 1621 646 Inquisitore
1647 607 1657 643 3
1688 589 1775 647 ipse

130 687 275 718 tamen
303 673 498 725 vicarius,
515 684 731 729 quantum
751 672 793 714 in
814 673 907 729 ipso
927 683 1029 722 erat,
1048 683 1279 715 contentus
1300 671 1437 715 fuerat
1453 671 1571 730 quod
1591 672 1770 716 ulterius

130 759 173 800 in
198 757 371 800 materia
398 757 604 800 continue
628 753 1096 813 procederemus.Quae
1118 755 1175 798 sic
1196 753 1374 798 audiens
1393 771 1466 813 per
1485 772 1561 799 nos
1589 757 1771 811 recitari,

130 841 328 899 praefatus
361 840 541 883 vicarius
580 839 703 903 nobis
728 837 1114 897 respondit,dicens
1143 856 1150 882 :
1174 839 1371 882 «Verum
1395 851 1455 882 est
1476 839 1593 897 quod
1615 839 1769 884 dicitis.

128 926 286 970 Ratun]
304 923 434 967 habui
460 936 501 967 et
521 923 672 976 habeo,
693 935 906 981 quantum
924 938 1099 981 possum
1121 935 1162 966 et
1186 935 1401 981 quantum
1424 924 1467 966 in
1486 939 1554 967 me
1569 923 1772 982 est,quod

128 1008 380 1068 procedatis.
412 1024 431 1047 »

186 1094 417 1150 Deinceps,
457 1093 591 1150 ipsam
638 1091 903 1147 Johannam,
937 1107 1079 1134 coram
1137 1089 1262 1134 nobis
1314 1091 1357 1134 in
1408 1090 1504 1134 loco
1569 1091 1771 1149 praedicto

123 1189 464 1236 comparentem,
516 1176 823 1234 requisivimus
868 1188 909 1218 et
964 1176 1235 1228 monuimus,
1283 1173 1362 1218 sub
1397 1175 1537 1232 poenis
1566 1176 1686 1233 juris,
1719 1175 1770 1220 de

124 1246 335 1305 faciendo‘
364 1261 660 1317 juramentum
689 1258 805 1317 quod
855 1257 923 1302 die
973 1257 1238 1316 praecedente
1270 1259 1535 1316 praestiterat,
1567 1258 1773 1318 quodque

121 1344 372 1403 simpliciter
411 1357 452 1387 et
478 1342 672 1387 absolute
700 1344 856 1400 juraret
886 1341 1026 1386 dicere
1053 1343 1293 1395 veritatem,
1313 1341 1364 1385 ad
1389 1358 1436 1386 ea
1459 1359 1556 1401 quae
1576 1344 1760 1387 interro-

122 1441 326 1487 garentur
346 1429 391 1471 in
415 1428 591 1471 materia
610 1426 660 1471 de
683 1442 766 1485 qua
785 1426 920 1470 delata
948 1439 1034 1470 erat
1062 1440 1101 1469 et
1121 1425 1351 1470 diffamata.
1380 1425 1447 1470 Ad
1460 1426 1578 1483 quod
1598 1443 1771 1485 respon-

123 1513 185 1558 dit
212 1511 330 1571 quod
356 1512 446 1555 heri
467 1511 619 1555 fecerat
635 1511 928 1567 juramentum
958 1523 997 1554 et
1015 1510 1208 1554 sufficere
1227 1509 1421 1554 debebat.

183 1597 347 1640 Iterum
369 1596 674 1654 requisivimus
701 1593 819 1653 quod
846 1596 1019 1652 juraret,
1056 1610 1154 1637 nam
1185 1594 1467 1652 quicumque,
1498 1595 1626 1638 etiam
1648 1596 1770 1652 prin-

123 1697 236 1740 ceps,
281 1680 511 1739 requisitus
559 1680 604 1722 in
630 1679 806 1722 materia
833 1677 932 1722 fidei
978 1694 1066 1721 non
1111 1690 1252 1735 posset
1283 1694 1473 1722 recusare
1498 1677 1632 1721 facere
1653 1680 1769 1735 jura-

123 1777 325 1808 mentum
350 1772 378 1805 Ι.
426 1761 755 1821 Responditque
782 1763 943 1806 iterum
965 1779 973 1805 :
1029 1779 1048 1802 ‹<
1071 1762 1161 1819 Ego
1189 1761 1266 1805 feci
1290 1761 1379 1805 heri
1401 1761 1524 1806 vobis
1551 1763 1768 1819 juramen-

121 1862 241 1902 tum3
272 1846 379 1891 bene
407 1846 532 1891 debet
556 1845 676 1890 vobis
709 1846 918 1890 sufficere.
940 1846 1029 1890 Vos
1059 1846 1246 1890 nimium
1273 1846 1460 1890 oneratis
1481 1862 1564 1890 me.
1592 1863 1610 1886 ›)
1640 1847 1769 1890 Fina-

120 1933 214 1976 liter
235 1931 333 1975 fecit
376 1932 671 1988 juramentum
694 1929 744 1974 de
778 1928 961 1974 dicendo
990 1931 1230 1983 veritatem,
1249 1931 1292 1972 in
1334 1929 1399 1973 his
1426 1946 1523 1988 quae
1548 1943 1770 1988 tangerent

124 2015 270 2060 fidem.

180 2098 470 2143 Postmodum
500 2107 531 2152 ²,
598 2099 780 2142 eximius
831 2113 957 2142 sacrae
1004 2097 1239 2156 theologiae
1285 2098 1513 2156 professor,
1565 2099 1767 2155 magister

116 2181 336 2238 Johannes
357 2179 679 2237 Pulchripatris,
717 2178 768 2223 de
792 2192 1003 2237 praecepto
1054 2192 1095 2223 et
1118 2178 1393 2223 ordinatione
1422 2191 1582 2232 nostra,
1627 2181 1761 2237 ipsam

117 2265 361 2321 Johannam
385 2265 663 2321 interrogavit
681 2279 808 2321 super
824 2263 889 2306 his
911 2279 1007 2321 quae
1035 2274 1292 2321 sequuntur.

177 2349 227 2392 Et
260 2349 402 2406 primo
435 2348 684 2392 exhortatus
699 2359 762 2391 est
782 2363 875 2391 eam
892 2360 940 2391 ut
964 2349 1051 2405 ipsa
1064 2346 1224 2391 diceret
1239 2348 1461 2391 veritatem
1478 2346 1528 2390 de
1550 2346 1760 2404 petendis,

117 2430 491 2491 quemadmodum
540 2433 627 2490 ipsa
649 2433 873 2488 juraverat.
928 2432 1042 2484 Quce
1080 2421 1328 2489 respondit:
1363 2447 1381 2470 «
1414 2431 1503 2474 Vos
1532 2430 1637 2474 bene
1668 2447 1760 2488 pos-

115 2518 213 2560 setis
243 2516 354 2559 mihi
378 2515 506 2559 talem
544 2531 633 2559 rem
657 2527 814 2573 petere,
846 2514 897 2558 de
925 2531 1008 2573 qua
1035 2531 1114 2572 ego
1140 2513 1443 2573 responderem
1471 2513 1592 2558 vobis
1612 2515 1762 2557 verita—

115 2613 221 2653 tem,
247 2612 288 2643 et
316 2598 367 2643 de
393 2599 470 2642 alia
500 2614 589 2642 non
615 2598 936 2657 responderem.
966 2615 984 2638 >³
1008 2599 1058 2642 Et
1086 2597 1370 2655 subjungebat
1394 2615 1402 2642 :
1423 2615 1441 2638 «
1468 2599 1510 2641 Si
1530 2613 1605 2640 vos
1618 2599 1763 2641 essetis

170 2915 198 2938 1.
229 2903 294 2938 AC
308 2916 318 2939 .·
339 2904 485 2948 ...stu'ere
498 2905 744 2949 juramentum.
770 2902 1003 2948 Respoudt'tque
1027 2903 1146 2936 ilerum
1163 2915 1172 2936 .·
1186 2916 1203 2934 α
1226 2902 1296 2945 Ego
1305 2902 1376 2947 feci
1393 2902 1464 2936 heri
1482 2903 1571 2936 >vohis
1586 2905 1764 2949 jurameu-

118 2969 187 2997 tum
205 2969 232 2997 el
259 2963 399 3008 sufficere
418 2963 556 2997 debehat.
583 2977 599 2993 η
627 2962 752 2996 lterum
787 2963 1025 3008 requisiw‘ulus
1048 2962 1130 3008 quod
1151 2964 1297 3007 juraret,
1329 2973 1403 2995 uum
1428 2963 1634 3008 quicumque,
1662 2964 1761 2996 elizzm

113 3024 277 3069 princeps,
314 3023 491 3068 requisitus
528 3023 561 3055 iu
593 3023 734 3055 materia
753 3021 836 3067 fidei
862 3034 923 3055 uou
952 3026 1057 3067 posset
1089 3033 1236 3055 recusare
1255 3023 1498 3067 juruuu'ulum.
1528 3021 1765 3067 Respomluque

120 3083 240 3116 ilerum
265 3095 274 3116 .·
305 3095 321 3113 «
355 3082 427 3127 Ego
442 3081 511 3127 seri
538 3081 606 3115 heri
625 3082 716 3115 vohis
736 3085 992 3127 jurameutum:
1015 3081 1089 3114 hene
1114 3080 1200 3115 debet
1227 3081 1318 3114 vobis
1339 3081 1498 3127 sufficere.
1535 3081 1561 3115 V
1564 3093 1595 3114 ω·
1621 3082 1765 3115 nimium

117 3143 246 3175 oneruli
285 3154 343 3175 ute.
367 3156 382 3172 »
404 3141 612 3175 Fimtliter...
637 3162 679 3166 —
701 3151 733 3175 2.
763 3140 858 3174 ΑΒΕ
877 3152 920 3174 en
935 3152 1053 3186 margc
1075 3153 1080 3174 :
1104 3141 1265 3186 Retmpbrae’
1287 3141 1403 3186 insipit
1424 3142 1639 3185 interrogare.
