<?xml version="1.0" encoding="UTF-8"?>
<!DOCTYPE html PUBLIC "-//W3C//DTD XHTML 1.0 Transitional//EN"
    "http://www.w3.org/TR/xhtml1/DTD/xhtml1-transitional.dtd">
<html xmlns="http://www.w3.org/1999/xhtml" xml:lang="en" lang="en">
 <head>
  <title>
</title>
<meta http-equiv="Content-Type" content="text/html;charset=utf-8" />
  <meta name='ocr-system' content='tesseract 3.04.00' />
  <meta name='ocr-capabilities' content='ocr_page ocr_carea ocr_par ocr_line ocrx_word'/>
</head>
<body>
  <div class='ocr_page' id='page_1' title='image "./procsdecondamn01cham/procsdecondamn01cham_0287.png"; bbox 0 0 2099 3356; ppageno 0'>
   <div class='ocr_carea' id='block_1_1' title="bbox 365 183 1722 239">
    <p class='ocr_par' dir='ltr' id='par_1_1' title="bbox 365 183 1722 239">
     <span class='ocr_line' id='line_1_1' title="bbox 365 183 1722 239; baseline -0.003 -11"><span class='ocrx_word' id='word_1_1' title='bbox 365 186 521 228; x_wconf 66' lang='lat' dir='ltr'>PRoci&#39;zs</span> <span class='ocrx_word' id='word_1_2' title='bbox 556 199 608 227; x_wconf 77' lang='lat' dir='ltr'>DE</span> <span class='ocrx_word' id='word_1_3' title='bbox 640 198 989 228; x_wconf 74' lang='lat' dir='ltr'>CONDAMNA&#39;HON</span> <span class='ocrx_word' id='word_1_4' title='bbox 1025 198 1081 227; x_wconf 70' lang='lat' dir='ltr'>DE</span> <span class='ocrx_word' id='word_1_5' title='bbox 1113 197 1278 239; x_wconf 70' lang='lat' dir='ltr'>JEANNE</span> <span class='ocrx_word' id='word_1_6' title='bbox 1311 183 1439 226; x_wconf 74' lang='lat' dir='ltr'>D&#39;ARc</span> <span class='ocrx_word' id='word_1_7' title='bbox 1639 195 1722 238; x_wconf 79' lang='lat'>237</span> 
     </span>
    </p>
   </div>
   <div class='ocr_carea' id='block_1_2' title="bbox 83 293 1744 2286">
    <p class='ocr_par' dir='ltr' id='par_1_2' title="bbox 83 293 1744 2286">
     <span class='ocr_line' id='line_1_2' title="bbox 86 293 1726 358; baseline -0.004 -15"><span class='ocrx_word' id='word_1_8' title='bbox 86 299 266 358; x_wconf 84' lang='lat' dir='ltr'>promisi</span> <span class='ocrx_word' id='word_1_9' title='bbox 286 314 375 342; x_wconf 91' lang='lat' dir='ltr'>non</span> <span class='ocrx_word' id='word_1_10' title='bbox 396 297 533 342; x_wconf 84' lang='lat' dir='ltr'><strong>dicere</strong></span> <span class='ocrx_word' id='word_1_11' title='bbox 552 296 665 341; x_wconf 89' lang='lat' dir='ltr'>istud</span> <span class='ocrx_word' id='word_1_12' title='bbox 683 298 859 354; x_wconf 86' lang='lat' dir='ltr'>signum</span> <span class='ocrx_word' id='word_1_13' title='bbox 877 315 887 351; x_wconf 82' lang='lat'>3</span> <span class='ocrx_word' id='word_1_14' title='bbox 907 310 946 340; x_wconf 92' lang='lat' dir='ltr'>et</span> <span class='ocrx_word' id='word_1_15' title='bbox 966 296 1047 340; x_wconf 93' lang='lat' dir='ltr'>hoc</span> <span class='ocrx_word' id='word_1_16' title='bbox 1059 295 1176 355; x_wconf 87' lang='lat' dir='ltr'>[feci]</span> <span class='ocrx_word' id='word_1_17' title='bbox 1188 313 1238 340; x_wconf 81' lang='lat' dir='ltr'>ex</span> <span class='ocrx_word' id='word_1_18' title='bbox 1252 312 1320 340; x_wconf 87' lang='lat' dir='ltr'>me</span> <span class='ocrx_word' id='word_1_19' title='bbox 1333 297 1440 354; x_wconf 85' lang='lat' dir='ltr'>ipsa,</span> <span class='ocrx_word' id='word_1_20' title='bbox 1456 306 1629 354; x_wconf 88' lang='lat' dir='ltr'>propter</span> <span class='ocrx_word' id='word_1_21' title='bbox 1644 293 1726 338; x_wconf 90' lang='lat' dir='ltr'>hoc</span> 
     </span>
     <span class='ocr_line' id='line_1_3' title="bbox 84 379 1731 442; baseline -0.004 -15"><span class='ocrx_word' id='word_1_22' title='bbox 84 381 202 442; x_wconf 89' lang='lat' dir='ltr'>quod</span> <span class='ocrx_word' id='word_1_23' title='bbox 236 382 438 426; x_wconf 91' lang='lat' dir='ltr'>homines</span> <span class='ocrx_word' id='word_1_24' title='bbox 474 383 604 425; x_wconf 88' lang='lat' dir='ltr'>nimis</span> <span class='ocrx_word' id='word_1_25' title='bbox 637 380 847 438; x_wconf 79' lang='lat' dir='ltr'>urgebant</span> <span class='ocrx_word' id='word_1_26' title='bbox 879 397 947 423; x_wconf 86' lang='lat' dir='ltr'>me</span> <span class='ocrx_word' id='word_1_27' title='bbox 976 380 1027 424; x_wconf 91' lang='lat' dir='ltr'>de</span> <span class='ocrx_word' id='word_1_28' title='bbox 1057 379 1255 424; x_wconf 87' lang='lat' dir='ltr'>dicendo.</span> <span class='ocrx_word' id='word_1_29' title='bbox 1291 397 1310 420; x_wconf 89' lang='lat'>»</span> <span class='ocrx_word' id='word_1_30' title='bbox 1342 380 1392 423; x_wconf 89' lang='lat' dir='ltr'>Et</span> <span class='ocrx_word' id='word_1_31' title='bbox 1420 391 1522 422; x_wconf 92' lang='lat' dir='ltr'>tunc</span> <span class='ocrx_word' id='word_1_32' title='bbox 1551 379 1731 435; x_wconf 89' lang='lat' dir='ltr'>ipsamet</span> 
     </span>
     <span class='ocr_line' id='line_1_4' title="bbox 83 461 1733 525; baseline -0.004 -15"><span class='ocrx_word' id='word_1_33' title='bbox 83 465 319 525; x_wconf 88' lang='lat' dir='ltr'>[Johanna]</span> <span class='ocrx_word' id='word_1_34' title='bbox 345 465 452 509; x_wconf 81' lang='lat' dir='ltr'>dixit</span> <span class='ocrx_word' id='word_1_35' title='bbox 474 463 592 523; x_wconf 88' lang='lat' dir='ltr'>quod</span> <span class='ocrx_word' id='word_1_36' title='bbox 612 480 699 508; x_wconf 90' lang='lat' dir='ltr'>non</span> <span class='ocrx_word' id='word_1_37' title='bbox 730 464 828 508; x_wconf 90' lang='lat' dir='ltr'>inde</span> <span class='ocrx_word' id='word_1_38' title='bbox 855 465 1108 523; x_wconf 86' lang='lat' dir='ltr'>loqueretur</span> <span class='ocrx_word' id='word_1_39' title='bbox 1130 464 1225 522; x_wconf 91' lang='lat' dir='ltr'>plus</span> <span class='ocrx_word' id='word_1_40' title='bbox 1252 463 1377 507; x_wconf 88' lang='lat' dir='ltr'>alicui</span> <span class='ocrx_word' id='word_1_41' title='bbox 1405 462 1593 506; x_wconf 87' lang='lat' dir='ltr'>homini.</span> <span class='ocrx_word' id='word_1_42' title='bbox 1623 461 1733 504; x_wconf 82' lang='lat' dir='ltr'>Item</span> 
     </span>
     <span class='ocr_line' id='line_1_5' title="bbox 86 545 1733 606; baseline -0.003 -13"><span class='ocrx_word' id='word_1_43' title='bbox 86 549 209 603; x_wconf 81' lang='lat' dir='ltr'>dixit,</span> <span class='ocrx_word' id='word_1_44' title='bbox 239 548 389 593; x_wconf 87' lang='lat' dir='ltr'>eadem</span> <span class='ocrx_word' id='word_1_45' title='bbox 420 548 502 599; x_wconf 88' lang='lat' dir='ltr'>die,</span> <span class='ocrx_word' id='word_1_46' title='bbox 536 547 654 606; x_wconf 88' lang='lat' dir='ltr'>quod</span> <span class='ocrx_word' id='word_1_47' title='bbox 684 547 792 592; x_wconf 91' lang='lat' dir='ltr'>illud</span> <span class='ocrx_word' id='word_1_48' title='bbox 823 550 995 606; x_wconf 86' lang='lat' dir='ltr'>signum</span> <span class='ocrx_word' id='word_1_49' title='bbox 1025 547 1107 591; x_wconf 90' lang='lat' dir='ltr'>fuit</span> <span class='ocrx_word' id='word_1_50' title='bbox 1131 546 1247 605; x_wconf 89' lang='lat' dir='ltr'>quod</span> <span class='ocrx_word' id='word_1_51' title='bbox 1277 546 1456 604; x_wconf 80' lang='lat' dir='ltr'>angelus</span> <span class='ocrx_word' id='word_1_52' title='bbox 1486 545 1733 589; x_wconf 81' lang='lat' dir='ltr'>certificavit</span> 
     </span>
     <span class='ocr_line' id='line_1_6' title="bbox 88 628 1734 691; baseline -0.004 -14"><span class='ocrx_word' id='word_1_53' title='bbox 88 649 229 691; x_wconf 86' lang='lat' dir='ltr'>regem</span> <span class='ocrx_word' id='word_1_54' title='bbox 253 649 398 684; x_wconf 87' lang='lat' dir='ltr'>suum,</span> <span class='ocrx_word' id='word_1_55' title='bbox 419 633 685 691; x_wconf 89' lang='lat' dir='ltr'>apportando</span> <span class='ocrx_word' id='word_1_56' title='bbox 706 632 784 675; x_wconf 84' lang='lat' dir='ltr'>sibi</span> <span class='ocrx_word' id='word_1_57' title='bbox 807 647 1011 676; x_wconf 87' lang='lat' dir='ltr'>coronam</span> <span class='ocrx_word' id='word_1_58' title='bbox 1037 644 1077 675; x_wconf 89' lang='lat' dir='ltr'>et</span> <span class='ocrx_word' id='word_1_59' title='bbox 1100 630 1284 675; x_wconf 90' lang='lat' dir='ltr'>dicendo</span> <span class='ocrx_word' id='word_1_60' title='bbox 1305 629 1422 689; x_wconf 89' lang='lat' dir='ltr'>quod</span> <span class='ocrx_word' id='word_1_61' title='bbox 1448 631 1536 688; x_wconf 87' lang='lat' dir='ltr'>ipse</span> <span class='ocrx_word' id='word_1_62' title='bbox 1560 628 1734 673; x_wconf 90' lang='lat' dir='ltr'>haberet</span> 
     </span>
     <span class='ocr_line' id='line_1_7' title="bbox 89 712 1733 775; baseline -0.003 -14"><span class='ocrx_word' id='word_1_63' title='bbox 89 730 234 761; x_wconf 87' lang='lat' dir='ltr'>totum</span> <span class='ocrx_word' id='word_1_64' title='bbox 262 733 445 775; x_wconf 88' lang='lat' dir='ltr'>regnum</span> <span class='ocrx_word' id='word_1_65' title='bbox 473 717 659 760; x_wconf 80' lang='lat' dir='ltr'>Franciae</span> <span class='ocrx_word' id='word_1_66' title='bbox 681 717 844 773; x_wconf 78' lang='lat' dir='ltr'>integre</span> <span class='ocrx_word' id='word_1_67' title='bbox 869 732 969 759; x_wconf 89' lang='lat' dir='ltr'>cum</span> <span class='ocrx_word' id='word_1_68' title='bbox 992 715 1154 759; x_wconf 83' lang='lat' dir='ltr'>auxilio</span> <span class='ocrx_word' id='word_1_69' title='bbox 1176 716 1257 758; x_wconf 92' lang='lat' dir='ltr'>Dei</span> <span class='ocrx_word' id='word_1_70' title='bbox 1282 727 1322 758; x_wconf 92' lang='lat' dir='ltr'>et</span> <span class='ocrx_word' id='word_1_71' title='bbox 1347 713 1563 758; x_wconf 75' lang='lat' dir='ltr'>mediante</span> <span class='ocrx_word' id='word_1_72' title='bbox 1590 712 1733 756; x_wconf 88' lang='lat' dir='ltr'>labore</span> 
     </span>
     <span class='ocr_line' id='line_1_8' title="bbox 89 795 1735 859; baseline -0.004 -14"><span class='ocrx_word' id='word_1_73' title='bbox 89 802 222 859; x_wconf 89' lang='lat' dir='ltr'>ipsius</span> <span class='ocrx_word' id='word_1_74' title='bbox 248 800 488 857; x_wconf 79' lang='lat' dir='ltr'>Johannae3</span> <span class='ocrx_word' id='word_1_75' title='bbox 517 812 557 843; x_wconf 94' lang='lat' dir='ltr'>et</span> <span class='ocrx_word' id='word_1_76' title='bbox 584 798 699 858; x_wconf 87' lang='lat' dir='ltr'>quod</span> <span class='ocrx_word' id='word_1_77' title='bbox 728 812 906 858; x_wconf 88' lang='lat' dir='ltr'>poneret</span> <span class='ocrx_word' id='word_1_78' title='bbox 933 815 1027 843; x_wconf 89' lang='lat' dir='ltr'>eam</span> <span class='ocrx_word' id='word_1_79' title='bbox 1061 800 1104 842; x_wconf 93' lang='lat' dir='ltr'>in</span> <span class='ocrx_word' id='word_1_80' title='bbox 1130 815 1255 857; x_wconf 86' lang='lat' dir='ltr'>opus,</span> <span class='ocrx_word' id='word_1_81' title='bbox 1286 797 1483 842; x_wconf 87' lang='lat' dir='ltr'>videlicet</span> <span class='ocrx_word' id='word_1_82' title='bbox 1512 795 1631 856; x_wconf 90' lang='lat' dir='ltr'>quod</span> <span class='ocrx_word' id='word_1_83' title='bbox 1655 796 1735 840; x_wconf 87' lang='lat' dir='ltr'>sibi</span> 
     </span>
     <span class='ocr_line' id='line_1_9' title="bbox 89 883 1736 941; baseline -0.003 -12"><span class='ocrx_word' id='word_1_84' title='bbox 89 884 273 929; x_wconf 87' lang='lat' dir='ltr'>traderet</span> <span class='ocrx_word' id='word_1_85' title='bbox 327 885 529 928; x_wconf 88' lang='lat' dir='ltr'>homines</span> <span class='ocrx_word' id='word_1_86' title='bbox 586 899 827 937; x_wconf 86' lang='lat' dir='ltr'>armorum,</span> <span class='ocrx_word' id='word_1_87' title='bbox 896 883 1015 927; x_wconf 88' lang='lat' dir='ltr'>aliter</span> <span class='ocrx_word' id='word_1_88' title='bbox 1068 884 1157 941; x_wconf 89' lang='lat' dir='ltr'>ipse</span> <span class='ocrx_word' id='word_1_89' title='bbox 1212 899 1300 926; x_wconf 91' lang='lat' dir='ltr'>non</span> <span class='ocrx_word' id='word_1_90' title='bbox 1359 884 1416 926; x_wconf 87' lang='lat' dir='ltr'>ita</span> <span class='ocrx_word' id='word_1_91' title='bbox 1479 883 1564 925; x_wconf 90' lang='lat' dir='ltr'>cito</span> <span class='ocrx_word' id='word_1_92' title='bbox 1627 892 1736 925; x_wconf 91' lang='lat' dir='ltr'>esset</span> 
     </span>
     <span class='ocr_line' id='line_1_10' title="bbox 89 965 1737 1024; baseline -0.003 -11"><span class='ocrx_word' id='word_1_93' title='bbox 89 981 319 1013; x_wconf 88' lang='lat' dir='ltr'>coronatus</span> <span class='ocrx_word' id='word_1_94' title='bbox 347 981 388 1012; x_wconf 93' lang='lat' dir='ltr'>et</span> <span class='ocrx_word' id='word_1_95' title='bbox 418 980 705 1012; x_wconf 87' lang='lat' dir='ltr'>consecratus.</span> <span class='ocrx_word' id='word_1_96' title='bbox 735 993 793 997; x_wconf 85' lang='lat'>——</span> <span class='ocrx_word' id='word_1_97' title='bbox 823 967 949 1019; x_wconf 88' lang='lat' dir='ltr'>Item,</span> <span class='ocrx_word' id='word_1_98' title='bbox 979 982 1026 1010; x_wconf 90' lang='lat' dir='ltr'>ea</span> <span class='ocrx_word' id='word_1_99' title='bbox 1057 975 1065 991; x_wconf 84' lang='lat'>¹</span> <span class='ocrx_word' id='word_1_100' title='bbox 1108 965 1193 1019; x_wconf 84' lang='lat' dir='ltr'>die,</span> <span class='ocrx_word' id='word_1_101' title='bbox 1221 967 1480 1024; x_wconf 87' lang='lat' dir='ltr'>interrogata</span> <span class='ocrx_word' id='word_1_102' title='bbox 1505 981 1578 1024; x_wconf 90' lang='lat' dir='ltr'>per</span> <span class='ocrx_word' id='word_1_103' title='bbox 1604 980 1737 1023; x_wconf 90' lang='lat' dir='ltr'>quem</span> 
     </span>
     <span class='ocr_line' id='line_1_11' title="bbox 90 1047 1737 1110; baseline -0.003 -13"><span class='ocrx_word' id='word_1_104' title='bbox 90 1051 273 1097; x_wconf 88' lang='lat' dir='ltr'>modum</span> <span class='ocrx_word' id='word_1_105' title='bbox 297 1052 367 1096; x_wconf 92' lang='lat' dir='ltr'>ille</span> <span class='ocrx_word' id='word_1_106' title='bbox 388 1052 563 1109; x_wconf 84' lang='lat' dir='ltr'>angelus</span> <span class='ocrx_word' id='word_1_107' title='bbox 587 1047 826 1110; x_wconf 81' lang='lat' dir='ltr'>apportavit</span> <span class='ocrx_word' id='word_1_108' title='bbox 849 1066 1072 1104; x_wconf 85' lang='lat' dir='ltr'>coronam,</span> <span class='ocrx_word' id='word_1_109' title='bbox 1104 1063 1145 1093; x_wconf 90' lang='lat' dir='ltr'>et</span> <span class='ocrx_word' id='word_1_110' title='bbox 1172 1051 1205 1093; x_wconf 90' lang='lat' dir='ltr'>si</span> <span class='ocrx_word' id='word_1_111' title='bbox 1234 1050 1424 1107; x_wconf 86' lang='lat' dir='ltr'>posuerit</span> <span class='ocrx_word' id='word_1_112' title='bbox 1452 1065 1582 1107; x_wconf 91' lang='lat' dir='ltr'>super</span> <span class='ocrx_word' id='word_1_113' title='bbox 1610 1061 1737 1107; x_wconf 87' lang='lat' dir='ltr'>caput</span> 
     </span>
     <span class='ocr_line' id='line_1_12' title="bbox 87 1133 1733 1194; baseline -0.002 -14"><span class='ocrx_word' id='word_1_114' title='bbox 87 1138 195 1194; x_wconf 90' lang='lat' dir='ltr'>regis</span> <span class='ocrx_word' id='word_1_115' title='bbox 216 1138 282 1179; x_wconf 88' lang='lat' dir='ltr'>sui</span> <span class='ocrx_word' id='word_1_116' title='bbox 313 1154 321 1179; x_wconf 88' lang='lat'><strong>:</strong></span> <span class='ocrx_word' id='word_1_117' title='bbox 349 1134 571 1194; x_wconf 83' lang='lat' dir='ltr'>respondit</span> <span class='ocrx_word' id='word_1_118' title='bbox 591 1133 709 1193; x_wconf 88' lang='lat' dir='ltr'>quod</span> <span class='ocrx_word' id='word_1_119' title='bbox 732 1136 819 1192; x_wconf 84' lang='lat' dir='ltr'>ipsa</span> <span class='ocrx_word' id='word_1_120' title='bbox 840 1150 1001 1178; x_wconf 88' lang='lat' dir='ltr'>corona</span> <span class='ocrx_word' id='word_1_121' title='bbox 1021 1133 1105 1177; x_wconf 87' lang='lat' dir='ltr'>fuit</span> <span class='ocrx_word' id='word_1_122' title='bbox 1119 1133 1271 1177; x_wconf 87' lang='lat' dir='ltr'>tradita</span> <span class='ocrx_word' id='word_1_123' title='bbox 1295 1134 1373 1176; x_wconf 91' lang='lat' dir='ltr'>uni</span> <span class='ocrx_word' id='word_1_124' title='bbox 1396 1133 1733 1191; x_wconf 78' lang='lat' dir='ltr'>archiepiscopo,</span> 
     </span>
     <span class='ocr_line' id='line_1_13' title="bbox 89 1217 1735 1278; baseline -0.002 -15"><span class='ocrx_word' id='word_1_125' title='bbox 89 1219 286 1264; x_wconf 87' lang='lat' dir='ltr'>videlicet</span> <span class='ocrx_word' id='word_1_126' title='bbox 307 1219 629 1278; x_wconf 82' lang='lat' dir='ltr'>archiepiscopo</span> <span class='ocrx_word' id='word_1_127' title='bbox 650 1220 873 1272; x_wconf 86' lang='lat' dir='ltr'>Remensi,</span> <span class='ocrx_word' id='word_1_128' title='bbox 900 1219 1011 1262; x_wconf 89' lang='lat' dir='ltr'>sicut</span> <span class='ocrx_word' id='word_1_129' title='bbox 1038 1219 1076 1261; x_wconf 93' lang='lat' dir='ltr'>ei</span> <span class='ocrx_word' id='word_1_130' title='bbox 1100 1217 1287 1272; x_wconf 85' lang='lat' dir='ltr'>videtur,</span> <span class='ocrx_word' id='word_1_131' title='bbox 1314 1218 1358 1260; x_wconf 92' lang='lat' dir='ltr'>in</span> <span class='ocrx_word' id='word_1_132' title='bbox 1383 1218 1607 1276; x_wconf 75' lang='lat' dir='ltr'>praesentia</span> <span class='ocrx_word' id='word_1_133' title='bbox 1628 1217 1735 1274; x_wconf 88' lang='lat' dir='ltr'>regis</span> 
     </span>
     <span class='ocr_line' id='line_1_14' title="bbox 88 1300 1738 1361; baseline -0.003 -12"><span class='ocrx_word' id='word_1_134' title='bbox 88 1305 155 1349; x_wconf 87' lang='lat' dir='ltr'>sui</span> <span class='ocrx_word' id='word_1_135' title='bbox 171 1321 182 1359; x_wconf 80' lang='lat'><em>3</em></span> <span class='ocrx_word' id='word_1_136' title='bbox 208 1316 248 1348; x_wconf 93' lang='lat' dir='ltr'>et</span> <span class='ocrx_word' id='word_1_137' title='bbox 264 1303 402 1348; x_wconf 88' lang='lat' dir='ltr'>dictus</span> <span class='ocrx_word' id='word_1_138' title='bbox 421 1303 765 1361; x_wconf 85' lang='lat' dir='ltr'>archiepiscopus</span> <span class='ocrx_word' id='word_1_139' title='bbox 780 1303 936 1361; x_wconf 89' lang='lat' dir='ltr'>recepit</span> <span class='ocrx_word' id='word_1_140' title='bbox 954 1318 1049 1346; x_wconf 90' lang='lat' dir='ltr'>eam</span> <span class='ocrx_word' id='word_1_141' title='bbox 1066 1314 1108 1346; x_wconf 91' lang='lat' dir='ltr'>et</span> <span class='ocrx_word' id='word_1_142' title='bbox 1125 1300 1302 1346; x_wconf 78' lang='lat' dir='ltr'>tradidit</span> <span class='ocrx_word' id='word_1_143' title='bbox 1324 1302 1409 1359; x_wconf 89' lang='lat' dir='ltr'>regi</span> <span class='ocrx_word' id='word_1_144' title='bbox 1430 1317 1527 1355; x_wconf 87' lang='lat' dir='ltr'>suo,</span> <span class='ocrx_word' id='word_1_145' title='bbox 1555 1302 1738 1358; x_wconf 84' lang='lat' dir='ltr'>ipsamet</span> 
     </span>
     <span class='ocr_line' id='line_1_15' title="bbox 88 1384 1740 1446; baseline -0.002 -15"><span class='ocrx_word' id='word_1_146' title='bbox 88 1387 288 1444; x_wconf 88' lang='lat' dir='ltr'>Johanna</span> <span class='ocrx_word' id='word_1_147' title='bbox 311 1387 369 1431; x_wconf 91' lang='lat' dir='ltr'>ibi</span> <span class='ocrx_word' id='word_1_148' title='bbox 394 1400 601 1446; x_wconf 82' lang='lat' dir='ltr'>praesente</span> <span class='ocrx_word' id='word_1_149' title='bbox 619 1406 629 1442; x_wconf 82' lang='lat'>3</span> <span class='ocrx_word' id='word_1_150' title='bbox 650 1400 690 1430; x_wconf 92' lang='lat' dir='ltr'>et</span> <span class='ocrx_word' id='word_1_151' title='bbox 707 1399 769 1431; x_wconf 88' lang='lat' dir='ltr'>est</span> <span class='ocrx_word' id='word_1_152' title='bbox 790 1387 927 1445; x_wconf 85' lang='lat' dir='ltr'>posita</span> <span class='ocrx_word' id='word_1_153' title='bbox 943 1387 985 1429; x_wconf 92' lang='lat' dir='ltr'>in</span> <span class='ocrx_word' id='word_1_154' title='bbox 1008 1386 1211 1430; x_wconf 87' lang='lat' dir='ltr'>thesauro</span> <span class='ocrx_word' id='word_1_155' title='bbox 1233 1384 1428 1443; x_wconf 78' lang='lat' dir='ltr'>ejusdem</span> <span class='ocrx_word' id='word_1_156' title='bbox 1450 1386 1559 1442; x_wconf 87' lang='lat' dir='ltr'>regis</span> <span class='ocrx_word' id='word_1_157' title='bbox 1578 1385 1658 1428; x_wconf 92' lang='lat' dir='ltr'>sui.</span> <span class='ocrx_word' id='word_1_158' title='bbox 1681 1409 1740 1415; x_wconf 81' lang='lat'>-—</span> 
     </span>
     <span class='ocr_line' id='line_1_16' title="bbox 92 1468 1740 1530; baseline -0.002 -15"><span class='ocrx_word' id='word_1_159' title='bbox 92 1472 355 1530; x_wconf 81' lang='lat' dir='ltr'>Interrogata</span> <span class='ocrx_word' id='word_1_160' title='bbox 382 1470 433 1515; x_wconf 94' lang='lat' dir='ltr'>de</span> <span class='ocrx_word' id='word_1_161' title='bbox 458 1471 553 1516; x_wconf 94' lang='lat' dir='ltr'>loco</span> <span class='ocrx_word' id='word_1_162' title='bbox 572 1472 616 1514; x_wconf 91' lang='lat' dir='ltr'>in</span> <span class='ocrx_word' id='word_1_163' title='bbox 650 1487 738 1529; x_wconf 88' lang='lat' dir='ltr'>quo</span> <span class='ocrx_word' id='word_1_164' title='bbox 766 1470 846 1515; x_wconf 86' lang='lat' dir='ltr'>fuit</span> <span class='ocrx_word' id='word_1_165' title='bbox 873 1482 1092 1529; x_wconf 87' lang='lat' dir='ltr'>apportata</span> <span class='ocrx_word' id='word_1_166' title='bbox 1118 1487 1126 1513; x_wconf 88' lang='lat'><strong>:</strong></span> <span class='ocrx_word' id='word_1_167' title='bbox 1151 1468 1371 1528; x_wconf 88' lang='lat' dir='ltr'>respondit</span> <span class='ocrx_word' id='word_1_168' title='bbox 1399 1468 1517 1527; x_wconf 90' lang='lat' dir='ltr'>quod</span> <span class='ocrx_word' id='word_1_169' title='bbox 1542 1469 1625 1513; x_wconf 91' lang='lat' dir='ltr'>hoc</span> <span class='ocrx_word' id='word_1_170' title='bbox 1658 1468 1740 1512; x_wconf 86' lang='lat' dir='ltr'>fuit</span> 
     </span>
     <span class='ocr_line' id='line_1_17' title="bbox 93 1551 1741 1613; baseline -0.002 -15"><span class='ocrx_word' id='word_1_171' title='bbox 93 1556 137 1599; x_wconf 90' lang='lat' dir='ltr'>in</span> <span class='ocrx_word' id='word_1_172' title='bbox 161 1571 331 1600; x_wconf 90' lang='lat' dir='ltr'>camera</span> <span class='ocrx_word' id='word_1_173' title='bbox 358 1557 465 1613; x_wconf 89' lang='lat' dir='ltr'>regis</span> <span class='ocrx_word' id='word_1_174' title='bbox 492 1556 575 1609; x_wconf 89' lang='lat' dir='ltr'>sui,</span> <span class='ocrx_word' id='word_1_175' title='bbox 616 1556 660 1598; x_wconf 93' lang='lat' dir='ltr'>in</span> <span class='ocrx_word' id='word_1_176' title='bbox 694 1567 829 1599; x_wconf 91' lang='lat' dir='ltr'>castro</span> <span class='ocrx_word' id='word_1_177' title='bbox 851 1553 903 1599; x_wconf 93' lang='lat' dir='ltr'>de</span> <span class='ocrx_word' id='word_1_178' title='bbox 927 1555 1100 1599; x_wconf 79' lang='lat' dir='ltr'>Chinon.</span> <span class='ocrx_word' id='word_1_179' title='bbox 1131 1579 1186 1585; x_wconf 89' lang='lat'>—</span> <span class='ocrx_word' id='word_1_180' title='bbox 1212 1554 1478 1611; x_wconf 78' lang='lat' dir='ltr'>Interrogata</span> <span class='ocrx_word' id='word_1_181' title='bbox 1502 1551 1553 1596; x_wconf 93' lang='lat' dir='ltr'>de</span> <span class='ocrx_word' id='word_1_182' title='bbox 1571 1551 1639 1597; x_wconf 89' lang='lat' dir='ltr'>die</span> <span class='ocrx_word' id='word_1_183' title='bbox 1661 1564 1703 1596; x_wconf 91' lang='lat' dir='ltr'>et</span> <span class='ocrx_word' id='word_1_184' title='bbox 1726 1560 1741 1577; x_wconf 87' lang='lat'>2</span> 
     </span>
     <span class='ocr_line' id='line_1_18' title="bbox 93 1636 1742 1698; baseline -0.002 -15"><span class='ocrx_word' id='word_1_185' title='bbox 93 1639 199 1684; x_wconf 89' lang='lat' dir='ltr'>hora</span> <span class='ocrx_word' id='word_1_186' title='bbox 227 1657 235 1683; x_wconf 90' lang='lat'>:</span> <span class='ocrx_word' id='word_1_187' title='bbox 261 1638 481 1698; x_wconf 88' lang='lat' dir='ltr'>respondit</span> <span class='ocrx_word' id='word_1_188' title='bbox 507 1657 515 1683; x_wconf 91' lang='lat'>:</span> <span class='ocrx_word' id='word_1_189' title='bbox 538 1656 558 1679; x_wconf 84' lang='lat'>‹&lt;</span> <span class='ocrx_word' id='word_1_190' title='bbox 586 1640 652 1683; x_wconf 92' lang='lat' dir='ltr'>De</span> <span class='ocrx_word' id='word_1_191' title='bbox 668 1638 751 1692; x_wconf 89' lang='lat' dir='ltr'>die,</span> <span class='ocrx_word' id='word_1_192' title='bbox 773 1654 853 1696; x_wconf 90' lang='lat' dir='ltr'>ego</span> <span class='ocrx_word' id='word_1_193' title='bbox 872 1640 1044 1692; x_wconf 83' lang='lat' dir='ltr'>nesci03</span> <span class='ocrx_word' id='word_1_194' title='bbox 1066 1651 1123 1691; x_wconf 92' lang='lat' dir='ltr'>et,</span> <span class='ocrx_word' id='word_1_195' title='bbox 1142 1637 1194 1682; x_wconf 91' lang='lat' dir='ltr'>de</span> <span class='ocrx_word' id='word_1_196' title='bbox 1217 1637 1337 1691; x_wconf 86' lang='lat' dir='ltr'>hora,</span> <span class='ocrx_word' id='word_1_197' title='bbox 1365 1650 1453 1680; x_wconf 88' lang='lat' dir='ltr'>erat</span> <span class='ocrx_word' id='word_1_198' title='bbox 1467 1637 1550 1680; x_wconf 89' lang='lat' dir='ltr'>alta</span> <span class='ocrx_word' id='word_1_199' title='bbox 1566 1636 1710 1680; x_wconf 84' lang='lat' dir='ltr'>hora»</span> <span class='ocrx_word' id='word_1_200' title='bbox 1730 1652 1742 1690; x_wconf 83' lang='lat'>3</span> 
     </span>
     <span class='ocr_line' id='line_1_19' title="bbox 90 1721 1741 1776; baseline -0.002 -9"><span class='ocrx_word' id='word_1_201' title='bbox 90 1722 212 1767; x_wconf 88' lang='lat' dir='ltr'>aliter</span> <span class='ocrx_word' id='word_1_202' title='bbox 231 1740 320 1767; x_wconf 93' lang='lat' dir='ltr'>non</span> <span class='ocrx_word' id='word_1_203' title='bbox 342 1723 524 1768; x_wconf 88' lang='lat' dir='ltr'>habebat</span> <span class='ocrx_word' id='word_1_204' title='bbox 548 1732 558 1756; x_wconf 73' lang='lat'><em>³</em></span> <span class='ocrx_word' id='word_1_205' title='bbox 589 1724 848 1767; x_wconf 86' lang='lat' dir='ltr'>memoriam</span> <span class='ocrx_word' id='word_1_206' title='bbox 870 1721 921 1767; x_wconf 91' lang='lat' dir='ltr'>de</span> <span class='ocrx_word' id='word_1_207' title='bbox 944 1722 1048 1766; x_wconf 88' lang='lat' dir='ltr'>hora</span> <span class='ocrx_word' id='word_1_208' title='bbox 1071 1736 1138 1776; x_wconf 89' lang='lat' dir='ltr'>;et</span> <span class='ocrx_word' id='word_1_209' title='bbox 1165 1721 1216 1765; x_wconf 91' lang='lat' dir='ltr'>de</span> <span class='ocrx_word' id='word_1_210' title='bbox 1234 1737 1397 1774; x_wconf 83' lang='lat' dir='ltr'>mense,</span> <span class='ocrx_word' id='word_1_211' title='bbox 1420 1721 1503 1765; x_wconf 84' lang='lat' dir='ltr'>fuit</span> <span class='ocrx_word' id='word_1_212' title='bbox 1525 1722 1570 1764; x_wconf 89' lang='lat' dir='ltr'>in</span> <span class='ocrx_word' id='word_1_213' title='bbox 1593 1737 1741 1764; x_wconf 92' lang='lat' dir='ltr'>mense</span> 
     </span>
     <span class='ocr_line' id='line_1_20' title="bbox 91 1804 1741 1865; baseline -0.002 -14"><span class='ocrx_word' id='word_1_214' title='bbox 91 1807 234 1865; x_wconf 85' lang='lat' dir='ltr'>aprilis</span> <span class='ocrx_word' id='word_1_215' title='bbox 261 1807 327 1851; x_wconf 82' lang='lat' dir='ltr'>vel</span> <span class='ocrx_word' id='word_1_216' title='bbox 355 1808 512 1861; x_wconf 89' lang='lat' dir='ltr'>martii,</span> <span class='ocrx_word' id='word_1_217' title='bbox 532 1808 643 1851; x_wconf 87' lang='lat' dir='ltr'>sicut</span> <span class='ocrx_word' id='word_1_218' title='bbox 669 1808 706 1849; x_wconf 88' lang='lat' dir='ltr'>ei</span> <span class='ocrx_word' id='word_1_219' title='bbox 733 1805 932 1860; x_wconf 79' lang='lat' dir='ltr'>videtur3</span> <span class='ocrx_word' id='word_1_220' title='bbox 961 1819 1002 1850; x_wconf 92' lang='lat' dir='ltr'>et</span> <span class='ocrx_word' id='word_1_221' title='bbox 1030 1807 1073 1849; x_wconf 94' lang='lat' dir='ltr'>in</span> <span class='ocrx_word' id='word_1_222' title='bbox 1102 1821 1250 1849; x_wconf 86' lang='lat' dir='ltr'>mense</span> <span class='ocrx_word' id='word_1_223' title='bbox 1278 1804 1420 1863; x_wconf 89' lang='lat' dir='ltr'>aprilis</span> <span class='ocrx_word' id='word_1_224' title='bbox 1445 1805 1645 1863; x_wconf 78' lang='lat' dir='ltr'>proximo</span> <span class='ocrx_word' id='word_1_225' title='bbox 1672 1804 1741 1848; x_wconf 79' lang='lat' dir='ltr'>vel</span> 
     </span>
     <span class='ocr_line' id='line_1_21' title="bbox 93 1888 1743 1950; baseline -0.001 -16"><span class='ocrx_word' id='word_1_226' title='bbox 93 1892 137 1934; x_wconf 90' lang='lat' dir='ltr'>in</span> <span class='ocrx_word' id='word_1_227' title='bbox 172 1893 252 1935; x_wconf 91' lang='lat' dir='ltr'>isto</span> <span class='ocrx_word' id='word_1_228' title='bbox 289 1908 436 1936; x_wconf 89' lang='lat' dir='ltr'>mense</span> <span class='ocrx_word' id='word_1_229' title='bbox 469 1893 682 1950; x_wconf 85' lang='lat' dir='ltr'>praesenti‚</span> <span class='ocrx_word' id='word_1_230' title='bbox 711 1902 839 1934; x_wconf 89' lang='lat' dir='ltr'>erunt</span> <span class='ocrx_word' id='word_1_231' title='bbox 866 1890 955 1934; x_wconf 91' lang='lat' dir='ltr'>duo</span> <span class='ocrx_word' id='word_1_232' title='bbox 991 1891 1123 1943; x_wconf 79' lang='lat' dir='ltr'>anni3</span> <span class='ocrx_word' id='word_1_233' title='bbox 1161 1902 1201 1933; x_wconf 92' lang='lat' dir='ltr'>et</span> <span class='ocrx_word' id='word_1_234' title='bbox 1231 1902 1318 1933; x_wconf 86' lang='lat' dir='ltr'>erat</span> <span class='ocrx_word' id='word_1_235' title='bbox 1353 1902 1448 1948; x_wconf 91' lang='lat' dir='ltr'>post</span> <span class='ocrx_word' id='word_1_236' title='bbox 1480 1888 1652 1933; x_wconf 87' lang='lat' dir='ltr'>Pascha.</span> <span class='ocrx_word' id='word_1_237' title='bbox 1685 1914 1743 1919; x_wconf 90' lang='lat'>—-</span> 
     </span>
     <span class='ocr_line' id='line_1_22' title="bbox 92 1971 1743 2034; baseline -0.002 -15"><span class='ocrx_word' id='word_1_238' title='bbox 92 1975 356 2033; x_wconf 86' lang='lat' dir='ltr'>Interrogata</span> <span class='ocrx_word' id='word_1_239' title='bbox 376 1977 426 2029; x_wconf 83' lang='lat' dir='ltr'>si,</span> <span class='ocrx_word' id='word_1_240' title='bbox 454 1976 590 2034; x_wconf 88' lang='lat' dir='ltr'>prima</span> <span class='ocrx_word' id='word_1_241' title='bbox 612 1974 679 2018; x_wconf 91' lang='lat' dir='ltr'>die</span> <span class='ocrx_word' id='word_1_242' title='bbox 701 1990 784 2033; x_wconf 90' lang='lat' dir='ltr'>qua</span> <span class='ocrx_word' id='word_1_243' title='bbox 807 1975 897 2032; x_wconf 86' lang='lat' dir='ltr'>ipsa</span> <span class='ocrx_word' id='word_1_244' title='bbox 915 1973 1022 2017; x_wconf 83' lang='lat' dir='ltr'>vidit</span> <span class='ocrx_word' id='word_1_245' title='bbox 1042 1975 1233 2032; x_wconf 88' lang='lat' dir='ltr'>signum,</span> <span class='ocrx_word' id='word_1_246' title='bbox 1260 1989 1332 2017; x_wconf 81' lang='lat' dir='ltr'>rex</span> <span class='ocrx_word' id='word_1_247' title='bbox 1347 1989 1449 2017; x_wconf 89' lang='lat' dir='ltr'>suus</span> <span class='ocrx_word' id='word_1_248' title='bbox 1471 1974 1601 2016; x_wconf 91' lang='lat' dir='ltr'>etiam</span> <span class='ocrx_word' id='word_1_249' title='bbox 1626 1971 1743 2016; x_wconf 86' lang='lat' dir='ltr'>vide-</span> 
     </span>
     <span class='ocr_line' id='line_1_23' title="bbox 94 2055 1742 2118; baseline -0.002 -15"><span class='ocrx_word' id='word_1_250' title='bbox 94 2059 149 2103; x_wconf 89' lang='lat' dir='ltr'>rit</span> <span class='ocrx_word' id='word_1_251' title='bbox 180 2076 188 2102; x_wconf 81' lang='lat' dir='ltr'>z</span> <span class='ocrx_word' id='word_1_252' title='bbox 219 2059 440 2118; x_wconf 89' lang='lat' dir='ltr'>respondit</span> <span class='ocrx_word' id='word_1_253' title='bbox 465 2058 583 2118; x_wconf 86' lang='lat' dir='ltr'>quod</span> <span class='ocrx_word' id='word_1_254' title='bbox 609 2060 668 2103; x_wconf 92' lang='lat' dir='ltr'>sic</span> <span class='ocrx_word' id='word_1_255' title='bbox 694 2070 735 2102; x_wconf 93' lang='lat' dir='ltr'>et</span> <span class='ocrx_word' id='word_1_256' title='bbox 763 2057 881 2117; x_wconf 88' lang='lat' dir='ltr'>quod</span> <span class='ocrx_word' id='word_1_257' title='bbox 908 2059 1089 2116; x_wconf 83' lang='lat' dir='ltr'>ipsemet</span> <span class='ocrx_word' id='word_1_258' title='bbox 1117 2056 1282 2101; x_wconf 84' lang='lat' dir='ltr'>habuit.</span> <span class='ocrx_word' id='word_1_259' title='bbox 1315 2083 1370 2088; x_wconf 90' lang='lat'>—</span> <span class='ocrx_word' id='word_1_260' title='bbox 1400 2058 1662 2115; x_wconf 86' lang='lat' dir='ltr'>Interrogata</span> <span class='ocrx_word' id='word_1_261' title='bbox 1689 2055 1742 2100; x_wconf 90' lang='lat' dir='ltr'>de</span> 
     </span>
     <span class='ocr_line' id='line_1_24' title="bbox 96 2140 1742 2202; baseline -0.002 -15"><span class='ocrx_word' id='word_1_262' title='bbox 96 2159 180 2202; x_wconf 88' lang='lat' dir='ltr'>qua</span> <span class='ocrx_word' id='word_1_263' title='bbox 202 2145 378 2187; x_wconf 86' lang='lat' dir='ltr'>materia</span> <span class='ocrx_word' id='word_1_264' title='bbox 405 2156 491 2187; x_wconf 88' lang='lat' dir='ltr'>erat</span> <span class='ocrx_word' id='word_1_265' title='bbox 518 2142 627 2186; x_wconf 85' lang='lat' dir='ltr'>dicta</span> <span class='ocrx_word' id='word_1_266' title='bbox 649 2158 810 2186; x_wconf 87' lang='lat' dir='ltr'>corona</span> <span class='ocrx_word' id='word_1_267' title='bbox 838 2159 845 2185; x_wconf 91' lang='lat'>:</span> <span class='ocrx_word' id='word_1_268' title='bbox 877 2141 1099 2200; x_wconf 86' lang='lat' dir='ltr'>respondit</span> <span class='ocrx_word' id='word_1_269' title='bbox 1128 2159 1136 2185; x_wconf 90' lang='lat'><strong>:</strong></span> <span class='ocrx_word' id='word_1_270' title='bbox 1161 2157 1181 2179; x_wconf 87' lang='grc'>«</span> <span class='ocrx_word' id='word_1_271' title='bbox 1212 2142 1386 2185; x_wconf 85' lang='lat' dir='ltr'>Bonum</span> <span class='ocrx_word' id='word_1_272' title='bbox 1408 2152 1470 2184; x_wconf 88' lang='lat' dir='ltr'>est</span> <span class='ocrx_word' id='word_1_273' title='bbox 1495 2142 1600 2185; x_wconf 87' lang='lat' dir='ltr'>scire</span> <span class='ocrx_word' id='word_1_274' title='bbox 1624 2140 1742 2199; x_wconf 89' lang='lat' dir='ltr'>quod</span> 
     </span>
     <span class='ocr_line' id='line_1_25' title="bbox 95 2224 1744 2286; baseline -0.002 -15"><span class='ocrx_word' id='word_1_275' title='bbox 95 2240 182 2271; x_wconf 91' lang='lat' dir='ltr'>erat</span> <span class='ocrx_word' id='word_1_276' title='bbox 203 2227 255 2271; x_wconf 94' lang='lat' dir='ltr'>de</span> <span class='ocrx_word' id='word_1_277' title='bbox 277 2243 385 2286; x_wconf 88' lang='lat' dir='ltr'>puro</span> <span class='ocrx_word' id='word_1_278' title='bbox 399 2244 503 2271; x_wconf 89' lang='lat' dir='ltr'>auro</span> <span class='ocrx_word' id='word_1_279' title='bbox 525 2244 544 2267; x_wconf 84' lang='grc'>&gt;)</span> <span class='ocrx_word' id='word_1_280' title='bbox 563 2244 574 2281; x_wconf 83' lang='grc'>;</span> <span class='ocrx_word' id='word_1_281' title='bbox 591 2239 632 2270; x_wconf 90' lang='lat' dir='ltr'>et</span> <span class='ocrx_word' id='word_1_282' title='bbox 648 2228 705 2270; x_wconf 90' lang='lat' dir='ltr'>ita</span> <span class='ocrx_word' id='word_1_283' title='bbox 721 2239 808 2270; x_wconf 91' lang='lat' dir='ltr'>erat</span> <span class='ocrx_word' id='word_1_284' title='bbox 825 2225 1046 2282; x_wconf 88' lang='lat' dir='ltr'>opulenta,</span> <span class='ocrx_word' id='word_1_285' title='bbox 1070 2224 1185 2284; x_wconf 88' lang='lat' dir='ltr'>quod</span> <span class='ocrx_word' id='word_1_286' title='bbox 1208 2226 1387 2269; x_wconf 90' lang='lat' dir='ltr'>nesciret</span> <span class='ocrx_word' id='word_1_287' title='bbox 1407 2225 1618 2268; x_wconf 79' lang='lat' dir='ltr'>aestimare</span> <span class='ocrx_word' id='word_1_288' title='bbox 1637 2240 1744 2282; x_wconf 91' lang='lat' dir='ltr'>opu-</span> 
     </span>
    </p>
   </div>
   <div class='ocr_carea' id='block_1_3' title="bbox 97 2308 1746 2370">
    <p class='ocr_par' dir='ltr' id='par_1_3' title="bbox 97 2308 1746 2370">
     <span class='ocr_line' id='line_1_26' title="bbox 97 2308 1746 2370; baseline -0.002 -16"><span class='ocrx_word' id='word_1_289' title='bbox 97 2311 274 2356; x_wconf 86' lang='lat' dir='ltr'>lentiam</span> <span class='ocrx_word' id='word_1_290' title='bbox 293 2329 304 2365; x_wconf 81' lang='lat'>3</span> <span class='ocrx_word' id='word_1_291' title='bbox 333 2324 373 2356; x_wconf 92' lang='lat' dir='ltr'>et</span> <span class='ocrx_word' id='word_1_292' title='bbox 394 2311 513 2370; x_wconf 86' lang='lat' dir='ltr'>quod</span> <span class='ocrx_word' id='word_1_293' title='bbox 542 2311 612 2355; x_wconf 86' lang='lat' dir='ltr'>illa</span> <span class='ocrx_word' id='word_1_294' title='bbox 639 2326 799 2355; x_wconf 88' lang='lat' dir='ltr'>corona</span> <span class='ocrx_word' id='word_1_295' title='bbox 820 2308 1086 2367; x_wconf 80' lang='lat' dir='ltr'>significabat</span> <span class='ocrx_word' id='word_1_296' title='bbox 1106 2308 1225 2367; x_wconf 86' lang='lat' dir='ltr'>quod</span> <span class='ocrx_word' id='word_1_297' title='bbox 1246 2310 1336 2367; x_wconf 91' lang='lat' dir='ltr'>ipse</span> <span class='ocrx_word' id='word_1_298' title='bbox 1361 2325 1433 2352; x_wconf 77' lang='lat' dir='ltr'>rex</span> <span class='ocrx_word' id='word_1_299' title='bbox 1456 2325 1559 2352; x_wconf 92' lang='lat' dir='ltr'>suus</span> <span class='ocrx_word' id='word_1_300' title='bbox 1583 2319 1746 2351; x_wconf 89' lang='lat' dir='ltr'>teneret</span> 
     </span>
    </p>
   </div>
   <div class='ocr_carea' id='block_1_4' title="bbox 97 2391 1747 2620">
    <p class='ocr_par' dir='ltr' id='par_1_4' title="bbox 97 2391 1747 2620">
     <span class='ocr_line' id='line_1_27' title="bbox 97 2391 1746 2453; baseline -0.002 -15"><span class='ocrx_word' id='word_1_301' title='bbox 97 2411 279 2453; x_wconf 90' lang='lat' dir='ltr'>regnum</span> <span class='ocrx_word' id='word_1_302' title='bbox 298 2397 497 2439; x_wconf 79' lang='lat' dir='ltr'>Franciae.</span> <span class='ocrx_word' id='word_1_303' title='bbox 522 2420 579 2426; x_wconf 78' lang='lat'>——</span> <span class='ocrx_word' id='word_1_304' title='bbox 599 2396 862 2451; x_wconf 85' lang='lat' dir='ltr'>Interrogata</span> <span class='ocrx_word' id='word_1_305' title='bbox 880 2395 913 2437; x_wconf 95' lang='lat' dir='ltr'>si</span> <span class='ocrx_word' id='word_1_306' title='bbox 932 2393 989 2436; x_wconf 87' lang='lat' dir='ltr'>ibi</span> <span class='ocrx_word' id='word_1_307' title='bbox 1012 2406 1133 2436; x_wconf 89' lang='lat' dir='ltr'>erant</span> <span class='ocrx_word' id='word_1_308' title='bbox 1154 2391 1314 2451; x_wconf 88' lang='lat' dir='ltr'>lapides</span> <span class='ocrx_word' id='word_1_309' title='bbox 1334 2393 1508 2450; x_wconf 91' lang='lat' dir='ltr'>pretiosi</span> <span class='ocrx_word' id='word_1_310' title='bbox 1530 2409 1537 2435; x_wconf 94' lang='lat'>:</span> <span class='ocrx_word' id='word_1_311' title='bbox 1566 2407 1746 2450; x_wconf 87' lang='lat' dir='ltr'>respon-</span> 
     </span>
     <span class='ocr_line' id='line_1_28' title="bbox 99 2475 1747 2538; baseline -0.003 -15"><span class='ocrx_word' id='word_1_312' title='bbox 99 2479 160 2523; x_wconf 92' lang='lat' dir='ltr'>dit</span> <span class='ocrx_word' id='word_1_313' title='bbox 190 2497 197 2523; x_wconf 92' lang='lat'>:</span> <span class='ocrx_word' id='word_1_314' title='bbox 223 2498 241 2516; x_wconf 89' lang='lat'>«</span> <span class='ocrx_word' id='word_1_315' title='bbox 265 2480 354 2538; x_wconf 87' lang='lat' dir='ltr'>Ego</span> <span class='ocrx_word' id='word_1_316' title='bbox 369 2478 456 2523; x_wconf 79' lang='lat' dir='ltr'>dixi</span> <span class='ocrx_word' id='word_1_317' title='bbox 478 2478 599 2523; x_wconf 88' lang='lat' dir='ltr'>vobis</span> <span class='ocrx_word' id='word_1_318' title='bbox 618 2477 724 2522; x_wconf 93' lang='lat' dir='ltr'>illud</span> <span class='ocrx_word' id='word_1_319' title='bbox 750 2477 867 2536; x_wconf 90' lang='lat' dir='ltr'>quod</span> <span class='ocrx_word' id='word_1_320' title='bbox 887 2477 986 2521; x_wconf 89' lang='lat' dir='ltr'>inde</span> <span class='ocrx_word' id='word_1_321' title='bbox 1011 2478 1114 2521; x_wconf 89' lang='lat' dir='ltr'>scio.</span> <span class='ocrx_word' id='word_1_322' title='bbox 1141 2495 1159 2514; x_wconf 88' lang='lat'>»</span> <span class='ocrx_word' id='word_1_323' title='bbox 1187 2478 1524 2533; x_wconf 73' lang='lat' dir='ltr'>—Interrogata</span> <span class='ocrx_word' id='word_1_324' title='bbox 1545 2476 1578 2519; x_wconf 87' lang='lat' dir='ltr'>si</span> <span class='ocrx_word' id='word_1_325' title='bbox 1606 2475 1747 2519; x_wconf 90' lang='lat' dir='ltr'>tenuit</span> 
     </span>
     <span class='ocr_line' id='line_1_29' title="bbox 98 2560 1746 2620; baseline -0.004 -12"><span class='ocrx_word' id='word_1_326' title='bbox 98 2564 164 2608; x_wconf 87' lang='lat' dir='ltr'>vel</span> <span class='ocrx_word' id='word_1_327' title='bbox 188 2564 378 2608; x_wconf 88' lang='lat' dir='ltr'>osculata</span> <span class='ocrx_word' id='word_1_328' title='bbox 399 2576 462 2607; x_wconf 85' lang='lat' dir='ltr'>est</span> <span class='ocrx_word' id='word_1_329' title='bbox 490 2579 610 2607; x_wconf 87' lang='lat' dir='ltr'>eam:</span> <span class='ocrx_word' id='word_1_330' title='bbox 642 2561 865 2620; x_wconf 88' lang='lat' dir='ltr'>respondit</span> <span class='ocrx_word' id='word_1_331' title='bbox 892 2560 1010 2619; x_wconf 87' lang='lat' dir='ltr'>quod</span> <span class='ocrx_word' id='word_1_332' title='bbox 1039 2577 1144 2605; x_wconf 91' lang='lat' dir='ltr'>non.</span> <span class='ocrx_word' id='word_1_333' title='bbox 1175 2585 1232 2591; x_wconf 93' lang='lat'>——</span> <span class='ocrx_word' id='word_1_334' title='bbox 1259 2561 1521 2617; x_wconf 88' lang='lat' dir='ltr'>Interrogata</span> <span class='ocrx_word' id='word_1_335' title='bbox 1556 2560 1590 2603; x_wconf 90' lang='lat' dir='ltr'>si</span> <span class='ocrx_word' id='word_1_336' title='bbox 1620 2574 1746 2616; x_wconf 87' lang='lat' dir='ltr'>ange-</span> 
     </span>
    </p>
   </div>
   <div class='ocr_carea' id='block_1_5' title="bbox 97 2645 1751 2875">
    <p class='ocr_par' dir='ltr' id='par_1_5' title="bbox 97 2645 1751 2875">
     <span class='ocr_line' id='line_1_30' title="bbox 97 2645 1748 2707; baseline -0.004 -15"><span class='ocrx_word' id='word_1_337' title='bbox 97 2647 164 2692; x_wconf 86' lang='lat' dir='ltr'>lus</span> <span class='ocrx_word' id='word_1_338' title='bbox 184 2649 258 2707; x_wconf 87' lang='lat' dir='ltr'>qui</span> <span class='ocrx_word' id='word_1_339' title='bbox 286 2664 381 2692; x_wconf 87' lang='lat' dir='ltr'>eam</span> <span class='ocrx_word' id='word_1_340' title='bbox 402 2648 642 2706; x_wconf 87' lang='lat' dir='ltr'>apportavit</span> <span class='ocrx_word' id='word_1_341' title='bbox 660 2647 780 2690; x_wconf 86' lang='lat' dir='ltr'>venit</span> <span class='ocrx_word' id='word_1_342' title='bbox 797 2645 848 2689; x_wconf 88' lang='lat' dir='ltr'>ab</span> <span class='ocrx_word' id='word_1_343' title='bbox 869 2645 972 2698; x_wconf 90' lang='lat' dir='ltr'>alto,</span> <span class='ocrx_word' id='word_1_344' title='bbox 996 2645 1063 2688; x_wconf 87' lang='lat' dir='ltr'>vel</span> <span class='ocrx_word' id='word_1_345' title='bbox 1095 2646 1129 2688; x_wconf 90' lang='lat' dir='ltr'>si</span> <span class='ocrx_word' id='word_1_346' title='bbox 1154 2657 1326 2688; x_wconf 78' lang='lat' dir='ltr'>venerat</span> <span class='ocrx_word' id='word_1_347' title='bbox 1348 2660 1421 2702; x_wconf 89' lang='lat' dir='ltr'>per</span> <span class='ocrx_word' id='word_1_348' title='bbox 1442 2656 1600 2688; x_wconf 92' lang='lat' dir='ltr'>terram</span> <span class='ocrx_word' id='word_1_349' title='bbox 1626 2656 1635 2686; x_wconf 74' lang='grc' dir='ltr'>ε</span> <span class='ocrx_word' id='word_1_350' title='bbox 1665 2658 1748 2686; x_wconf 89' lang='lat' dir='ltr'>res-</span> 
     </span>
     <span class='ocr_line' id='line_1_31' title="bbox 99 2727 1751 2790; baseline -0.004 -14"><span class='ocrx_word' id='word_1_351' title='bbox 99 2730 251 2790; x_wconf 91' lang='lat' dir='ltr'>pondit</span> <span class='ocrx_word' id='word_1_352' title='bbox 277 2730 396 2790; x_wconf 89' lang='lat' dir='ltr'>quod</span> <span class='ocrx_word' id='word_1_353' title='bbox 418 2732 535 2775; x_wconf 83' lang='lat' dir='ltr'>Venit</span> <span class='ocrx_word' id='word_1_354' title='bbox 562 2730 613 2775; x_wconf 87' lang='lat' dir='ltr'>ab</span> <span class='ocrx_word' id='word_1_355' title='bbox 642 2730 743 2782; x_wconf 86' lang='lat' dir='ltr'>alto,</span> <span class='ocrx_word' id='word_1_356' title='bbox 773 2745 846 2788; x_wconf 90' lang='lat' dir='ltr'>per</span> <span class='ocrx_word' id='word_1_357' title='bbox 878 2727 995 2788; x_wconf 91' lang='lat' dir='ltr'>quod</span> <span class='ocrx_word' id='word_1_358' title='bbox 1024 2728 1224 2786; x_wconf 89' lang='lat' dir='ltr'>intelligit</span> <span class='ocrx_word' id='word_1_359' title='bbox 1250 2727 1368 2787; x_wconf 91' lang='lat' dir='ltr'>quod</span> <span class='ocrx_word' id='word_1_360' title='bbox 1396 2728 1515 2771; x_wconf 78' lang='lat' dir='ltr'>venit</span> <span class='ocrx_word' id='word_1_361' title='bbox 1541 2742 1615 2786; x_wconf 89' lang='lat' dir='ltr'>per</span> <span class='ocrx_word' id='word_1_362' title='bbox 1640 2742 1751 2785; x_wconf 88' lang='lat' dir='ltr'>prae—</span> 
     </span>
     <span class='ocr_line' id='line_1_32' title="bbox 99 2811 1749 2875; baseline -0.004 -16"><span class='ocrx_word' id='word_1_363' title='bbox 99 2828 272 2875; x_wconf 89' lang='lat' dir='ltr'>ceptum</span> <span class='ocrx_word' id='word_1_364' title='bbox 298 2816 409 2870; x_wconf 84' lang='lat' dir='ltr'>Dei3</span> <span class='ocrx_word' id='word_1_365' title='bbox 440 2829 481 2859; x_wconf 86' lang='lat' dir='ltr'>et</span> <span class='ocrx_word' id='word_1_366' title='bbox 500 2816 674 2858; x_wconf 82' lang='lat' dir='ltr'>intravit</span> <span class='ocrx_word' id='word_1_367' title='bbox 692 2829 766 2872; x_wconf 89' lang='lat' dir='ltr'>per</span> <span class='ocrx_word' id='word_1_368' title='bbox 783 2813 947 2857; x_wconf 87' lang='lat' dir='ltr'>ostium</span> <span class='ocrx_word' id='word_1_369' title='bbox 975 2828 1166 2856; x_wconf 87' lang='lat' dir='ltr'>camerae.</span> <span class='ocrx_word' id='word_1_370' title='bbox 1194 2838 1249 2842; x_wconf 90' lang='lat'>——</span> <span class='ocrx_word' id='word_1_371' title='bbox 1276 2812 1539 2869; x_wconf 85' lang='lat' dir='ltr'>Interrogata</span> <span class='ocrx_word' id='word_1_372' title='bbox 1562 2811 1596 2854; x_wconf 92' lang='lat' dir='ltr'>si</span> <span class='ocrx_word' id='word_1_373' title='bbox 1622 2826 1749 2867; x_wconf 86' lang='lat' dir='ltr'>ange-</span> 
     </span>
    </p>
   </div>
   <div class='ocr_carea' id='block_1_6' title="bbox 102 2896 1749 2957">
    <p class='ocr_par' dir='ltr' id='par_1_6' title="bbox 102 2896 1749 2957">
     <span class='ocr_line' id='line_1_33' title="bbox 102 2896 1749 2957; baseline -0.004 -15"><span class='ocrx_word' id='word_1_374' title='bbox 102 2898 166 2942; x_wconf 84' lang='lat' dir='ltr'>lus</span> <span class='ocrx_word' id='word_1_375' title='bbox 187 2899 389 2944; x_wconf 86' lang='lat' dir='ltr'>-veniebat</span> <span class='ocrx_word' id='word_1_376' title='bbox 417 2915 490 2957; x_wconf 90' lang='lat' dir='ltr'>per</span> <span class='ocrx_word' id='word_1_377' title='bbox 517 2911 673 2942; x_wconf 87' lang='lat' dir='ltr'>terram</span> <span class='ocrx_word' id='word_1_378' title='bbox 692 2910 733 2941; x_wconf 89' lang='lat' dir='ltr'>et</span> <span class='ocrx_word' id='word_1_379' title='bbox 757 2896 1032 2941; x_wconf 71' lang='lat' dir='ltr'>ambulabat⁴</span> <span class='ocrx_word' id='word_1_380' title='bbox 1057 2896 1210 2953; x_wconf 85' lang='lat' dir='ltr'>depost</span> <span class='ocrx_word' id='word_1_381' title='bbox 1237 2897 1399 2940; x_wconf 89' lang='lat' dir='ltr'>ostium</span> <span class='ocrx_word' id='word_1_382' title='bbox 1425 2910 1602 2938; x_wconf 78' lang='lat' dir='ltr'>camerae</span> <span class='ocrx_word' id='word_1_383' title='bbox 1627 2911 1635 2937; x_wconf 76' lang='grc' dir='ltr'>ε</span> <span class='ocrx_word' id='word_1_384' title='bbox 1666 2909 1749 2937; x_wconf 89' lang='lat' dir='ltr'>res-</span> 
     </span>
    </p>
   </div>
   <div class='ocr_carea' id='block_1_7' title="bbox 154 3096 1536 3146">
    <p class='ocr_par' dir='ltr' id='par_1_7' title="bbox 154 3096 1536 3146">
     <span class='ocr_line' id='line_1_34' title="bbox 154 3096 1536 3146; baseline -0.004 -11"><span class='ocrx_word' id='word_1_385' title='bbox 154 3113 182 3135; x_wconf 86' lang='lat'>1.</span> <span class='ocrx_word' id='word_1_386' title='bbox 216 3102 245 3136; x_wconf 90' lang='lat' dir='ltr'>C</span> <span class='ocrx_word' id='word_1_387' title='bbox 266 3114 275 3135; x_wconf 94' lang='lat'><em>:</em></span> <span class='ocrx_word' id='word_1_388' title='bbox 302 3101 421 3135; x_wconf 69' lang='lat' dir='ltr'>caulem.</span> <span class='ocrx_word' id='word_1_389' title='bbox 446 3121 490 3125; x_wconf 77' lang='lat'>-—</span> <span class='ocrx_word' id='word_1_390' title='bbox 518 3111 549 3134; x_wconf 81' lang='lat'>2.</span> <span class='ocrx_word' id='word_1_391' title='bbox 569 3100 729 3146; x_wconf 83' lang='lat' dir='ltr'>Cajoute</span> <span class='ocrx_word' id='word_1_392' title='bbox 749 3099 798 3133; x_wconf 72' lang='lat' dir='ltr'>de.</span> <span class='ocrx_word' id='word_1_393' title='bbox 826 3120 866 3123; x_wconf 94' lang='lat'>—-</span> <span class='ocrx_word' id='word_1_394' title='bbox 893 3109 923 3143; x_wconf 79' lang='lat'>3.</span> <span class='ocrx_word' id='word_1_395' title='bbox 943 3098 1006 3131; x_wconf 77' lang='lat' dir='ltr'>AB</span> <span class='ocrx_word' id='word_1_396' title='bbox 1032 3098 1222 3133; x_wconf 78' lang='lat' dir='ltr'>:lmbet.—-</span> <span class='ocrx_word' id='word_1_397' title='bbox 1241 3108 1276 3141; x_wconf 75' lang='lat'>4.</span> <span class='ocrx_word' id='word_1_398' title='bbox 1294 3098 1325 3131; x_wconf 84' lang='lat' dir='ltr'><em>A</em></span> <span class='ocrx_word' id='word_1_399' title='bbox 1345 3109 1354 3130; x_wconf 92' lang='grc'>.·</span> <span class='ocrx_word' id='word_1_400' title='bbox 1376 3096 1536 3130; x_wconf 76' lang='lat' dir='ltr'>ambulat.</span> 
     </span>
    </p>
   </div>
  </div>
 </body>
</html>
