2099 3356
374 181 534 226 PRonis
573 195 628 225 DE
666 195 1019 227 coNDAMNATmN
1061 196 1116 227 DE
1158 196 1323 238 JEANNE
1356 182 1481 226 D'ARc
1668 197 1743 240 331

97 293 345 345 Cormeliis‚
370 294 587 339 Aubertus
616 295 803 350 Morelli,
826 295 1044 351 Johannes
1068 295 1120 341 de
1139 297 1382 349 Quemino,
1417 297 1671 341 Laurentius
1698 295 1752 340 de

100 378 238 422 Busco
256 386 285 431 ¹,
327 377 548 433 Johannes
592 377 873 429 Columbelli‚
920 378 1176 437 Radulphus
1218 380 1369 438 Anguy
1397 388 1428 432 ²,
1469 378 1753 424 Guerouldus

94 460 284 514 Postelli,
306 461 440 519 aliqui
469 462 511 505 in
535 463 760 516 canonico,
790 462 859 507 alii
883 464 926 506 in
951 463 1064 507 civili
1096 464 1187 520 jure
1207 463 1428 508 licentiati.

153 545 202 589 In
235 560 424 603 quorum
462 547 701 603 praesentia,
750 562 844 597 nos,
886 547 1114 604 episcopus
1146 545 1418 605 saepedictus,
1466 530 1753 605 exposuimus

97 629 281 687 qualiter
305 627 469 673 dudum
497 644 793 687 receperamus
820 628 1149 674 deliberationes
1165 642 1207 675 et
1228 631 1459 688 opiniones
1487 629 1746 675 notabilium

101 712 331 757 doctorum
356 724 397 756 et
427 713 749 769 magistrorum,
781 714 823 757 in
862 713 1144 759 multitudine
1172 715 1361 772 copiosa,
1397 730 1525 772 super
1556 714 1751 758 assertio-

102 795 228 839 nibus
244 795 351 839 datis
369 808 411 839 et
424 795 672 841 confessatis
687 813 759 855 per
772 798 1154 854 praenoniinatain³
1180 797 1451 853 Johannan13
1474 796 1632 856 quibus
1656 799 1751 857 qui-

101 880 200 924 dem
229 878 611 923 deliberationibus
643 879 813 933 habitis,
847 880 1026 924 ulterius
1052 880 1102 924 ad
1134 881 1461 925 conclusionem
1489 897 1624 925 causae
1653 897 1750 940 pro-

102 963 249 1009 cedere
278 976 542 1021 poteramus,
569 965 782 1023 quoniam
813 966 968 1009 merito
993 953 1187 1010 sufficere
1215 964 1485 1010 videbantur.
1508 967 1675 1011 Verum
1703 978 1750 1011 ut

102 1047 317 1091 honorem
348 1060 388 1091 et
413 1048 696 1092 reverentiam
725 1049 847 1092 matri
880 1060 1035 1092 nostrae
1071 1049 1353 1093 Universitati
1381 1047 1512 1092 studii
1542 1050 1756 1092 Parisien-

101 1133 157 1175 sis
182 1130 464 1184 deferremus,
500 1131 845 1189 amplioremque
873 1144 914 1174 et
952 1131 1176 1175 clariorem
1203 1133 1390 1176 materiae
1414 1132 1748 1176 elucidationem

101 1214 372 1268 haberemus,
403 1230 480 1274 pro
509 1215 661 1272 majori
688 1216 956 1259 serenatione
975 1217 1337 1259 conscientiarum
1365 1228 1405 1259 et
1423 1216 1627 1259 omnium
1651 1214 1750 1259 aedi-

102 1300 317 1352 ficatione,
331 1299 586 1343 assertiones
603 1311 861 1342 memoratas
880 1299 1062 1357 praefatae
1090 1300 1213 1342 matri
1239 1300 1520 1343 Universitati
1549 1313 1589 1343 et
1608 1301 1752 1358 praeci-

102 1400 184 1443 pue
202 1382 489 1427 Facultatibus
509 1382 739 1441 theologiae
755 1395 795 1426 et
815 1382 1087 1426 decretorum
1101 1384 1387 1426 transmittere
1410 1382 1630 1438 duximus,
1646 1382 1748 1428 deli-

103 1467 340 1512 berationes
363 1465 653 1511 doctorumet
675 1467 982 1525 magistrorum
1005 1466 1200 1523 ejusdem
1227 1467 1529 1511 Universitatis
1554 1480 1594 1512 et
1623 1469 1753 1526 potis—

100 1553 209 1596 sime
224 1551 437 1595 dictarum
450 1550 633 1595 duarum
659 1550 928 1595 Facultatum
943 1549 1218 1608 requirendo.
1236 1551 1348 1604 Quae
1368 1549 1547 1608 quidem
1572 1552 1753 1596 Univer-

102 1637 216 1687 sitas,
241 1648 282 1678 et
311 1636 529 1692 signanter
562 1635 662 1692 ipsae
690 1633 786 1678 dure
812 1634 1064 1687 Facultates,
1097 1634 1190 1678 zelo
1227 1633 1326 1677 fidei
1364 1650 1453 1678 non
1482 1633 1754 1679 mediocriter

103 1735 303 1772 accensae,
320 1717 565 1775 diligenter,
578 1731 745 1762 mature
764 1731 803 1762 et
824 1718 1079 1762 solemniter
1095 1734 1191 1762 suas
1217 1734 1344 1776 super
1356 1718 1537 1776 singulis
1553 1717 1756 1762 delibera-

102 1805 241 1847 tiones
257 1801 482 1856 dederunt,
504 1817 542 1846 et
563 1818 630 1846 eas
653 1801 777 1846 nobis
796 1801 875 1846 sub
898 1803 1192 1846 instrumento
1211 1801 1386 1860 publico
1408 1803 1754 1846 transmiserunt.

103 1888 224 1942 Quas
260 1886 440 1946 quidem
479 1886 826 1940 deliberationes,
866 1887 908 1929 in
954 1887 1046 1945 ipso
1090 1886 1384 1929 instrumento
1419 1898 1662 1940 contentas,
1702 1885 1754 1929 de

101 1970 232 2015 verbo
266 1969 317 2014 ad
354 1969 536 2015 verbum
580 1982 684 2014 tunc
722 1969 880 2028 perlegi
927 1969 1065 2028 palam
1108 1982 1149 2012 et
1188 1968 1514 2026 intelligibiliter
1555 1969 1753 2024 fecimus,

102 2053 382 2100 audientibus
405 2055 569 2099 cunctis
598 2055 924 2112 praenominatis
940 2052 1190 2098 doctoribus
1217 2065 1258 2097 et
1283 2054 1510 2111 magistris.
1540 2053 1757 2111 Deinceps

105 2233 217 2272 bardo
240 2233 281 2272 de
304 2235 430 2281 Petra,
456 2232 661 2271 Guillelmo
684 2232 726 2271 de
756 2232 897 2279 Liveto,
920 2232 1087 2281 Iohanne
1117 2231 1248 2270 Dulcis
1268 2236 1299 2269 et
1325 2231 1493 2280 Iohanne
1514 2231 1753 2277 columbelli,

105 2305 257 2345 Rirm‘do
282 2305 323 2343 de
353 2304 536 2344 Salicibzts
556 2313 571 2336 4
591 2309 622 2343 el
638 2303 840 2343 Laurentio
860 2303 900 2342 de
925 2305 1035 2342 Basra
1062 2310 1089 2349 ὅ,
1117 2304 1222 2341 Pelso
1244 2302 1278 2341 le
1303 2304 1463 2347 Miuier,
1488 2304 1595 2341 Petro
1619 2304 1751 2351 Carre,

107 2377 299 2432 Radulpho
319 2378 464 2429 Anguy
488 2379 516 2414 6.

157 2449 285 2487 Primo
303 2448 474 2487 dominus
497 2448 676 2502 episcopus
699 2447 865 2486 recitavit
886 2447 1134 2485 deductionem
1154 2453 1335 2499 professus
1355 2445 1402 2484 ad
1425 2446 1590 2496 longum.

160 2522 207 2559 Et
229 2521 356 2559 deinde
376 2520 417 2559 de
444 2520 619 2559 mandato
643 2519 878 2558 dominorum
894 2518 1159 2571 jmiicnmfui!
1186 2517 1316 2556 loetum
1344 2517 1633 2556 1'nstr11111enlmn
1667 2517 1758 2556 deli-

104 2592 299 2631 bet-ationis
327 2592 588 2632 Uniwrsitatis
612 2591 844 2630 Parisiensis.

152 2665 236 2704 Pus!
255 2664 361 2717 cujus
383 2663 664 2716 lecturatmsuit
687 2663 799 2702 eliam
817 2662 905 2701 Μία
927 2661 1095 2702 schedula
1116 2671 1129 2697 7
1157 2660 1461 2700 deliberationum
1489 2661 1759 2714 tnagislrorum

97 2741 128 2774 el
142 2736 327 2774 din-lorum
343 2735 616 2789 plurimorum,
633 2734 847 2786 Ralhonmgi
865 2733 1101 2780 datm-11111‚et
1118 2747 1200 2771 rum
1222 2733 1282 2771 lwr
1296 2732 1572 2772 delstwrationes
1591 2733 1754 2773 aliorum

103 2808 384 2861 rizagislr0rum.

158 2993 186 3016 1.
219 2982 251 3026 Q
271 2994 282 3016 :
298 2982 410 3016 Busto.
430 3002 471 3007 —
495 2991 526 3015 2.
549 2981 631 3015 [bid.
655 2993 664 3014 .·
683 2980 820 3025 Auquy.
844 3001 888 3023 .—
914 2990 943 3023 3.
966 2979 995 3014 C
1019 2992 1029 3013 .·
1044 2979 1236 3025 pra‘jitlam.
1260 2999 1305 3004 -—
1325 2989 1359 3020 4.
1382 2978 1469 3012 [hid.
1495 2991 1504 3012 :
1522 2969 1755 3013 §alaribus-

109 3051 137 3085 5.
161 3042 227 3076 Ms.
248 3050 280 3075 et
301 3041 336 3085 Q
357 3054 366 3075 :
388 3041 498 3074 Busta.
526 3062 563 3065 —
582 3040 615 3075 6.
640 3040 706 3073 M’s.
730 3048 761 3074 et
786 3039 817 3083 Q
839 3052 847 3073 .·
871 3038 1006 3084 Augu-v.
1032 3039 1098 3073 Ms.
1120 3050 1163 3072 eu
1186 3050 1306 3084 marge
1330 3051 1335 3073 :
1360 3038 1648 3072 Determt'natioet
1668 3038 1752 3072 deli-

104 3101 229 3134 bet-alio
251 3101 491 3134 Universilatis
516 3100 738 3133 Phariw‘enxis
759 3099 852 3135 (siri).
874 3119 919 3122 —
948 3109 978 3141 7.
1004 3098 1071 3131 Ms.
1101 3110 1111 3131 .·
1131 3097 1255 3132 cedula,
