2099 3356
291 166 373 219 384
557 160 713 204 PRocizs
758 175 812 202 DE
853 172 1207 203 CONDAMNATION
1241 172 1297 201 DE
1328 171 1496 213 JEANNE
1530 155 1656 200 D'ARC

288 273 459 333 quenda
524 275 567 316 in
641 271 840 315 manibus
906 272 1080 329 justitiae
1141 270 1370 324 saecularis,
1432 267 1674 313 secundum
1723 266 1927 311 delibera-

287 359 453 401 tionem
480 356 579 400 dicti
606 355 775 399 domini
803 363 812 380 ¹
840 355 1197 412 Fiscampnensis.

292 467 305 473 «ι
348 441 552 498 Magister
577 438 796 495 Johannes
829 437 880 482 de
907 438 1052 492 Nibat,
1081 453 1206 481 sacrae
1230 437 1460 494 theologiae
1486 436 1654 489 doctor,
1679 434 1929 479 deliberavit

289 523 406 582 quod
431 523 541 566 dicta
562 522 720 566 mulier
746 521 906 579 relapsa
935 533 996 565 est
1017 533 1058 564 et
1080 521 1382 579 impoenitens,
1404 535 1450 564 ac
1477 518 1688 563 censenda
1712 531 1773 562 est
1798 518 1929 562 haere-

289 609 387 650 tica.
413 607 462 650 Et
486 618 547 650 est
572 607 615 649 in
643 604 951 649 deliberatione
965 603 1179 662 saepedicti
1203 602 1372 648 domini
1393 602 1554 646 abbatis
1569 603 1927 659 FiscampnensiS.

349 691 552 746 Magister
569 689 789 744 johannes
810 687 945 739 Fabri,
969 703 1095 731 sacrae
1114 687 1345 744 theologiae
1360 686 1528 739 doctor,
1544 685 1793 730 deliberavit
1812 683 1931 743 quod

289 773 399 817 dicta
424 772 580 816 mulier
602 785 663 816 est
687 773 895 830 pertinax,
939 784 1174 815 contumax
1195 782 1236 814 et
1262 769 1544 823 inobediens;
1569 781 1624 820 et,
1655 768 1706 812 de
1743 767 1929 821 residuo,

288 870 369 901 stat
401 858 441 899 in
468 855 777 905 deliberatione
803 854 973 899 domini
1000 854 1162 898 abbatis
1185 855 1541 911 Fiscampnensis,
1571 854 1767 910 superius
1788 852 1932 895 nomi-

293 941 380 984 nati
404 949 433 983 ².
1077 940 1079 943 ’

351 1023 629 1068 Reverendus
656 1024 700 1066 in
723 1022 898 1067 Christo
917 1023 1048 1079 pater,
1068 1021 1275 1066 dominus
1300 1020 1577 1073 Guiilelmus,
1594 1019 1720 1064 abbas
1738 1018 1789 1063 de
1819 1019 1933 1062 Mor-

291 1109 513 1159 tuo—Mari,
543 1123 667 1151 sacrae
692 1106 924 1164 theologiae
947 1105 1115 1159 doctor,
1144 1118 1224 1149 stat
1250 1106 1294 1148 in
1316 1103 1625 1149 deliberatione
1652 1102 1821 1147 domini
1848 1103 1933 1146 Fis-

291 1193 563 1250 campnensis
582 1190 789 1249 prae-dicti.

350 1276 551 1333 Magister
564 1273 746 1330 Jacobus
763 1274 961 1327 Guesdon,
984 1289 1108 1316 sacrae
1133 1271 1364 1330 theologiae
1388 1271 1553 1324 doctor,
1571 1270 1820 1314 deliberavit
1831 1285 1934 1313 con-

288 1358 484 1404 formiter
509 1358 559 1402 ad
587 1357 939 1402 deliberationem
966 1355 1125 1414 praefati
1141 1355 1311 1400 domini
1331 1354 1492 1399 abbatis
1507 1355 1862 1412 Fiscampnensis.

350 1444 553 1501 Magister
579 1441 784 1485 Nicolaus
825 1441 1092 1499 Coppequesne
1117 1447 1146 1492 ³,
1182 1438 1445 1483 bachalarius
1480 1439 1523 1481 in
1553 1453 1665 1482 sacra
1695 1437 1931 1494 theologia,

289 1528 522 1571 canonicus
543 1526 728 1569 ecclesiae
756 1524 1137 1581 Rothomagensis,
1156 1535 1236 1567 stat
1254 1524 1298 1566 in
1323 1521 1629 1566 deliberatione
1649 1521 1816 1566 domini
1844 1521 1935 1564 Fis-

292 1617 577 1674 cainpnensis.

351 1701 571 1744 Dominus
589 1698 851 1743 Guillelmus
871 1697 923 1741 de
939 1697 1137 1750 Deserto,
1155 1696 1387 1740 canonicus
1405 1695 1589 1739 ecclesiae
1610 1694 1934 1752 Rothomagen-

293 1785 363 1838 sis,
389 1782 638 1827 deliberavit
661 1795 787 1841 prout
826 1780 1032 1826 dominus
1063 1779 1189 1824 abbas
1209 1780 1549 1837 Fiscampnensis
1577 1778 1930 1836 praenominatus.

351 1868 554 1925 Magister
576 1868 726 1910 Petrus
751 1865 964 1916 Mauricii‚
991 1880 1118 1908 sacrae
1138 1863 1369 1922 theologiae
1395 1862 1561 1916 doctor,
1590 1862 1821 1906 canonicus
1847 1861 1932 1905 Ro-

294 1951 605 2009 thomagensis,
637 1949 885 1993 deliberavit
909 1947 1028 2006 quod
1062 1947 1172 1992 dicta
1206 1947 1362 1991 mulier
1385 1944 1596 1991 censenda
1628 1958 1669 1989 et
1709 1943 1934 2003 judicanda

292 2123 323 2156 el
341 2123 592 2171 consequenter
609 2116 778 2156 censenda
803 2121 850 2154 es!
872 2114 1038 2154 haerelica
1055 2119 1087 2153 et
1111 2113 1352 2168 relinquenda
1370 2113 1408 2151 in
1430 2112 1600 2151 manibus
1612 2112 1766 2164 justiliae
1785 2110 1935 2151 saecula-

294 2189 359 2233 ris,
384 2194 467 2236 etc„
490 2194 527 2227 ul
548 2188 716 2227 dontinus
739 2186 1043 2240 Fiscampnensis.

347 2261 528 2312 Magister
545 2260 586 2298 de
607 2260 724 2299 Nibat
749 2277 756 2297 :
782 2263 929 2312 appare!
949 2257 1020 2296 sibi
1057 2257 1152 2311 quod
1174 2256 1271 2295 debe!
1294 2255 1459 2309 judicari
1489 2255 1625 2310 relapsa
1658 2260 1688 2293 el
1711 2254 1936 2308 intpoenilens

294 2338 340 2371 es!
362 2346 402 2370 ac
422 2331 593 2370 censenda
619 2330 782 2369 hav-elica
807 2335 889 2378 elc.,
914 2333 952 2367 ut
971 2327 1140 2367 dominus
1156 2327 1456 2380 Fiscampnensis.

350 2403 530 2455 Abzgisler
546 2403 729 2451 Iohannes
754 2400 869 2440 Fabri
892 2415 902 2439 .·
924 2400 1096 2454 pertinax
1125 2404 1188 2446 est,
1216 2404 1426 2446 contumax,
1454 2397 1670 2445 inobediens,
1705 2402 1751 2445 el,
1780 2396 1821 2435 de
1845 2396 1935 2435 resi-

297 2475 382 2520 duo,
405 2480 443 2513 ut
463 2475 632 2513 dominus
656 2472 958 2527 Fiscatnpneusis.

350 2547 533 2586 Dominus
550 2545 660 2584 abbas
679 2544 720 2583 de
737 2543 1034 2590 Mortuo-Mari,
1062 2547 1101 2581 ut
1124 2542 1293 2581 dominus
1322 2541 1621 2594 Fiscampnensis.

350 2618 530 2670 Magister
549 2617 733 2665 Jolmnnes
750 2616 944 2668 Maugier‚
969 2619 1008 2653 ul
1028 2614 1198 2653 dominus
1213 2613 1517 2666 Fiscampnensis.

351 2689 531 2741 Magisler
549 2688 705 2737 Jacolms
727 2687 934 2733 Guesdon,
956 2691 994 2724 ut
1015 2685 1186 2724 dontinus
1206 2684 1506 2737 Fiscanzpnensis.

351 2760 531 2812 Magislct·
553 2759 730 2799 Nicolaus
750 2760 1088 2811 Couppequesne‚
1110 2761 1148 2794 ut
1172 2756 1342 2794 dominus
1365 2754 1666 2809 Fisranipnensis.

352 2831 531 2884 Magister
552 2830 776 2870 &uilla-lmus
795 2838 813 2861 4
831 2829 872 2868 de
895 2830 1057 2876 Descrlo,
1083 2832 1121 2866 ut
1139 2827 1310 2866 dominus
1333 2826 1635 2878 fiscampnensis.

354 2995 382 3043 [ἶ
402 3009 433 3043 A
455 3009 572 3055 ajoute
589 3009 726 3042 abbatis.
747 3029 790 3033 ——
812 3018 844 3042 2.
867 3007 896 3042 C
910 3015 1010 3041 oniet
1028 3002 1180 3052 superius
1201 3006 1377 3039 nominati.
1399 3025 1445 3029 —
1471 3014 1502 3049 3.
1532 3004 1562 3039 C
1586 3016 1596 3038 :
1615 3003 1871 3050 Couppequesm’.
1892 3024 1937 3028 —-

303 3080 335 3110 4.
358 3069 445 3102 Ilu'n'.
473 3081 481 3101 .·
505 3066 730 3101 Guillcrmusf

2076 2301 2099 2557 ἔ

2063 2915 2099 3356 ,ἐξ
