2099 3356
379 189 538 232 PRocks
571 203 626 232 DE
658 202 1015 232 CONDAMNATION
1050 203 1105 232 DE
1136 203 1300 244 JEANNE
1335 188 1462 232 D'ARC
1658 191 1734 245 265

98 300 308 345 trantibus
350 301 600 355 consilium,
645 301 857 345 auxilium
891 314 932 344 et
963 300 1157 345 favorem
1193 302 1387 359 praestitit
1420 314 1459 346 et
1487 302 1688 346 contulit.
1721 320 1740 342 »

155 384 173 405 *
191 385 313 429 Dicta
339 384 540 440 johanna
559 397 683 443 negat
706 378 823 429 hunc
853 394 861 410 ¹
892 385 1125 429 articulum
1149 393 1178 428 ².

159 516 350 559 LXVIII.
381 532 401 555 ‹<
431 516 556 570 ITEM,
583 531 634 559 ex
666 532 718 560 eo
739 515 860 574 quod
884 532 958 575 per
997 518 1338 560 insinuationem
1362 517 1594 561 clamosam
1622 533 1745 562 aures

96 612 272 652 vestras,
313 598 476 644 nedum
527 599 659 643 semel
697 600 770 644 sed
824 600 1000 658 pluries,
1048 601 1410 658 propulsantem3,
1471 616 1545 659 per
1584 599 1749 657 famam,

97 681 312 740 publicam
340 695 381 726 et
418 682 789 736 informationem,
818 682 870 727 de
917 696 958 726 et
991 700 1118 741 super
1145 685 1392 741 praemissiS,
1426 683 1596 735 factam,
1626 700 1743 728 com-

99 767 265 824 peristis
310 765 468 810 dictam
512 782 645 819 ream,
693 779 934 824 suspectam
971 767 1252 811 vehementer
1288 781 1416 826 atque
1450 766 1742 822 diffamatam3

98 848 343 893 decrevistis
367 849 417 892 ad
446 850 779 908 inquisitionem
817 866 945 908 super
971 850 1036 893 his
1075 864 1223 894 contra
1256 867 1347 894 eam
1388 850 1645 904 faciendam,
1670 867 1744 910 per

98 949 174 976 vos
199 933 264 976 vel
289 946 479 976 vestrum
525 933 727 984 alterum,
766 932 1106 991 procedendum,
1150 933 1468 993 citandamque,
1515 951 1643 993 super
1679 935 1745 979 his

99 1032 422 1074 responsuram,
448 1030 576 1074 prout
603 1016 764 1061 factum
798 1017 894 1061 fuit.
922 1036 942 1059 »

157 1099 196 1121 ²⁸*
222 1101 345 1145 Dicta
370 1100 571 1156 Johanna
591 1100 699 1145 dixit
720 1101 839 1159 quod
865 1101 933 1145 hic
957 1102 1161 1146 articulus
1183 1111 1199 1134 4
1231 1104 1454 1146 concernit
1475 1102 1650 1160 judices.

159 1233 311 1276 LXIX.
340 1250 357 1273 (ι
387 1233 513 1286 ITEM,
538 1232 655 1291 quod
686 1231 796 1277 dicta
824 1248 893 1277 rea
926 1232 978 1277 de
1003 1246 1044 1278 et
1066 1250 1194 1292 super
1216 1235 1445 1292 praemissrs
1487 1233 1570 1279 fuit
1609 1248 1648 1278 et
1687 1248 1750 1278 est

102 1316 382 1360 vehementer
414 1330 624 1375 suspecta,
650 1316 934 1361 scandalizata
961 1330 1002 1361 et
1022 1333 1154 1376 quam
1179 1317 1438 1376 plurimum,
1463 1317 1576 1376 apud
1606 1318 1744 1362 bonos

97 1414 139 1444 et
158 1416 322 1458 graves,
346 1402 516 1444 notorie
533 1399 765 1444 diffamata.
787 1401 853 1444 De
880 1414 921 1444 et
941 1417 1070 1460 super
1095 1401 1253 1460 quibus
1270 1414 1415 1446 tamen
1443 1402 1642 1446 nondum
1665 1402 1746 1446 fuit

98 1497 301 1538 correcta,
332 1500 406 1529 seu
437 1484 732 1543 quovismodo
763 1484 989 1529 emendata
1000 1502 1012 1539 ;
1041 1484 1112 1529 sed
1137 1501 1266 1543 super
1292 1499 1334 1529 et
1358 1485 1418 1530 de
1447 1486 1512 1529 his
1550 1502 1593 1529 se
1612 1487 1746 1530 corri-

98 1584 195 1627 gere
207 1581 249 1612 et
268 1567 497 1612 emendare
518 1567 701 1622 distulit,
729 1568 884 1622 differt,
905 1570 1116 1612 recusavit
1136 1581 1178 1613 et
1206 1582 1388 1624 recusat;
1411 1582 1452 1614 et
1477 1571 1521 1613 in
1549 1571 1608 1613 eis
1632 1585 1746 1613 erro-

101 1651 217 1696 ribus
240 1653 512 1696 continuavit
540 1664 580 1695 et
611 1653 911 1710 perseveravit,
944 1653 1259 1711 continuatque
1287 1665 1328 1696 et
1364 1665 1626 1711 perseverat3
1653 1652 1751 1696 licet

101 1750 262 1789 tamen,
278 1748 365 1779 tam
404 1752 456 1779 ex
491 1749 607 1794 parte
635 1749 771 1780 vestra
811 1752 942 1794 quam
982 1736 1299 1781 nonnullorum
1333 1736 1593 1780 notabilium
1633 1736 1753 1780 cleri-

97 1836 251 1864 corum
279 1833 321 1864 et
344 1820 525 1864 aliarum
560 1835 841 1878 personarum
888 1819 1188 1874 honestarum,
1214 1820 1342 1864 fuerit
1384 1837 1513 1878 super
1553 1820 1636 1874 his,
1664 1834 1750 1863 tam

97 1905 315 1948 caritative
348 1920 479 1963 quarn
526 1904 642 1957 alias,
682 1903 824 1948 debite
861 1917 902 1948 et
935 1903 1199 1948 sufficienter
1236 1906 1421 1956 monita,
1457 1917 1676 1948 sommata
1713 1916 1756 1948 et

99 1989 316 2047 requisita.
352 2003 370 2026 »
1030 1982 1033 1985 ’

158 2071 294 2115 ***Ad
314 2072 453 2116 hunci
475 2072 722 2126 articulum,
738 2071 846 2116 dixit
868 2071 987 2129 quod
1013 2072 1102 2130 ipsa
1124 2058 1213 2116 non
1234 2071 1332 2116 fecit
1353 2071 1506 2116 delicta
1530 2072 1750 2130 proposita

101 2172 176 2215 per
193 2170 493 2214 promotorem
520 2169 669 2200 contra
693 2158 852 2214 ipsam3
900 2169 940 2199 et
969 2155 1020 2199 de
1061 2155 1249 2209 residuo,
1278 2172 1320 2199 se
1356 2154 1479 2199 refert
1511 2154 1563 2199 ad
1591 2156 1748 2198 Domi-

104 2257 208 2284 num
231 2258 242 2294 3
272 2253 312 2283 et
332 2239 450 2298 quod
476 2241 519 2283 in
546 2241 560 2265 ⁶
592 2239 674 2283 illis
701 2239 865 2284 delictis
891 2240 1121 2298 propositis
1141 2254 1289 2283 contra
1317 2241 1470 2297 ipsam,
1498 2255 1587 2283 non
1615 2237 1748 2282 credit

101 2323 263 2383 aliquid
285 2323 431 2368 fecisse
453 2337 601 2367 contra
620 2323 751 2367 fidem
771 2324 1064 2367 christianam.

152 2455 169 2472 *
194 2457 315 2508 Negat
339 2453 544 2493 articulum
565 2464 595 2493 7.

152 2526 188 2544 **
204 2526 399 2565 concernit
431 2525 570 2578 jndices
587 2528 617 2563 ὃ.

156 2598 213 2616 ***
237 2598 301 2636 Dit
323 2612 399 2651 que
427 2598 482 2636 les
505 2597 605 2636 deliz
633 2598 825 2650 proposes
848 2611 916 2651 par
940 2597 975 2636 le
993 2606 1227 2650 promoteur
1243 2607 1380 2636 contre
1399 2596 1490 2644 elle,
1524 2596 1601 2636 elle
1624 2610 1672 2635 ne
1696 2596 1752 2635 les

105 2683 124 2708 a
146 2683 214 2722 pas
238 2669 332 2717 fais,
353 2681 392 2708 et
413 2670 465 2708 du
487 2669 673 2722 sourplus
698 2670 779 2708 s'en
810 2679 966 2722 raporte
989 2671 1009 2707 a
1031 2678 1165 2708 nostre
1186 2669 1382 2721 Seigneur
1401 2683 1409 2713 ς
1428 2678 1465 2707 et
1484 2682 1560 2721 que
1578 2668 1751 2707 d’iceulx

105 2740 204 2779 deliz
226 2742 420 2794 proposes
445 2751 582 2780 contre
613 2740 704 2787 elle,
730 2740 818 2779 n'en
845 2741 960 2779 cuide
984 2741 1095 2778 avoir
1119 2740 1201 2778 rien
1224 2739 1293 2778 fait
1317 2749 1454 2779 contre
1475 2739 1511 2778 la
1534 2739 1599 2793 foy
1618 2740 1750 2778 chres-

103 2813 255 2851 tienne.

155 2950 184 2972 1.
205 2938 234 2972 C
254 2948 353 2973 omet
373 2938 468 2972 hunc.
486 2960 529 2963 —
546 2949 578 2972 2.
600 2940 630 2972 A
657 2951 666 2970 :
685 2938 741 2972 Ad
758 2939 998 2982 sturugesintmn
1017 2939 1188 2984 septimum
1207 2939 1389 2972 articulum
1411 2938 1580 2985 saepcclicta
1595 2938 1748 2982 Jolmnna

105 3003 211 3043 negat.
235 3019 278 3023 —
304 3008 333 3042 3.
356 2999 382 3031 B
405 3010 414 3031 .·
436 2999 679 3044 propulsatum.
706 3017 749 3022 -—
767 3009 804 3039 4,
834 2998 863 3031 .-l
879 3009 889 3031 .·
911 2997 965 3030 Ad
982 2998 1219 3042 sexagesimum
1239 3003 1390 3031 octavum
1408 2998 1590 3032 articulum
1611 3004 1746 3043 respon-

103 3056 152 3090 dit
171 3057 419 3101 dirtasohanmz
434 3057 517 3103 qnod
528 3058 733 3091 articulus...
756 3078 800 3082 —
838 3067 866 3099 ς.
893 3057 921 3090 AI
949 3068 960 3090 .·
989 3058 1224 3101 sexagesimum
1243 3069 1379 3091 nonum.
1411 3079 1451 3082 —
1473 3057 1506 3092 6.
1528 3057 1620 3092 AC:
1637 3057 1685 3091 de.
1703 3079 1748 3081 —

135 3145 140 3150 .
169 3117 209 3158 U,
225 3116 285 3151 fol.
312 3127 366 3161 30,
391 3128 433 3151 r0.
456 3138 502 3142 *—
519 3120 552 3151 S.
589 3116 688 3154 Ibid„
719 3117 816 3150 idem.
