2099 3356
336 256 363 298 4
608 241 768 285 PRociss
801 256 857 285 DE
889 255 1242 286 coNDAMNATmN
1279 256 1334 285 DE
1366 257 1533 298 JEANNE
1566 244 1696 288 D’ARc

334 356 559 407 canonico,
587 357 955 401 monasteriorum
988 355 1157 400 abbates
1173 373 1185 410 3
1215 357 1406 407 Petrum,
1431 357 1619 415 priorem
1632 356 1686 401 de
1712 358 1976 417 Longavilla,

334 439 377 482 in
400 438 618 498 theologia
634 457 645 494 3
666 439 946 498 Radulphum
975 439 1203 493 Rousselli,
1246 439 1561 484 thesaurarium
1600 441 1784 486 ecclesiae
1811 442 1980 487 Rotho-

332 525 559 581 magensis,
585 525 811 582 utriusque
835 525 937 581 juris
953 523 1177 578 doctores;
1199 550 1256 555 ——
1276 524 1509 568 Nicolaum
1534 523 1585 568 de
1611 525 1815 579 Vender'e'zs,
1841 525 1977 570 archi-

329 605 562 651 diaconum
590 606 641 651 de
669 608 813 665 Augo,
843 609 886 650 in
905 608 1144 662 canonico3
1175 607 1416 657 Robertum
1444 607 1645 661 Barberii,
1673 609 1717 652 in
1739 620 1926 668 utroque
1954 617 1963 634 ¹

331 690 437 745 jure,
464 689 726 744 licentiatos,
748 716 807 721 —
826 690 1059 734 Nicolaum
1090 690 1355 749 Coppequesne
1379 698 1410 743 ²,
1440 689 1728 734 bachalarium
1768 692 1812 735 in
1853 691 1973 736 theo-

333 772 445 831 logia
461 790 472 827 ;
507 785 548 817 et
574 772 807 817 Nicolaum
834 774 1049 818 Loiselleur
1076 781 1105 827 ³,
1137 775 1389 832 magistrum
1411 775 1454 817 in
1481 773 1657 819 artibus.

390 857 554 915 Itaque,
575 856 681 901 dum
708 859 814 901 tanti
839 870 1014 916 tamque
1041 858 1223 902 celebres
1255 859 1335 901 viri
1372 860 1528 916 pariter
1574 858 1670 902 loco
1714 870 1756 902 et
1779 871 1973 917 tempore

334 939 547 998 praedictis
568 954 883 996 convenerunt,
914 941 1098 986 modum
1126 954 1166 985 et
1193 940 1393 986 ordinem
1418 940 1685 1000 agendorum
1730 941 1781 986 ab
1819 957 1972 987 eorum

333 1023 570 1082 prudentiis
597 1026 918 1084 requisivimus,
946 1025 1189 1084 diligentias
1215 1041 1341 1084 super
1374 1041 1419 1069 ea
1454 1042 1497 1069 re
1536 1025 1661 1069 factas
1694 1025 1970 1085 exponendo,

327 1124 424 1166 quae
456 1109 652 1166 superius
676 1110 923 1154 recitantur.
953 1109 1043 1162 Qui
1071 1108 1266 1153 doctores
1293 1122 1334 1153 et
1358 1110 1565 1167 magistri,
1595 1109 1669 1153 ubi
1700 1122 1852 1154 cuncta
1880 1109 1973 1168 ple-

329 1193 426 1236 nius
461 1193 781 1246 intellexerunt,
823 1192 1167 1237 deliberaverunt
1206 1195 1249 1237 in
1294 1194 1442 1252 primis
1478 1193 1806 1238 informationes
1843 1209 1974 1252 super

325 1275 389 1319 his
417 1275 562 1320 haberi
590 1289 788 1334 oportere
815 1292 912 1335 quae
935 1276 987 1320 de
1008 1276 1127 1320 factis
1151 1293 1196 1320 ac
1230 1276 1353 1320 dictis
1387 1277 1517 1333 hujus
1554 1277 1747 1321 mulieris
1779 1276 1971 1336 divulga-

327 1358 507 1414 bantur,
534 1375 774 1419 eorumque
805 1361 994 1404 consiliis
1021 1344 1221 1405 decenter
1255 1362 1476 1419 susceptis,
1513 1362 1780 1405 narravimus
1809 1360 1970 1420 aliquas

324 1443 409 1499 jam
438 1443 768 1488 informationes
803 1446 920 1502 jussu
958 1457 1107 1488 nostro
1140 1444 1268 1488 fuisse
1303 1444 1519 1503 perfectas,
1559 1446 1800 1504 pariterque
1828 1444 1968 1489 decre-

323 1527 467 1571 vimus
495 1528 593 1571 alias
622 1544 792 1572 rursum
817 1529 964 1572 venire
989 1527 1229 1582 faciendas;
1253 1545 1350 1586 qua:
1377 1545 1529 1572 omnes
1568 1529 1716 1582 simul,
1746 1528 1813 1572 die
1849 1541 1965 1573 certo

322 1627 394 1669 per
418 1627 497 1655 nos
518 1597 864 1665 determinando,
890 1613 932 1655 in
969 1613 1190 1670 praesentia
1216 1612 1383 1656 consilii
1406 1611 1680 1666 referrentur,
1710 1624 1759 1656 ut
1782 1611 1966 1656 lucidius

321 1708 516 1739 constare
544 1709 684 1753 posset
702 1697 902 1754 quisnam
930 1696 1109 1740 ulterior
1134 1697 1176 1739 in
1199 1712 1241 1739 re
1271 1697 1358 1754 ipsa
1377 1712 1596 1754 processus
1614 1708 1825 1753 ageretur.
1856 1697 1965 1739 Prae-

321 1790 447 1832 terea,
480 1791 528 1822 ut
574 1779 728 1822 melius
766 1795 812 1822 ac
833 1789 849 1813 4
888 1781 1218 1823 convenientius
1264 1781 1490 1837 prcemissae
1540 1779 1870 1824 informationes
1918 1795 1963 1822 ac

315 1874 461 1905 caetera
480 1863 522 1905 in
548 1862 611 1905 his
631 1862 755 1906 rebus
783 1863 1018 1921 peragenda
1039 1865 1305 1907 exsecutioni
1326 1862 1648 1915 mandarentur,
1677 1862 1960 1907 deliberatum

314 1943 393 1988 fuit
414 1945 566 1989 eodem
596 1945 662 1989 die
683 1961 756 2004 per
782 1945 1020 1990 antedictos
1047 1946 1251 1991 dominos
1278 1959 1318 1990 et
1339 1948 1563 2005 magistros
1588 1948 1711 1990 certis
1745 1946 1961 1990 officiariis

311 2044 421 2086 opus
447 2045 550 2082 esse,
570 2030 645 2087 qui
673 2029 940 2087 agendorum
966 2030 1305 2075 sollicitudinem
1330 2031 1565 2089 specialiter
1585 2043 1797 2088 gererent,
1828 2043 1957 2088 atque

313 2113 540 2170 praemissis
564 2112 846 2171 exsequendis
874 2113 1101 2172 diligenter
1121 2113 1421 2167 intenderent3
1454 2113 1638 2172 fuitque,
1677 2129 1725 2157 ex
1761 2114 1955 2172 ipsorum

313 2207 415 2239 tunc
436 2197 729 2240 assistentium
752 2196 932 2241 consilio
954 2210 995 2241 et
1019 2196 1341 2248 deliberatione,
1374 2213 1447 2255 per
1464 2213 1555 2247 nos,
1579 2198 1828 2255 episcopum
1851 2212 1955 2254 prae-

314 2276 496 2331 dictum,
520 2280 773 2323 conclusum
805 2293 845 2324 et
881 2279 1132 2325 ordinatum
1164 2294 1210 2324 ut
1253 2280 1505 2324 venerabilis
1551 2293 1591 2324 et
1635 2279 1841 2324 discretus
1889 2281 1955 2323 vir

313 2361 518 2406 dominus
543 2362 762 2419 Johannes
785 2363 837 2408 de
861 2364 1066 2418 Estiveto,
1098 2365 1370 2408 ecclesiarum
1396 2365 1636 2422 Bajocensis
1657 2376 1698 2407 et
1724 2363 1952 2407 Belvacen-

310 2446 365 2489 sis
393 2447 641 2501 canonicus,
667 2446 860 2491 officium
900 2449 1164 2505 promotoris
1211 2464 1282 2491 seu
1322 2448 1606 2505 procuratoris
1653 2446 1860 2504 generalis
1906 2447 1948 2490 in

304 2544 429 2572 causa
453 2530 541 2587 ipsa
569 2543 794 2573 exerceret.
829 2530 1096 2574 Scientificus
1133 2547 1305 2589 quoque
1327 2532 1390 2573 vir
1419 2531 1619 2588 magister
1651 2529 1869 2586 Johannes
1895 2529 1946 2574 de

306 2612 456 2665 Fonte,
483 2613 682 2669 magister
706 2614 749 2656 in
771 2613 933 2657 artibus
958 2626 997 2657 et
1026 2614 1266 2658 licentiatus
1288 2615 1331 2657 in
1363 2615 1454 2671 jure
1480 2614 1706 2667 canonico,
1735 2613 1779 2655 in
1813 2614 1951 2656 consi-

304 2694 490 2748 liarium,
533 2696 880 2740 commissarium
920 2709 959 2740 et
1001 2698 1339 2741 examinatorem
1379 2695 1605 2741 ordinatus
1655 2696 1830 2739 exstitit.
1882 2695 1949 2739 Ad

301 2775 496 2820 officium
524 2793 626 2821 vero
642 2779 912 2822 notariorum
932 2792 972 2822 et
992 2779 1228 2823 scribarum
1250 2778 1442 2838 deputati
1464 2778 1639 2822 fuerunt
1656 2776 1887 2836 prudentes
1902 2790 1944 2822 et

302 2860 474 2904 honesti
495 2861 573 2903 viri
604 2861 868 2905 Guillelmus
894 2862 1039 2916 Colles,
1081 2863 1182 2906 alias
1214 2863 1532 2920 Boscguillaume
1559 2871 1587 2914 5,
1617 2876 1658 2907 et
1685 2863 1947 2908 Guillelmus

355 3090 382 3113 1.
413 3080 443 3114 C
463 3091 471 3112 .·
487 3082 651 3115 canonico.
680 3101 726 3106 —-
754 3091 786 3116 2.
817 3081 867 3116 C:
891 3081 1145 3128 Conppaqzcesne.
1162 3101 1209 3107 -—
1232 3092 1262 3127 3.
1293 3082 1349 3117 C:
1371 3083 1548 3117 Loiselem.
1570 3103 1617 3108 —
1642 3094 1676 3126 4.
1694 3084 1725 3118 A
1742 3084 1772 3118 C
1791 3089 1944 3130 .·alq11e,.

307 3159 352 3163 —
382 3147 412 3181 5.
441 3139 472 3173 A
495 3152 505 3172 .·
523 3139 805 3185 Boisguillaumc,·
824 3140 852 3174 B
873 3153 882 3173 :
902 3141 1173 3187 Bossguillaume.
