2099 3356
336 186 417 240 318
607 183 764 226 paor-,Es
798 197 854 225 DE
885 195 1237 225 CONDAMNAT10N
1272 195 1328 224 DE
1359 196 1525 237 JEANNE
1558 184 1689 226 D’ARC

332 309 375 341 et
401 308 639 354 agnoscunt
663 293 917 352 hujusmodi
939 294 1219 339 revelationes
1239 307 1281 339 et
1301 295 1587 352 apparitiones
1616 310 1706 339 non
1730 294 1858 340 fuisse
1894 295 1974 339 sibi

332 378 489 425 datasa
525 379 636 432 Deo,
671 376 1048 436 quemadmodum
1091 377 1267 435 jactabat
1297 386 1386 422 se¹.
1434 378 1485 422 Et
1511 378 1595 422 fuit
1633 377 1712 422 sibi
1747 391 1974 423 ostensum

330 476 541 522 quantum
576 461 812 520 periculum
847 474 909 505 est
945 462 1134 519 aliquem
1175 460 1227 505 de
1263 477 1306 505 se
1334 474 1505 505 tantum
1549 477 1809 520 praesumere
1856 462 1973 521 quod

330 558 496 604 reputet
522 562 564 590 se
594 544 803 589 idoneum
834 544 885 590 ad
907 545 1009 589 tales
1037 546 1323 604 apparitiones
1349 557 1391 589 et
1427 544 1710 590 revelationes
1743 544 1972 596 habendas,

330 628 446 688 quod
487 641 707 687 propterea
738 629 972 672 mentiatur
1006 628 1058 672 de
1102 628 1167 672 his
1202 644 1298 686 quae
1337 629 1554 686 pertinent
1586 627 1637 672 ad
1682 629 1843 682 Deum,
1873 628 1974 673 false

330 711 669 770 prophetizando
696 725 737 757 et
761 710 999 756 divinando
1023 710 1141 771 quod
1163 728 1184 755 a
1212 712 1307 755 Deo
1327 727 1416 755 non
1440 710 1583 766 habet,
1608 711 1680 756 sed
1709 728 1758 756 ex
1797 712 1973 757 fictione

330 795 465 841 cordis
489 794 795 840 suiadinvenit
806 813 817 850 3
842 794 959 840 unde
987 808 1128 853 potest
1151 796 1272 854 sequi
1303 794 1496 840 seductio
1531 795 1811 854 populorum,
1842 797 1974 841 susci-

331 881 435 925 tatio
477 896 692 924 novarum
727 893 940 924 sectarum
982 893 1022 924 et
1058 879 1194 924 multa
1234 879 1313 924 alia
1353 879 1535 925 nefanda
1568 881 1611 924 in
1646 879 1970 925 subversionem

331 964 525 1008 Ecclesiae
546 976 586 1007 et
611 963 760 1022 populi
781 963 996 1008 catholici.
1012 963 1213 1014 Qualiter
1230 965 1357 1008 etiam
1375 979 1503 1022 grave
1522 976 1583 1008 est
1607 964 1844 1022 periculum
1859 979 1974 1008 scru-

329 1048 406 1091 tari
434 1049 602 1091 curiose
629 1063 726 1106 quae
750 1063 875 1106 supra
902 1064 944 1092 se
966 1059 1083 1101 sunt,
1114 1060 1155 1091 et
1177 1048 1301 1091 novis
1326 1047 1452 1091 rebus
1478 1047 1586 1091 velle
1612 1046 1794 1101 credere,
1826 1060 1975 1106 praeter

329 1131 560 1175 consilium
590 1131 783 1175 Ecclesiae
809 1144 849 1175 et
878 1131 1173 1188 praelatorum,
1199 1144 1272 1175 aut
1297 1132 1427 1175 etiam
1463 1147 1597 1175 novas
1624 1144 1665 1175 et
1690 1131 1883 1176 insolitas
1911 1147 1975 1175 res

328 1214 603 1269 adinvenire,
631 1231 731 1258 nam
764 1214 985 1259 daemones
1015 1214 1171 1259 talibus
1209 1214 1528 1259 curiositatibus
1563 1215 1704 1260 solent
1735 1231 1778 1259 se
1808 1216 1973 1259 immis—

329 1314 437 1352 cere,
467 1299 533 1343 vel
552 1298 729 1343 occultis
754 1298 1046 1353 instinctibus,
1089 1299 1154 1343 vel
1187 1298 1422 1343 manifestis
1466 1298 1805 1357 apparitionibus
1842 1311 1973 1344 trans-

330 1382 560 1440 figurantes
595 1398 638 1426 se
663 1384 706 1426 in
746 1382 922 1440 angelos
954 1382 1077 1436 lucis,
1108 1395 1165 1436 et,
1201 1382 1280 1426 sub
1307 1384 1445 1441 specie
1477 1384 1647 1441 pietatis
1689 1396 1760 1427 aut
1793 1383 1974 1441 alicujus

332 1466 451 1520 boni,
474 1467 689 1510 trahentes
710 1466 760 1510 ad
789 1479 905 1524 pacta
934 1466 1127 1524 pestifera
1145 1479 1186 1510 et
1214 1468 1256 1510 in
1285 1482 1470 1510 errorem
1497 1467 1733 1521 mittentes,
1765 1467 1861 1511 Deo
1892 1467 1975 1511 hoc

331 1552 605 1608 permittente
626 1563 798 1607 propter
822 1551 1207 1608 praesumptionem
1235 1550 1468 1594 hominum
1501 1551 1576 1609 qui
1610 1550 1763 1594 talibus
1799 1551 1974 1595 curiosi·

331 1633 486 1678 tatibus
503 1649 545 1678 se
573 1635 686 1691 ipsos
723 1634 940 1692 implicare
967 1634 1143 1678 audent.
1179 1633 1281 1678 Ideo
1308 1633 1567 1678 admonebat
1594 1650 1687 1678 eam
1724 1633 1841 1692 quod
1871 1634 1974 1678 tales

330 1719 554 1771 vanitates,
587 1717 685 1761 talia
715 1716 936 1761 mendacia
964 1716 1102 1762 dicere
1126 1707 1337 1762 desineret
1373 1731 1414 1761 et
1442 1716 1493 1761 ad
1525 1718 1638 1761 viam
1672 1716 1826 1762 rediret
1860 1718 1973 1761 veri-

331 1802 442 1833 tatis.
476 1807 495 1829 »

387 1874 460 1917 VI.
489 1889 508 1913 «
536 1874 644 1917 Item
662 1872 797 1932 quod,
825 1889 877 1917 ex
898 1874 974 1917 ista
998 1872 1135 1918 radice
1163 1873 1476 1918 revelationum
1504 1874 1563 1918 sic
1596 1873 1894 1927 confictarum‚
1925 1873 1969 1917 in

328 1957 462 2001 multa
490 1957 569 2001 alia
596 1958 777 2001 crimina
812 1969 1080 2014 proruperat,
1114 1969 1268 2014 utputa
1304 1957 1440 2015 quod,
1472 1956 1722 2015 usurpando
1751 1956 1832 2001 sibi
1865 1955 1970 2002 illud

327 2040 444 2099 quod
468 2041 550 2084 Dei
574 2042 797 2099 proprium
825 2053 902 2093 est,
934 2049 1189 2097 praesumat2
1231 2039 1368 2084 dicere
1413 2040 1555 2085 futura
1603 2041 1895 2098 contingentia
1932 2053 1972 2084 et

329 2140 524 2177 asserere,
554 2140 599 2168 ac
624 2126 754 2168 etiam
776 2124 941 2168 occulta
968 2125 1207 2181 praesentia,
1246 2126 1355 2168 sicut
1379 2140 1524 2168 ensem
1553 2123 1632 2168 sub
1660 2136 1769 2168 terra
1797 2123 1972 2168 abscon-

331 2206 496 2262 ditum,
523 2220 651 2266 atque
691 2208 821 2251 etiam
856 2209 1081 2264 jactaverat
1115 2223 1158 2251 se
1188 2206 1305 2265 quod
1348 2207 1702 2252 certitudinaliter
1732 2206 1888 2251 sciebat
1920 2206 1971 2251 de

330 2290 591 2349 quibusdam
624 2291 818 2348 personis
847 2289 964 2349 quod
995 2303 1096 2334 sunt
1120 2290 1284 2335 dilectae
1308 2306 1329 2334 a
1357 2291 1453 2335 Deo
1470 2309 1481 2346 3
1511 2304 1551 2334 et
1584 2290 1635 2334 de
1650 2307 1692 2334 se
1721 2292 1823 2349 ipsa,
1853 2290 1970 2349 quod

329 2374 485 2418 sciebat
508 2391 551 2418 se
578 2390 668 2420 esse
687 2387 962 2419 consecutam
985 2375 1285 2418 remissionem
1319 2375 1475 2433 peccati
1506 2373 1624 2433 quod
1661 2386 1972 2433 perpetraverat

329 2474 372 2501 se
400 2457 704 2516 praecipitando
738 2474 759 2501 a
782 2459 886 2502 turri
915 2457 966 2502 de
995 2459 1254 2502 Beaurevoir:
1294 2475 1390 2515 qua:
1420 2471 1521 2502 sunt
1555 2457 1827 2511 divinatoria,
1862 2473 1969 2516 prae-

328 2554 580 2599 sumptuosa
601 2554 643 2584 et
660 2542 883 2585 temeraria
901 2558 910 2594 3
940 2541 1144 2600 quodque
1158 2543 1285 2586 etiam
1312 2541 1475 2585 dicebat
1495 2558 1538 2585 se
1557 2540 1753 2586 adorasse
1772 2558 1834 2585 res
1855 2543 1969 2586 inso-

327 2623 419 2668 litas
442 2624 521 2667 sibi
548 2638 812 2683 apparentes,
834 2640 935 2668 cum
967 2638 1109 2668 tamen
1137 2624 1297 2668 nullam
1338 2624 1626 2669 sufficientem
1658 2623 1964 2668 certitudinem

325 2723 368 2750 se
397 2706 549 2751 habere
583 2707 749 2761 referat,
792 2720 968 2766 propter
997 2724 1129 2766 quam
1168 2706 1339 2752 deberet
1377 2707 1543 2752 credere
1576 2708 1666 2751 illas
1702 2723 1790 2752 esse
1830 2707 1967 2752 bonos

327 2791 524 2848 spiritus,
559 2807 698 2849 neque
725 2806 851 2850 super
889 2790 969 2834 hoc
1012 2791 1217 2835 habuerat
1252 2791 1486 2835 consilium
1528 2792 1663 2836 curati
1701 2792 1861 2850 proprii
1897 2803 1969 2835 aut

329 2873 500 2917 alterius
521 2874 789 2918 ecclesiastici
811 2875 906 2929 viri,
932 2873 1126 2931 jactando
1147 2890 1190 2919 se
1220 2874 1271 2919 de
1303 2890 1360 2930 re,
1406 2876 1451 2919 in
1486 2874 1585 2929 hoc,
1622 2876 1690 2919 cui
1727 2874 1968 2932 periculum

386 3090 413 3113 1.
437 3079 469 3123 Q
489 3089 586 3115 omet
606 3092 647 3115 se.
668 3101 712 3105 —
732 3091 764 3115 2.
787 3082 818 3114 A
845 3094 854 3114 .·
870 3088 1102 3127 pra’sumerat.
