2099 3356
268 196 350 240 392
545 179 705 224 PRoeiss
738 195 794 223 DE
827 192 1180 223 CONDAMNATION
1214 192 1270 222 DE
1301 192 1467 235 JEANNE
1498 179 1624 221 D’ARC

260 294 552 360 periculosis
581 291 1107 356 temporibus,quibus
1135 290 1396 355 plerosque
1417 290 1903 355 pseudo-prophetas,

263 384 635 432 introducentes
687 392 841 429 sectas
891 381 1181 444 perditionis
1230 392 1276 428 et
1328 382 1516 437 erroris,
1569 392 1805 428 venturos
1855 381 1903 427 in

265 473 513 521 mundum
546 471 815 535 apostolica
848 471 1090 518 sententia
1127 470 1365 534 praedixit3
1399 471 1483 534 qui
1518 471 1663 517 variis
1694 481 1740 517 et
1780 486 1908 534 pere-

263 564 416 627 grinis
444 562 680 609 doctrinis
708 560 878 608 fideles
907 560 1090 607 Christi
1117 560 1353 608 abducere
1379 571 1594 624 possent,
1625 561 1718 607 nisi
1744 571 1909 607 sancta

266 662 418 698 mater
447 650 658 698 Ecclesia
696 666 825 697 sanae
859 649 1093 696 doctrinae
1130 660 1176 696 et
1207 650 1524 697 sanctionum
1559 650 1906 696 canonicarum

266 740 503 805 praesidiis
543 756 718 787 eorum
759 739 1136 786 adinventiones
1164 755 1389 786 erroneas
1426 738 1725 802 diligentiori
1764 754 1910 802 opera

265 830 505 893 depellere
528 829 761 876 studeret.
795 829 925 882 Cum
952 829 1116 891 itaque
1145 845 1307 876 coram
1338 828 1497 883 nobis,
1527 828 1685 883 Petro,
1719 829 1910 875 misera-

266 921 402 967 tione
439 918 609 966 divina
637 919 921 966 Belvacensi
954 919 1203 982 episcopo,
1245 929 1291 965 et
1320 918 1460 965 fratre
1482 917 1707 978 Johanne
1740 918 1913 981 Magis-

267 1011 341 1065 tri,
366 1009 548 1055 vicario
572 1010 621 1055 in
652 1007 740 1054 hac
765 1009 958 1054 civitate
984 1019 1029 1054 et
1051 1007 1249 1055 dioecesi
1276 1007 1486 1071 praeclari
1506 1007 1721 1055 doctoris
1741 1008 1914 1071 magis-

268 1100 326 1146 tri
380 1098 622 1159 Johannis
678 1098 937 1153 Graverent,
1002 1098 1317 1160 inquisitoris
1373 1097 1610 1145 hcereticee
1666 1098 1913 1161 pravitatis

272 1190 319 1235 in
362 1204 513 1251 regno
553 1188 780 1243 Franciae‚
819 1198 865 1234 et
902 1203 985 1250 per
1023 1186 1255 1234 eumdem
1295 1186 1352 1233 ad
1381 1203 1579 1234 causam
1626 1197 1913 1251 praesentem

271 1277 544 1341 specialiter
579 1276 830 1339 deputato.
870 1276 1120 1340 judicibus
1148 1276 1547 1339 competentibus
1574 1278 1622 1323 in
1649 1276 1737 1324 hac
1767 1288 1914 1340 parte,

271 1379 341 1424 tu,
365 1366 606 1427 Johanna,
635 1366 902 1429 vulgariter
932 1366 1059 1413 dicta
1093 1366 1136 1412 la
1173 1367 1359 1422 Pucelle,
1395 1383 1541 1430 super
1579 1383 1729 1429 quam
1771 1367 1916 1430 pluri-

272 1457 366 1503 mis
398 1457 686 1520 perniciosis
718 1456 1009 1503 criminibus
1034 1455 1190 1502 delata
1218 1456 1364 1502 fueris
1386 1467 1431 1502 et
1461 1457 1507 1502 in
1536 1456 1778 1520 judicium
1801 1455 1916 1503 fidei

273 1556 470 1592 evocata
501 1564 508 1592 :
540 1545 654 1592 hinc
691 1556 761 1592 est
797 1544 948 1608 quod,
989 1546 1105 1592 visis
1143 1557 1188 1592 et
1222 1545 1483 1608 diligenter
1521 1546 1754 1608 inspectis
1797 1547 1916 1593 serie

274 1636 345 1682 tui
376 1650 633 1698 processus
668 1646 712 1681 et
750 1634 988 1681 omnibus
1020 1636 1069 1681 in
1108 1634 1281 1681 eodem
1314 1635 1519 1697 agitatis,
1559 1635 1799 1698 praecipue
1831 1650 1920 1681 res·

273 1725 620 1788 ponsionibus,
651 1724 1052 1771 confessionibus
1084 1735 1129 1771 et
1167 1724 1522 1772 assertionibus
1555 1741 1637 1787 per
1679 1735 1724 1771 te
1767 1724 1917 1778 datis·;

273 1826 554 1877 attentaque
579 1813 838 1877 percelebri
865 1813 1214 1860 deliberatione
1240 1815 1587 1876 magistrorum
1611 1813 1917 1861 Facultatum

275 1904 540 1966 theologiax
577 1915 622 1950 et
671 1903 979 1950 decretorum
1034 1904 1081 1949 in
1123 1904 1450 1950 Universitate
1492 1904 1768 1960 Parisiensi,
1817 1904 1918 1949 imo

274 1995 421 2041 etiam
466 2005 510 2040 et
552 1994 707 2056 ipsius
754 1994 908 2039 totius
959 1993 1302 2040 Universitatis
1348 1992 1661 2055 aliorumque
1715 1995 1918 2056 insuper

276 2083 603 2146 praelatorum,
639 2082 900 2129 doctorum
943 2094 987 2129 et
1024 2083 1309 2145 peritorum,
1342 2094 1437 2128 tarn
1484 2083 1531 2128 in
1572 2098 1701 2129 sacra
1746 2083 1921 2146 pagina

276 2189 424 2236 quam
461 2174 509 2218 in
549 2172 739 2235 juribus
768 2173 1009 2218 canonico
1044 2183 1089 2218 et
1121 2171 1268 2227 civili,
1303 2173 1351 2218 in
1389 2171 1476 2218 hac
1507 2171 1623 2218 urbe
1657 2172 1923 2220 Rothoma-

275 2264 412 2326 gensi
445 2262 790 2308 exsistentium
829 2273 874 2308 et
908 2261 1021 2308 alibi
1070 2263 1117 2307 in
1162 2261 1484 2309 multitudine
1522 2263 1738 2324 copiosa,
1778 2278 1923 2325 super

276 2347 731 2413 qualificationibus
757 2362 803 2398 et
831 2351 1329 2398 determinationibus
1353 2362 1549 2398 tuarum
1575 2352 1921 2407 assertionum,

276 2441 520 2488 dictorum
557 2452 602 2487 et
638 2441 911 2492 factorum:
945 2439 1224 2503 habitisque
1253 2440 1466 2487 consilio
1498 2451 1544 2486 et
1587 2450 1776 2486 matura
1803 2439 1922 2486 deli-

277 2530 525 2577 beratione
548 2547 663 2577 curn
694 2531 914 2593 practicis
952 2529 1065 2576 fidei
1099 2529 1376 2576 christianae
1406 2529 1699 2576 zelatoribus
1725 2547 1735 2586 ;
1768 2530 1924 2576 consi-

277 2619 451 2665 deratis
481 2621 627 2666 etiam
655 2630 700 2666 et
725 2620 923 2666 attentis
953 2635 1034 2682 per
1064 2635 1153 2665 nos
1182 2619 1304 2665 circa
1333 2618 1434 2665 haec
1466 2619 1639 2666 merito
1667 2619 1925 2666 attenden-

278 2708 350 2754 dis
376 2720 421 2755 et
443 2708 828 2763 considerandis,
856 2725 908 2755 ac
933 2724 1043 2770 quae
1073 2724 1162 2755 nos
1188 2720 1233 2754 et
1256 2707 1531 2771 quemlibet
1560 2719 1683 2755 recte
1711 2707 1927 2772 judican-

278 2809 376 2843 tem
418 2814 613 2844 movere
649 2809 919 2860 potuerunt
959 2809 1004 2844 et
1050 2797 1328 2844 debuerunt
1370 2815 1377 2843 :
1428 2811 1536 2851 Nos,
1579 2796 1834 2844 Christum
1879 2808 1927 2844 et

278 2886 521 2932 honorem
557 2886 669 2933 fidei
702 2886 989 2933 orthodoxae
1017 2903 1110 2949 prae
1137 2886 1296 2933 oculis
1327 2886 1578 2943 habentes,
1604 2897 1657 2934 ut
1691 2886 1748 2933 de
1781 2886 1924 2934 vultu

278 2975 480 3020 Domini
509 2974 751 3038 judicium
782 2987 1007 3022 nostrum
1042 2975 1253 3038 prodeat,
1283 2975 1496 3023 dicimus
1522 2987 1568 3022 et
1598 2975 1908 3023 decernimus

281 3074 329 3108 te
357 3063 713 3110 revelationum
732 3066 781 3110 ‘et
801 3065 1166 3127 apparitionum
1192 3064 1468 3112 divinarum
1496 3064 1786 3112 mendosam
1813 3080 1905 3111 con

2083 947 2094 959 ‚l

2083 1028 2091 1038 .,

2075 1047 2097 1056 ..,

2072 1219 2091 1239 >a-

2079 1323 2094 1350 '1

2079 1369 2099 1384 ιἰ

2070 1387 2099 1420 psi

2071 1440 2099 1467 ξι.

2070 1471 2086 1499 ¹.ss

2071 1592 2099 1666 Ξ

2072 1673 2099 1709 3.

2079 1707 2095 1722 ξ’

2075 1731 2095 1747 ’-

2077 1753 2095 1777 ‘e’

2082 1952 2094 1979 ,ιι-Ἰ
