2099 3356
383 188 542 232 PRoc'Es
575 204 630 232 DE
663 203 1018 232 CONDAMNATION
1054 204 1110 231 DE
1142 204 1309 245 JEANNE
1341 190 1469 233 D'ARC
1670 205 1749 246 197

101 305 236 348 nescit
254 307 444 364 proprie;
459 318 514 359 et,
537 305 571 348 si
589 306 643 348 sit
662 304 715 348 de
730 319 852 357 auro,
877 320 967 347 non
986 316 1048 348 est
1069 303 1121 348 de
1140 319 1244 348 auro
1264 320 1389 361 puro,
1412 319 1489 347 nec
1509 304 1586 347 scit
1600 317 1747 348 utrum

99 389 153 431 sit
176 403 330 432 aurum
356 389 422 433 vel
462 388 670 433 electrum
680 405 692 442 3
717 399 759 431 et
785 388 944 445 cogitat
968 387 1085 445 quod
1116 387 1174 431 ibi
1215 400 1334 431 erant
1363 399 1448 431 tres
1474 402 1634 441 cruces,
1673 403 1752 431 nec

99 469 215 514 aliud
230 472 405 528 signum
418 470 536 530 quod
551 472 668 524 sciat,
698 471 1050 528 exceptisJHEsUs
1074 471 1242 514 MARIA.
1266 470 1598 527 —Interrogata
1620 486 1751 528 quare

101 555 157 598 ita
191 553 374 598 libenter
408 554 657 613 respiciebat
680 553 847 598 dictum
873 553 1074 607 anulum,
1099 553 1205 597 dum
1236 555 1315 597 iret
1339 555 1383 596 in
1412 552 1522 596 facto
1548 569 1711 611 guerrae
1737 571 1746 597 :

101 637 320 696 respondit
347 638 465 697 quod
490 651 663 697 propter
683 638 938 696 placentiam
963 651 1004 681 et
1032 637 1247 681 honorem
1272 638 1400 695 patris
1425 649 1467 681 et
1491 639 1635 681 matris
1651 653 1750 681 suo-

100 737 219 776 rum3
251 735 292 765 et
315 723 403 780 ipsa
431 721 593 766 habens
619 721 801 765 anulum
835 722 879 764 in
912 737 1046 765 manu
1073 737 1149 764 sua
1175 734 1215 764 et
1238 722 1284 764 in
1317 719 1454 778 digito
1482 735 1578 772 suo,
1609 722 1750 778 tetigit

98 817 285 848 sanctam
318 805 598 849 Katharinam
619 821 717 863 quae
737 804 817 847 sibi
839 805 1048 862 apparuit.
1075 830 1133 834 —
1155 805 1419 861 Interrogata
1445 806 1488 847 in
1516 820 1600 862 qua
1634 816 1749 862 parte

98 904 191 933 eam
220 889 360 946 tetigit
385 905 392 931 :
418 887 640 946 respondit
667 905 675 931 :
710 904 730 927 «
755 888 821 931 De
847 887 928 931 hoc
950 903 1040 931 non
1064 886 1271 931 habebitis
1297 886 1428 931 aliud.
1460 905 1479 927 »

158 1032 277 1076 XXI.
297 1051 316 1073 «
330 1033 454 1086 ITEM,
468 1031 577 1075 dicta
590 1031 896 1088 Johanna,suis
910 1040 920 1056 ¹
944 1032 1183 1075 temeritate
1195 1044 1237 1074 et
1253 1033 1590 1089 praesumptione
1601 1031 1745 1085 ducta,

98 1116 271 1169 litteras,
295 1115 549 1159 nominibus
573 1116 664 1158 istis
680 1115 842 1171 JHESUS
858 1116 1009 1158 MARIA
1030 1116 1276 1172 praemissis,
1304 1116 1428 1173 signo
1456 1116 1592 1159 crucis
1618 1116 1748 1159 inter-

97 1201 256 1258 posito,
285 1198 439 1243 confici
462 1199 561 1243 fecit
590 1212 634 1243 et
666 1199 917 1253 transmitti,
940 1214 992 1243 ex
1015 1211 1133 1256 parte
1154 1199 1235 1251 sui,
1265 1197 1448 1242 domino
1470 1211 1619 1242 nostro
1640 1201 1745 1257 regi,

97 1281 281 1328 domino
314 1282 568 1335 Bedfordiae,
601 1296 707 1327 tunc
743 1284 907 1341 regenti
943 1298 1127 1340 regnum
1163 1283 1364 1336 Franciae,
1403 1295 1444 1326 et
1477 1281 1669 1326 dominis
1702 1299 1747 1326 ac

96 1368 326 1426 capitaneis
353 1380 455 1411 tunc
475 1366 723 1411 tenentibus
749 1365 1025 1410 obsidionem
1055 1379 1153 1410 ante
1178 1365 1438 1420 Aurelianis,
1467 1365 1604 1410 multa
1636 1367 1747 1410 mala

96 1464 137 1495 et
160 1452 398 1509 perniciosa
424 1467 470 1495 ac
495 1450 595 1494 fidei
622 1450 844 1494 catholicae
869 1451 1016 1494 minus
1032 1465 1224 1494 consona
1244 1451 1532 1503 continentes,
1562 1464 1744 1508 quarum

95 1548 221 1579 tenor
245 1533 423 1579 inferius
440 1535 650 1593 sequitur.
683 1551 703 1575 »

153 1618 253 1663 *Ad
277 1618 394 1663 hunc
415 1626 429 1644 ²
447 1618 695 1672 articulum,
713 1618 824 1663 dicta
850 1617 918 1662 die
949 1619 1111 1671 martis,
1134 1632 1272 1661 xxvn.
1303 1618 1444 1661 martii
1470 1625 1500 1670 ³,
1523 1616 1749 1676 respondit

75 1702 230 1761 quod,
268 1702 484 1761 quantum
512 1703 563 1747 ad
600 1703 775 1756 litteras,
805 1718 872 1746 eas
909 1718 999 1746 non
1032 1701 1131 1745 fecit
1158 1716 1230 1760 per
1258 1700 1503 1759 superbiam
1542 1715 1615 1745 aut
1642 1717 1745 1759 prae-

95 1789 410 1846 sumptionem,
438 1788 529 1831 imo
551 1803 624 1845 per
647 1799 908 1846 praeceptum
929 1787 1112 1838 Domini
1133 1787 1293 1839 nostri3
1319 1798 1360 1828 et
1380 1784 1488 1829 bene
1515 1785 1746 1830 confitetur

93 1884 295 1915 contenta
322 1873 363 1915 in
390 1871 556 1925 litteris,
586 1872 772 1929 exceptis
795 1870 932 1914 tribus
959 1869 1192 1914 vocabulis.

152 1962 234 2005 Die
256 1963 380 2018 jovis,
407 1975 497 2004 xxu
525 1971 557 2005 4.
587 1960 804 2015 februarii,
827 1959 934 2004 dixit
959 1959 1079 2017 quod
1109 1961 1279 2003 miserat
1301 1959 1461 2003 litteras
1485 1972 1583 2003 ante
1606 1961 1744 2003 Aure-

94 2045 218 2089 lianis
246 2044 454 2104 Anglicis,
487 2058 536 2088 ut
566 2043 666 2088 inde
690 2043 951 2097 recederent,
975 2057 1104 2102 prout
1135 2044 1286 2087 litterae
1323 2059 1427 2102 quas
1459 2043 1623 2087 audivit
1661 2044 1743 2101 legi

91 2130 331 2183 continent,
361 2130 547 2187 exceptis
575 2127 746 2172 duobus
779 2128 846 2172 vel
879 2127 1015 2171 tribus
1052 2127 1207 2180 verbis,
1241 2126 1440 2171 videlicet
1474 2128 1611 2184 render
1642 2129 1667 2171 ὰ
1701 2129 1743 2172 la

145 2273 306 2321 *Quoad
328 2272 539 2312 vicesimum
555 2271 727 2326 primum
756 2286 763 2310 :
788 2272 961 2324 respond
984 2285 1076 2325 que,
1103 2280 1226 2324 quant
1251 2284 1325 2308 aux
1343 2269 1496 2316 leones,
1524 2269 1670 2324 qu’elle
1695 2284 1744 2310 ne

94 2344 149 2383 les
174 2358 193 2383 a
212 2345 327 2397 point
350 2344 485 2383 faictes
510 2357 580 2396 par
610 2342 767 2396 orgueil
793 2357 845 2382 ou
864 2343 1169 2396 presompcion,
1197 2343 1296 2380 mais
1328 2355 1396 2394 par
1421 2341 1455 2379 le
1482 2341 1744 2380 commande-

93 2426 203 2455 ment
223 2416 271 2455 de
297 2425 431 2455 nostre
454 2416 670 2468 Seigneur;
696 2424 734 2453 et
755 2414 937 2453 confesse
959 2414 1051 2453 bien
1071 2414 1104 2452 le
1129 2423 1305 2452 contenu
1329 2427 1378 2451 eu
1401 2412 1555 2457 lecu-es,
1580 2414 1743 2465 excepte

93 2498 202 2541 troys
227 2501 328 2527 mos.

147 2562 255 2607 Item,
284 2560 340 2598 dit
358 2573 435 2612 que
460 2558 569 2598 seles
584 2558 753 2611 Anglois
767 2567 929 2596 eussent
950 2571 1040 2596 creu
1061 2570 1120 2595 ses
1142 2556 1298 2604 lectreS,
1326 2556 1374 2594 ilz
1399 2566 1559 2595 eussent
1574 2555 1641 2594 fait
1665 2570 1741 2609 que

93 2633 239 2685 saiges3
261 2647 269 2678 ;
297 2642 334 2671 et
355 2645 432 2685 que
461 2641 578 2670 avant
602 2643 678 2684 que
705 2631 780 2669 soit
803 2640 889 2682 sept
913 2643 997 2676 ans,
1026 2629 1075 2667 ilz
1098 2627 1179 2667 s’en
1203 2637 1492 2681 appercevront
1512 2628 1602 2666 bien
1628 2628 1675 2666 de
1698 2641 1743 2667 ce

94 2703 237 2757 qu'elle
260 2703 344 2742 leur
365 2703 594 2756 escripvoit.
616 2703 665 2745 Et
684 2702 726 2740 de
748 2701 808 2739 hos
827 2715 860 2739 se
885 2702 995 2753 refert
1017 2701 1066 2738 ad
1090 2700 1349 2753 responsionem
1373 2698 1469 2738 alias
1485 2706 1551 2753 per
1574 2712 1651 2738 eam
1660 2700 1743 2753 fac-

93 2781 169 2815 tam
195 2777 224 2813 ⁶.

146 2930 174 2953 1.
197 2919 258 2953 BC
279 2931 287 2952 .·
306 2920 398 2957 sine:
417 2918 451 2962 Q
470 2930 479 2951 .·
500 2919 580 2951 sive.
615 2938 651 2942 —
670 2928 701 2951 2.
717 2918 746 2951 A
766 2929 776 2951 .·
790 2917 982 2950 vicesimum
997 2917 1163 2962 primum.
1182 2936 1224 2940 -
1241 2925 1271 2959 3.
1286 2915 1317 2948 A
1339 2915 1457 2961 ajoute
1477 2914 1564 2948 dicta
1575 2914 1740 2958 johanna.

94 2998 138 3004 —
157 2990 191 3021 4.
212 2978 272 3013 BC
285 2979 441 3024 ajoutent
457 2978 589 3011 mensis.
613 2997 658 3001 —
680 2987 708 3019 5.
730 2977 797 3010 Ms.
818 2988 861 3010 en
884 2986 1004 3021 marge
1028 2987 1033 3008 :
1059 2975 1161 3021 erv.
1183 2996 1224 2999 —
1248 2974 1281 3008 6.
1303 2974 1345 3015 U,
1368 2973 1430 3008 fol.
1452 2976 1508 3015 28,
1526 2983 1559 3007 r0
1574 2983 1607 3007 et
1628 2983 1679 3007 νο.
1694 2974 1741 3008 La

94 3038 274 3073 redaction
295 3038 399 3072 latine
417 3045 556 3083 reporte
571 3045 660 3070 cette
679 3038 829 3082 reponse
849 3038 867 3069 a
882 3035 1026 3069 l’article
1043 3035 1195 3068 suivant.
1212 3033 1363 3079 (Article
1384 3034 1498 3075 XXII,
1525 3043 1634 3078 voyez
1655 3044 1742 3079 page

100 3108 163 3140 199
181 3110 187 3131 :
207 3098 261 3131 Ad
281 3097 365 3131 hunc
377 3097 572 3138 articulum,
587 3097 646 3142 qui
661 3101 706 3129 est
724 3101 816 3129 tenor
835 3095 1026 3128 litterarum
1038 3094 1294 3140 praedistarum,
1314 3125 1318 3129 ,
1338 3094 1367 3135 ,)
