2099 3356
1928 0 2099 171 Ἳ

331 254 354 283 2
391 243 414 283 6
609 241 765 283 Pizocsss
798 253 854 283 DE
887 254 1237 285 CONDAMNATioN
1273 255 1329 285 DE
1359 255 1522 297 JEANNE
1555 241 1680 286 D’ARC

361 256 383 296 xi

1092 407 1192 450 VIII

382 556 401 577 «
433 539 555 591 ITEM,
576 537 687 581 dicta
708 536 887 581 foemina
908 537 1010 582 dicit
1053 550 1094 581 et
1114 537 1348 582 confitetur
1374 538 1491 596 quod
1517 540 1622 597 ipsa,
1673 540 1849 584 nemine
1870 555 1963 584 eam

319 635 497 679 cogente
518 634 591 664 aut
633 621 899 679 impellente,
919 637 963 664 se
1001 622 1279 679 praecipitavit
1304 621 1356 665 de
1388 623 1494 666 turri
1533 621 1719 681 quadam
1739 623 1962 678 altissima,

321 705 498 748 mallens
520 706 630 748 mori
658 721 789 764 quam
813 704 919 749 tradi
940 706 984 748 in
1001 721 1156 749 manus
1183 704 1525 750 adversariorum
1551 722 1750 761 suorum,
1768 719 1809 750 et
1826 723 1958 766 quam

319 791 460 833 vivere
487 802 582 847 post
608 788 949 833 destructionem
974 788 1085 832 villae
1111 788 1392 847 Compendii.
1420 790 1536 833 Dicit
1560 790 1692 834 etiarn
1719 789 1838 848 quod
1871 783 1962 835 non

320 874 460 930 potuit
488 873 646 916 evitare
674 871 927 928 hujusmodi
954 873 1266 931 praecipitium3
1293 885 1335 916 et
1380 885 1525 917 tamen
1546 886 1702 917 sanctae
1725 873 1962 918 Katharina

319 969 359 999 et
385 957 621 1013 Margareta
646 955 858 1014 praedictae
873 955 1013 999 eidem
1042 955 1359 1013 prohibuerunt
1381 972 1433 1000 ne
1456 972 1500 1000 se
1532 957 1813 1014 praecipitaret
1834 955 1963 1001 deor-

317 1055 412 1082 sum
440 1056 451 1092 ;
480 1055 584 1098 quas
610 1038 830 1083 offendere
857 1039 960 1083 dicit
996 1055 1084 1083 esse
1125 1055 1335 1097 magnum
1363 1053 1601 1097 peccatum.
1631 1039 1713 1084 Sed
1752 1039 1859 1084 bene
1880 1041 1958 1084 scit

316 1122 433 1180 quod
487 1122 735 1180 hujusmodi
788 1135 1010 1180 peccatum
1062 1122 1143 1166 fuit
1190 1122 1268 1166 sibi
1327 1122 1575 1177 dimissum,
1622 1136 1849 1182 postquam
1902 1122 1955 1167 de

317 1206 396 1250 hoc
420 1206 611 1250 confessa
627 1219 702 1250 est.
730 1206 779 1250 Ei
807 1206 859 1250 de
883 1207 964 1250 hoc
989 1206 1090 1250 dicit
1110 1223 1153 1250 se
1183 1206 1381 1251 habuisse
1406 1207 1732 1251 revelationem.
1767 1224 1787 1247 »

1102 1368 1162 1411 IX

373 1530 393 1552 «
424 1511 668 1566 ITEM,dicta
684 1511 864 1556 foemina
879 1511 982 1556 dicit
1006 1524 1046 1554 et
1068 1509 1250 1555 affirmat
1265 1510 1383 1570 quod
1395 1510 1606 1569 praedictae
1619 1524 1776 1556 sanctae
1790 1512 1954 1556 Katha-

311 1598 401 1640 rina
425 1609 465 1640 et
498 1597 731 1654 Margareta
766 1597 1057 1654 promiserunt
1084 1594 1162 1638 sibi
1206 1594 1324 1652 quod
1370 1596 1470 1652 ipsae
1519 1594 1723 1639 ducerent
1772 1611 1866 1639 earn
1907 1597 1951 1639 in

312 1680 572 1739 paradisum,
602 1681 634 1723 si
671 1679 777 1724 bene
816 1691 999 1722 servaret
1035 1679 1374 1736 virginitatem¹,
1404 1694 1534 1736 quam
1565 1679 1771 1732 eisvovit,
1801 1692 1889 1722 tam
1909 1680 1951 1723 in

309 1779 487 1822 corpore
521 1779 650 1822 quam
681 1764 723 1806 in
743 1764 900 1806 anima.
923 1763 972 1805 Et
1000 1761 1050 1805 de
1074 1761 1155 1805 hoc
1178 1761 1280 1805 dicit
1303 1778 1346 1805 se
1368 1777 1456 1805 esse
1490 1763 1547 1805 ita
1579 1776 1752 1815 certam,
1782 1763 1889 1806 sicut
1916 1763 1949 1805 si

307 1849 391 1905 jam
411 1849 498 1905 ipsa
519 1860 627 1890 esset
654 1848 695 1889 in
712 1846 847 1903 gloria
870 1846 1221 1889 Beatorum.Nec
1244 1857 1365 1902 putat
1389 1861 1432 1888 se
1459 1844 1605 1888 fecisse
1629 1861 1760 1903 opera
1786 1846 1943 1902 peccati

304 1931 496 1975 mortalis
519 1949 528 1985 ;
556 1947 672 1980 nam,
701 1932 731 1974 si
762 1931 848 1988 ipsa
875 1942 981 1973 esset
1004 1930 1046 1972 in
1067 1942 1239 1987 peccato
1263 1928 1448 1982 mortali,
1471 1942 1628 1972 sauctae
1644 1928 1877 1972 Katharina
1902 1942 1944 1972 et

302 2016 540 2072 Margareta
568 2013 789 2072 praedictae,
820 2026 865 2057 ut
880 2012 959 2057 sibi
988 2012 1171 2065 videtur,
1191 2027 1287 2055 eam
1310 2027 1399 2055 non
1422 2013 1659 2065 visitarent,
1699 2012 1807 2056 sicut
1834 2028 1938 2070 quo-

305 2097 407 2141 tidie
431 2106 444 2122 ²
468 2113 562 2140 eam
584 2098 772 2140 visitant.
795 2113 814 2135 ›>

1102 2228 1143 2270 X

367 2391 385 2412 ‹<
416 2374 540 2426 ITEM,
555 2372 666 2416 dicta
681 2371 863 2414 foemina
878 2369 979 2414 dicit
1003 2381 1043 2412 et
1064 2369 1246 2412 affirmat
1267 2367 1384 2427 quod
1401 2369 1519 2412 Deus
1535 2368 1674 2427 diligit
1696 2368 1907 2427 quosdam
1931 2378 1940 2401 ³

302 2456 611 2500 determinatos
638 2469 679 2498 et
722 2455 970 2498 nominatos
992 2463 1023 2503 ⁴,
1055 2451 1193 2495 adhuc
1245 2453 1444 2505 viatores,
1485 2465 1527 2494 et
1568 2452 1661 2510 plus
1698 2468 1771 2496 eos
1804 2451 1942 2510 diligit

301 2557 432 2599 quam
480 2539 603 2583 faciat
644 2537 841 2581 eamdem
892 2536 1139 2580 foeminam.
1195 2535 1245 2578 Et
1283 2535 1363 2578 hoc
1404 2536 1479 2578 scit
1512 2551 1585 2592 per
1633 2535 1940 2579 revelationem

298 2637 542 2666 sanctarum
592 2621 835 2665 Katharina:
879 2632 919 2663 et
959 2620 1208 2677 Margaretae
1235 2634 1331 2676 quae
1369 2618 1611 2676 loquuntur
1632 2619 1669 2662 ei
1697 2617 1941 2676 frequenter

295 2707 496 2765 gallicum
515 2719 556 2748 et
581 2721 669 2749 non
692 2704 928 2761 anglicum,
950 2718 1050 2746 cum
1076 2718 1164 2744 non
1192 2702 1279 2744 sint
1300 2700 1351 2744 de
1377 2713 1492 2759 parte
1525 2717 1693 2745 eorum.
1733 2701 1797 2754 Et,
1826 2714 1939 2758 post-

294 2806 425 2847 quam
447 2790 569 2832 scivit
582 2804 654 2846 per
669 2787 976 2831 revelationem
1002 2784 1118 2843 quod
1145 2800 1269 2828 voces
1294 2797 1414 2827 erant
1436 2800 1512 2842 pro
1545 2785 1736 2842 principe
1766 2783 1817 2828 de
1847 2800 1936 2842 quo

295 2888 436 2931 supra,
462 2888 551 2916 non
585 2871 771 2915 dilexit⁵
808 2868 1082 2926 Burgundos.
1116 2885 1135 2906 »

347 3032 375 3054 1.
397 3020 553 3066 Cajoute
570 3031 676 3053 suam.
698 3039 740 3043 —-
757 3028 790 3052 2.
807 3018 837 3051 A
858 3029 867 3050 .·
885 3016 1001 3051 cotidie
1016 3028 1025 3051 .·
1046 3015 1075 3050 C
1093 3027 1103 3049 .·
1119 3014 1295 3061 quothidie.
1318 3035 1360 3039 ——
1382 3024 1412 3058 3.
1432 3014 1462 3050 C
1479 3027 1489 3050 :
1507 3015 1668 3061 quosdem.
1682 3025 1772 3057 —4.
1790 3014 1821 3050 C
1833 3024 1932 3050 omet

294 3086 320 3114 cl
355 3082 549 3113 nominatos.
579 3099 625 3103 —
664 3066 692 3121 ς’.
716 3077 822 3123 Super
848 3087 945 3117 nono,
977 3075 1032 3108 ubi
1053 3074 1186 3108 habetur
1216 3086 1225 3107 :
1260 3087 1277 3105 «
1300 3074 1380 3108 Non
1399 3073 1518 3107 dilexit
1545 3088 1575 3115 n,
1602 3074 1690 3108 debet
1703 3075 1786 3120 poni
1809 3086 1820 3108 .·
1840 3087 1858 3106 ‹<
1885 3074 1931 3108 Et

289 3145 458 3185 postquam
488 3146 546 3184 pet·
579 3137 804 3171 sevelalimzem
831 3136 938 3169 scicrit
963 3135 1045 3180 quod
1076 3145 1164 3167 voces
1189 3138 1298 3175 erant,
1329 3138 1386 3167 etc.
1407 3147 1424 3164 n
1452 3133 1497 3166 Et
1524 3133 1674 3167 radietur
1704 3133 1823 3167 ultima
1849 3139 1930 3179 pars

293 3199 443 3234 izi-lifuli,
467 3198 610 3231 videlir‘el
635 3209 643 3229 .·
668 3211 682 3227 «
704 3197 747 3229 Iit
766 3195 966 3228 λνιιτυιηηίιι,
989 3199 1045 3226 etc.
1069 3210 1083 3223 »ι

2076 858 2099 910 i

2084 914 2099 973 Ξ

2083 974 2099 1169 ἒ

2080 1848 2086 1858 ι

2072 1869 2087 1892 ,ὅ
