2099 3356
357 204 436 245 162
622 203 781 245 PROCI'iS
824 216 879 245 DE
921 216 1273 246 CONDAMNA'mon
1308 217 1365 246 DE
1396 217 1563 258 JssANNE
1597 203 1722 248 D'ARC

402 314 536 368 *Qua
571 315 750 374 quidem
795 315 1106 374 supplicatione
1145 317 1203 359 sic
1249 315 1369 368 facta,
1413 316 1552 361 dictus
1603 330 1828 374 promotor
1867 317 1985 363 dedit

346 397 539 443 libellum
567 411 716 443 contra
744 399 878 456 ipsam
904 399 1151 455 Johannam
1174 398 1230 442 ibi
1260 413 1530 457 praesentem,
1562 417 1634 459 per
1669 400 1851 446 modum
1885 403 1992 446 arti-

344 482 542 527 culorum
571 481 945 534 concludentium,
975 498 1163 541 quorum
1193 495 1319 527 tenor
1343 482 1450 527 infra
1475 483 1689 529 scribitur.

404 565 691 612 Postmodum
743 582 840 620 nos,
900 565 1060 623 judices
1099 566 1317 617 antedicti,
1366 568 1600 625 petivimus
1636 567 1989 613 deliberationem

345 649 665 694 antedictorum
703 649 988 694 dominorum
1027 663 1068 694 et
1096 652 1419 708 magistrorum,
1449 650 1506 695 ibi
1540 664 1642 696 tunc
1677 653 1989 708 assistentium,

345 746 386 777 et
413 733 517 792 quid
543 733 724 778 ulterius
746 746 833 778 erat
857 733 1089 792 agendum.
1117 735 1219 777 Vi'sa
1242 734 1555 793 supplicatione
1591 748 1633 779 et
1664 748 1858 794 requesta
1894 752 1990 794 pro-

347 819 545 872 motoris,
576 831 617 861 et
640 816 797 862 auditis
821 817 1107 876 opinionibus
1121 817 1413 876 singulorum,
1434 818 1726 863 conclusimus
1745 819 1861 878 quod
1887 818 1988 864 dicti

343 901 524 956 articuli,
554 918 627 960 per
654 903 796 960 ipsum
818 914 1112 960 promotorem
1143 901 1340 955 exhibiti,
1369 902 1630 960 legerentur,
1658 915 1698 947 et
1728 902 1865 947 verbis
1905 903 1990 960 gal-

343 985 433 1029 licis
459 998 778 1043 exponerentur
805 987 882 1042 ipsi
906 985 1134 1041 Johannae‚
1161 985 1367 1044 quodque
1395 974 1505 1030 dicta
1531 986 1730 1042 Johanna
1757 985 1807 1030 ad
1845 987 1989 1044 singu—

342 1069 406 1114 los
432 1069 634 1114 articulos
668 1068 944 1128 responderet
978 1068 1084 1114 illud
1130 1069 1247 1128 quod
1277 1071 1422 1124 sciret3
1448 1082 1487 1113 et
1527 1071 1561 1114 si
1595 1070 1737 1129 aliqua
1764 1083 1904 1115 essent
1937 1070 1988 1114 de

338 1152 498 1212 quibus
525 1152 836 1211 respondendis
856 1165 1015 1211 peteret
1044 1152 1315 1206 dilationem,
1343 1152 1421 1197 sibi
1447 1166 1697 1212 competens
1726 1153 1874 1198 dilatio
1907 1166 1987 1197 tra-

341 1236 529 1282 deretur.

391 1388 463 1426 *Et
488 1387 779 1440 supplicatione
798 1385 895 1425 facta
913 1395 940 1434 ¹,
964 1385 1072 1425 dedit
1094 1395 1107 1412 ²
1145 1385 1325 1425 libellum
1363 1395 1500 1425 contra
1531 1386 1774 1435 Johannam,
1797 1387 1861 1426 hic
1886 1400 1983 1440 prae-

338 1468 506 1506 sentem,
548 1471 617 1511 per
659 1459 824 1497 modum
868 1457 1127 1497 articulorum
1173 1457 1519 1497 concludentium.
1564 1459 1610 1497 Et
1651 1443 1788 1511 postea
1826 1459 1984 1497 domini

338 1531 489 1582 judices
510 1531 709 1583 petierunt
733 1529 781 1568 ab
806 1529 1094 1577 assistentibus,
1119 1539 1313 1582 praesente
1344 1529 1447 1568 dicta
1469 1530 1667 1578 johanna,
1695 1543 1784 1583 quae
1820 1530 1872 1569 ibi
1907 1529 1981 1568 fuit

335 1602 518 1650 adducta,
545 1601 714 1655 qualiter
752 1611 831 1640 erat
862 1601 1026 1639 ulterius
1061 1601 1285 1639 faciendum
1321 1611 1358 1639 et
1397 1601 1695 1653 procedendum
1732 1602 1770 1639 in
1795 1603 1976 1654 negotio,

335 1675 441 1726 juxta
465 1674 798 1727 supplicationem
821 1673 1079 1726 promotoris.
1099 1672 1181 1718 Qui
1204 1672 1360 1711 domini
1387 1673 1614 1712 assistentes
1638 1686 1757 1725 super
1788 1673 1867 1712 hoc
1899 1686 1981 1712 res-

338 1745 566 1798 ponderunt
585 1759 593 1782 2

388 1819 435 1856 Et
462 1818 607 1870 primo,
635 1817 822 1869 magister
850 1815 1040 1855 Nicolaus
1077 1815 1124 1854 de
1164 1815 1369 1854 Venderez
1402 1815 1500 1854 dixit
1532 1815 1655 1868 quod,
1701 1815 1746 1854 ad
1782 1816 1976 1868 primum,

331 1889 607 1942 compellenda
632 1898 689 1927 est
709 1887 834 1927 facere
859 1889 1140 1940 juramentum.
1177 1887 1323 1933 Quoad
1355 1886 1594 1934 secundum,
1619 1888 1736 1926 etiam
1769 1897 1977 1940 promotor

331 1961 430 2000 bene
453 1962 631 2014 requirit,
657 1970 693 2000 et
718 1960 826 2013 quod
861 1970 918 1999 est
960 1959 1177 2012 reputanda
1209 1969 1440 2007 contumax,
1468 1959 1498 1997 si
1537 1968 1732 1998 recusaret
1767 1959 1908 2011 jurare.
1931 1959 1979 1997 Et

332 2032 462 2086 quoad
483 2031 749 2085 tertium,[ut]
769 2031 842 2070 sibi
866 2031 1034 2077 videtur,
1056 2030 1171 2069 debet
1193 2031 1547 2069 excommunicari.
1563 2031 1610 2069 Et
1632 2031 1663 2069 si
1684 2030 1875 2069 sustineat
1889 2044 1976 2069 sen-

331 2105 497 2143 tentiam
521 2103 963 2150 excommunicationis,
1002 2102 1118 2140 debet
1142 2102 1304 2155 procedi
1342 2112 1478 2141 contra
1511 2115 1597 2141 eam
1626 2102 1846 2141 secundum
1877 2102 1976 2154 jura.

336 2177 433 2215 Item
459 2185 496 2215 et
519 2176 549 2213 si
574 2184 740 2223 recuset,
760 2174 840 2226 (et)
860 2174 1051 2212 sustineat
1075 2173 1505 2211 excommunicationis
1535 2173 1786 2212 sententiam.

387 2248 576 2300 Magister
596 2247 801 2294 johannes
824 2246 1020 2291 Pinchon,
1045 2245 1151 2297 quod
1172 2244 1354 2297 primitus
1376 2243 1557 2297 legantur
1572 2243 1742 2293 articuli,
1761 2253 1974 2298 antequam

336 2318 541 2358 deliberet.

386 2392 571 2444 Magister
589 2390 793 2439 johannes
820 2388 980 2436 Basseti,
1018 2388 1125 2441 quod
1162 2386 1341 2440 legantur
1381 2386 1548 2436 articuli,
1586 2396 1798 2440 antequam
1831 2386 1978 2426 feratur

332 2463 527 2502 sententia
552 2460 996 2500 excomrminicationis.

386 2535 574 2587 Magister
593 2534 797 2582 johannes
821 2532 957 2570 Garini
977 2544 985 2568 :
1008 2530 1189 2583 legantur
1210 2530 1380 2569 articuli.

382 2606 571 2658 Magister
592 2605 794 2653 Johannes
821 2603 868 2641 de
891 2604 1032 2650 Fonte,
1065 2612 1108 2640 ut
1132 2603 1319 2654 magister
1337 2601 1527 2640 Nicotaus
1547 2601 1593 2640 de
1616 2601 1836 2640 Venderez.

383 2677 572 2730 Magister
594 2674 822 2715 Gauffridus
843 2674 891 2712 de
916 2674 1077 2725 Crotay.
1106 2673 1273 2712 Videtur
1314 2673 1444 2711 eidem
1469 2672 1576 2726 quod
1599 2672 1726 2711 danda
1751 2682 1808 2711 est
1841 2672 1970 2711 eidem

328 2748 465 2788 dilatio
487 2749 587 2787 trina
611 2748 658 2786 ad
690 2747 837 2794 minus,
864 2754 1076 2798 antequam
1099 2745 1494 2791 excommunicetur3
1522 2753 1560 2782 et
1578 2743 1768 2783 habeatur
1787 2757 1860 2796 pro
1877 2757 1971 2782 con-

328 2821 444 2868 victa,
468 2821 499 2858 si
524 2819 761 2857 recusaverit
793 2819 945 2869 jurare;
980 2816 1149 2854 maxime
1180 2817 1270 2868 quia
1305 2816 1343 2853 in
1377 2815 1537 2854 materia
1563 2814 1687 2863 civili,
1722 2815 1865 2854 dantur
1894 2824 1972 2853 tres

328 2891 541 2930 dilationes
556 2890 603 2929 ad
622 2888 837 2942 jurandum
860 2888 907 2926 de
921 2886 1163 2939 calumpnia.

381 3075 408 3098 1.
439 3064 486 3098 La
518 3062 746 3098 deliberation
768 3061 938 3102 suivante,
961 3059 1161 3105 reproduite
1188 3070 1231 3092 en
1259 3059 1361 3103 petits
1388 3060 1590 3100 caracteres,
1613 3070 1656 3092 ne
1678 3071 1714 3092 se
1741 3067 1864 3093 trouve
1897 3069 1966 3103 que

332 3125 417 3158 dans
445 3123 475 3158 le
501 3122 691 3157 manuscrit
712 3122 754 3154 de
782 3119 929 3161 D'Urfe,
948 3118 1009 3153 fol.
1035 3128 1077 3163 27
1099 3128 1143 3152 ΥΟ.
1169 3138 1210 3142 —
1235 3127 1265 3151 2.
1290 3118 1357 3150 Ms.
1381 3129 1390 3150 .·
1409 3118 1524 3152 debet.

2069 1889 2099 2900 Ε’θίμκῑῇ-ᾓῊω-ὶὲ-..-μ
2094 1854 2099 1871 -
2095 1822 2099 1837 -
2097 1779 2099 1789 ,Α
2098 1711 2099 1718 ᾼ

2072 3139 2087 3191 ..-
2069 3122 2085 3130 2
2067 2943 2094 3102 „.‚»„7-.«..>.
2072 2918 2089 2934 .—
