2099 3356
294 201 378 246 374
560 185 718 229 pRocEs
761 198 816 228 DE
864 196 1216 228 CONDAMNATION
1249 197 1305 228 DE
1334 198 1502 241 JEANNE
1534 185 1661 228 D'Anc

288 312 518 359 acceperat,
557 299 732 342 nemine
771 298 908 356 ipsam
935 290 1237 356 compellente,
1261 309 1302 341 et
1335 297 1453 356 quod
1490 296 1696 341 eumdem
1736 296 1934 342 habitum

295 382 590 443 praediligebat
615 398 746 440 quam
775 378 1048 425 muliebrem.

354 467 480 511 Tunc
500 465 581 509 fuit
607 464 685 508 sibi
709 463 872 508 dictum
901 463 1018 522 quod
1044 465 1299 522 promiserat
1325 476 1366 508 et
1393 466 1603 522 juraverat
1634 481 1723 508 non
1753 465 1938 523 recipere

292 550 490 594 habitum
533 547 718 591 virilem.
758 548 850 605 Ipsa
889 563 991 592 vero
1031 546 1251 605 respondit
1299 546 1418 605 quod
1458 563 1682 606 nunquam
1726 547 1937 592 intellexit

291 632 407 692 quod
430 631 575 675 fecerit
602 633 898 689 juramentum
927 629 979 675 de
1011 645 1101 675 non
1138 629 1384 690 recipiendo
1424 631 1568 689 ipsum
1599 630 1797 675 habitum
1836 631 1935 674 viri-

294 717 394 760 lem.

352 794 510 837 Iterum
539 794 798 849 interrogata
825 804 997 850 propter
1019 807 1149 851 quam
1179 806 1349 836 causam
1374 792 1497 835 illum
1525 804 1766 849 susceperat
1801 791 1810 835 :'
1847 807 1937 836 res-

294 876 445 936 pondit
463 875 581 935 quod
607 875 688 919 hoc
709 874 861 919 fecerat
881 877 981 934 quia
1008 888 1094 919 erat
1119 875 1198 919 sibi
1226 877 1360 934 magis
1388 875 1555 920 licitum
1582 875 1646 919 vel
1671 877 1936 920 conveniens

295 960 448 1005 habere
497 958 691 1003 habitum
745 959 932 1012 virilem,
977 957 1081 1003 dum
1131 969 1217 1003 erat
1266 960 1379 1004 inter
1421 960 1548 1013 viros,
1602 974 1731 1018 quam
1782 959 1936 1004 habere

297 1043 492 1088 habitum
542 1041 814 1086 muliebrem.
872 1043 979 1086 Item
1029 1042 1134 1086 dixit
1188 1041 1305 1101 quod
1355 1044 1443 1101 ipsa
1496 1055 1721 1101 receperat,
1771 1055 1937 1101 propte-

297 1144 362 1171 rea
390 1128 490 1185 quia
516 1143 603 1170 non
631 1125 708 1169 sibi
734 1125 869 1170 fuerat
890 1126 1165 1170 observatum
1186 1128 1468 1184 promissum,
1495 1125 1692 1170 videlicet
1714 1125 1833 1184 quod
1861 1127 1940 1169 iret

297 1211 347 1255 ad
377 1212 569 1264 missam,
600 1211 804 1267 reciperet
836 1225 991 1268 corpus
1022 1210 1183 1254 Christi
1213 1220 1254 1254 et
1291 1222 1524 1268 poneretur
1557 1222 1671 1254 extra
1712 1209 1943 1268 compedes

300 1296 452 1339 ferreas
476 1302 505 1338 ¹.

358 1373 619 1430 Interrogata
652 1384 800 1416 utrum
834 1371 987 1416 fecerat
1022 1373 1139 1430 prius
1169 1371 1501 1428 abjurationem,
1539 1384 1581 1414 et
1619 1368 1854 1429 specialiter
1891 1371 1944 1416 de

302 1472 388 1501 non
416 1454 661 1514 recipiendo
695 1455 890 1499 habitum
924 1454 1092 1499 virilem
1123 1471 1131 1499 :
1163 1455 1385 1514 respondit
1420 1454 1539 1513 quod
1571 1453 1807 1513 praediligit.
1829 1454 1942 1499 mori

300 1555 431 1599 qnam
459 1555 548 1583 esse
577 1539 618 1582 in
640 1538 924 1596 compedibus
952 1538 1122 1593 ferreis;
1151 1536 1223 1582 sed
1248 1540 1281 1582 si
1307 1540 1577 1596 permittatur
1600 1537 1717 1596 quod
1744 1537 1868 1582 vadat
1887 1537 1938 1582 ad

302 1626 474 1668 missam
506 1635 547 1666 et
583 1634 788 1681 ponatur,
803 1634 917 1666 extra
952 1621 1182 1681 compedes
1209 1622 1362 1680 ferreas
1386 1630 1418 1672 ²,
1456 1621 1666 1680 deturque
1693 1620 1773 1666 sibi
1805 1635 1942 1666 carcer

299 1709 525 1766 gratiosuS,
553 1708 640 1764 ipsa
667 1708 746 1750 erit
774 1705 886 1750 bona
911 1719 952 1750 et
981 1706 1102 1750 faciet
1131 1705 1237 1749 illud
1265 1705 1383 1764 quod
1410 1705 1591 1750 Ecclesia
1620 1703 1818 1749 voluerit.
1961 1691 1964 1694 ⁴

303 1865 473 1917 respond
499 1863 641 1917 qu'elle
662 1863 708 1902 l'a
728 1864 836 1917 prins
855 1864 902 1902 de
918 1877 957 1902 sa
982 1861 1186 1911 votilente,
1213 1877 1302 1902 sans
1327 1863 1435 1902 nulle
1460 1863 1721 1911 contiaincte,
1745 1873 1783 1901 et
1801 1862 1946 1916 qu’elle

304 1950 418 1989 ayme
438 1936 586 1974 mieulx
610 1935 715 1974 l'abit
740 1935 914 1974 d'omme
935 1949 1011 1988 que
1037 1935 1084 1974 de
1113 1934 1274 1974 femme.

358 2008 450 2046 Item
475 2007 543 2060 luy
567 2006 625 2046 fut
648 2007 704 2046 dit
722 2007 864 2060 qu’elle
886 2007 993 2045 avoit
1019 2008 1168 2059 promis
1198 2017 1236 2046 et
1260 2008 1341 2059 jure
1373 2020 1453 2045 non
1479 2006 1690 2059 reprandre
1718 2005 1813 2044 ledit
1840 2005 1946 2044 abbit

305 2079 352 2118 de
375 2080 553 2117 homme.
579 2077 766 2132 Respond
792 2092 868 2132 que
893 2091 1072 2131 oncques
1094 2077 1296 2117 n'entendi
1321 2076 1464 2131 qu'elle
1488 2087 1574 2116 eust
1594 2075 1663 2116 fait
1681 2086 1878 2116 sesement
1898 2077 1945 2115 de

310 2164 389 2189 non
416 2150 451 2189 lc
477 2150 658 2203 prandre.

362 2222 616 2274 Interroguee
639 2235 740 2274 pour
770 2219 900 2275 quelle
922 2234 1039 2260 cause
1063 2219 1139 2260 elle
1166 2220 1299 2260 l’avoit
1324 2221 1476 2273 reprins
1497 2235 1505 2259 ι
1531 2220 1702 2273 respond
1728 2233 1820 2273 que,
1844 2233 1947 2272 pour

307 2307 350 2332 ce
369 2291 462 2346 qu'il
487 2292 553 2345 luy
570 2294 687 2331 estoit
710 2292 796 2345 plus
811 2291 917 2331 licite
942 2293 989 2331 de
1010 2291 1043 2331 16
1065 2292 1277 2346 reprendre
1299 2302 1335 2330 et
1351 2292 1462 2331 avoir
1478 2291 1586 2331 habit
1608 2291 1801 2338 d'omme,
1819 2297 1947 2330 estant

307 2374 417 2403 entre
442 2363 497 2402 les
519 2365 719 2408 homme&
745 2377 820 2417 que
846 2363 892 2402 de
920 2363 1031 2402 avoir
1051 2363 1159 2403 habit
1181 2363 1228 2402 de
1252 2362 1415 2402 femme.

362 2437 470 2481 Item,
490 2433 546 2474 dit
570 2433 712 2488 qu’elle
738 2435 845 2473 avoit
870 2435 1036 2488 reprins,
1064 2448 1166 2487 pour
1188 2448 1232 2473 ce
1254 2447 1329 2487 que
1346 2448 1396 2473 on
1424 2448 1473 2473 ne
1495 2433 1564 2487 luy
1585 2433 1692 2473 avoit
1718 2434 1832 2486 point
1853 2441 1948 2472 tenu

309 2520 352 2544 ce
386 2519 460 2558 que
494 2520 547 2545 ou
573 2505 639 2558 luy
664 2506 771 2545 avoit
805 2506 970 2559 promis,
1009 2505 1105 2545 c’est
1141 2505 1314 2544 assavoir
1341 2504 1484 2558 qu’elle
1513 2505 1606 2544 iroit
1636 2506 1656 2543 a
1690 2504 1725 2543 la
1760 2516 1887 2543 messe
1912 2514 1951 2543 et

310 2577 532 2630 recepvroit
552 2591 623 2616 son
644 2578 822 2616 Sauveur
845 2587 883 2616 et
907 2590 983 2630 que
1005 2590 1057 2615 on
1080 2575 1114 2615 la
1142 2577 1328 2616 mectroit
1347 2576 1441 2616 hors
1467 2575 1513 2615 de
1536 2575 1628 2615 fers.

364 2648 618 2701 Interroguee
653 2648 760 2687 s'elle
794 2647 900 2687 avoit
935 2647 1068 2701 abjure'
1101 2657 1138 2687 et
1176 2657 1441 2686 mesmement
1476 2647 1522 2686 de
1566 2646 1680 2700 celuy
1729 2645 1837 2686 habit
1870 2660 1952 2685 non

311 2718 553 2771 reprandre.
581 2719 753 2772 respond
779 2733 830 2773 qu
837 2718 924 2758 'elle
951 2733 1066 2772 a>me
1091 2718 1240 2757 mieulx
1265 2733 1285 2757 a
1311 2719 1461 2758 mourir
1488 2732 1565 2772 que
1587 2717 1634 2757 de
1655 2728 1756 2757 estre
1768 2719 1820 2770 63
1841 2715 1917 2756 fe1s
1941 2732 1948 2756 :

311 2789 407 2828 mais
441 2804 480 2828 se
514 2804 567 2828 on
601 2789 635 2828 la
672 2789 779 2829 veuit
812 2790 947 2829 laisser
977 2790 1057 2828 aler
1087 2805 1106 2829 a
1140 2789 1174 2829 la
1206 2804 1333 2829 1116336
1364 2800 1401 2829 et
1433 2800 1539 2829 oster
1571 2790 1664 2828 hors
1695 2789 1763 2828 des
1796 2789 1887 2838 1613,
1911 2796 1948 2827 et

311 2861 472 2902 meictie
497 2874 544 2899 en
571 2862 704 2913 prison
730 2862 946 2914 gracieuse,
968 2871 1004 2900 et
1032 2876 1084 2915 qu
1088 2860 1174 2900 'elle
1200 2871 1285 2900 eust
1310 2875 1388 2900 une
1418 2860 1582 2909 femme,
1607 2859 1683 2900 elle
1707 2874 1790 2900 sera
1813 2859 1946 2899 bonne

312 2939 349 2968 et
368 2928 449 2969 fera
470 2944 513 2969 ce
535 2945 612 2984 que
633 2930 657 2969 l'
663 2931 794 2983 Eglise
812 2930 992 2970 vouldra.
2075 2891 2099 2923 ε

367 3112 394 3134 1.
419 3101 698 3146 ABC.se1·⁷reo5.
717 3123 762 3128 —
789 3113 821 3136 2.
844 3103 967 3137 ΑΒΕ.
965 3104 1130 3145 ·f²·.7reos
318 2845 2099 3356 ffli
