2099 3356
302 167 319 208 3
332 156 382 208 36
567 151 723 195 pitocizs
762 166 816 194 DE
855 166 1207 195 CONDAMNATtON
1250 167 1307 195 DE
1337 166 1507 207 JEANNE
1542 153 1670 196 u'ARc

299 265 462 303 nomine
483 265 694 312 johannae,
723 263 937 315 vulgariter
960 263 1074 302 dictae
1105 263 1139 302 la
1172 263 1346 311 Pucelle,
1380 264 1419 301 in
1448 265 1609 302 materia
1628 263 1736 312 fidei,
1763 273 1801 303 et
1821 277 1939 316 super

297 336 447 374 eisdem
472 334 760 383 deliberandis;
787 344 825 373 et
848 334 1047 373 secundus
1072 334 1258 374 articulus
1283 344 1364 374 erat
1382 336 1625 378 communis,
1649 349 1768 384 super
1788 335 1939 388 suppli-

298 406 519 446 cationibus
541 416 578 444 et
603 406 783 457 injuriis3
811 405 954 459 quibus
979 405 1154 444 articulis
1176 407 1230 444 sic
1257 420 1327 459 per
1348 406 1587 445 venerandae
1612 407 1940 460 circumspectio—

299 479 358 517 nis
382 479 526 525 virum,
555 477 787 530 magistrum
821 478 979 516 Petrum
1009 477 1057 515 de
1096 477 1239 516 Gouda
1268 487 1295 524 ¹,
1323 478 1555 531 magistrum
1587 478 1626 516 in
1651 477 1814 527 artibus,
1838 479 1939 531 ejus-

298 550 387 588 dem
411 549 691 589 Universitatis
707 549 933 596 Rectorem,
957 558 994 587 et
1010 549 1049 586 in
1074 549 1158 602 ipsa
1177 549 1489 601 congregatione
1508 549 1805 601 praesidentem,
1820 562 1940 602 expo-

296 622 403 668 sitis;
432 620 656 673 apertisque
678 629 715 658 et
738 619 850 658 lectis
874 619 1014 658 litteris
1038 619 1253 673 praedictiS,
1283 629 1321 658 et
1353 620 1532 673 exposita
1561 620 1760 659 credentia
1794 621 1834 659 in
1868 621 1941 659 eis-

297 692 387 730 dem
420 691 558 730 litteris
584 701 784 738 contenta,
807 704 878 744 per
901 704 1098 744 organum
1120 690 1281 729 alterius
1302 691 1632 730 ambassiatorum
1661 691 1816 730 domini
1848 705 1940 730 nos-

296 764 344 802 tri
367 764 487 816 regis,
508 763 567 801 sui
598 763 758 801 consilii
789 772 826 801 et
850 762 1027 815 judicum
1054 762 1334 815 praedictorum
1357 763 1404 801 ad
1423 763 1604 802 eamdem
1631 763 1940 802 Universitatem

297 836 600 882 destinatorum,
632 848 675 873 ac
703 834 815 873 lectis
837 834 1052 873 duodecim
1079 833 1254 873 articulis
1276 834 1340 873 hic
1376 833 1540 873 inferius
1570 836 1797 874 annotatis:
1828 836 1939 884 ITEM,

297 907 486 945 dominus
513 907 656 945 Rector
680 907 848 959 aperuit,
882 906 1094 959 proposuit
1118 916 1155 944 et
1180 905 1392 944 declaravit
1413 906 1521 959 quod
1551 907 1713 945 materia
1739 907 1777 944 in
1799 907 1943 946 articu-

298 978 359 1026 lis,
386 978 434 1016 de
459 977 602 1030 quibus
635 991 751 1030 supra
786 977 828 1016 fit
853 978 1023 1024 mentio,
1048 986 1250 1024 contenta,
1291 987 1371 1016 erat
1405 991 1547 1031 magna
1580 987 1618 1016 et
1648 978 1783 1026 ardua,
1821 977 1941 1017 fidem

298 1049 578 1098 orthodoxam,
604 1049 839 1102 religionem
858 1049 1129 1095 christianam,
1147 1061 1273 1087 sacras
1296 1049 1522 1088 sanctiones
1538 1062 1810 1098 concernens;
1831 1050 1944 1102 cujus

297 1121 577 1160 determinatio
598 1130 635 1159 et
658 1120 918 1159 articulorum
941 1120 1174 1172 hujusmodi
1196 1119 1438 1174 qualificatio
1463 1121 1664 1173 praecipue
1689 1120 1889 1174 spectabat
1906 1131 1944 1160 et

297 1193 515 1245 pertinebat
542 1193 589 1231 ad
613 1192 857 1231 venerandas
887 1191 1120 1244 theologiae,
1157 1191 1322 1239 scilicet,
1352 1201 1389 1230 et
1423 1192 1674 1231 decretorum
1708 1192 1939 1240 Facultates,

296 1264 515 1303 secundum
543 1277 631 1302 suas
654 1264 923 1317 professiones
943 1278 952 1311 3
977 1263 1260 1316 subjungendo
1281 1263 1390 1316 quod
1413 1263 1513 1302 dicta
1540 1264 1785 1303 Universitas
1807 1264 1943 1316 hujus-

298 1336 406 1375 modi
434 1336 608 1374 materiae
633 1335 1009 1374 determinationem
1037 1344 1075 1373 et
1095 1334 1371 1383 articulorum,
1393 1335 1441 1374 de
1466 1335 1610 1388 quibus
1632 1349 1749 1388 supra
1772 1335 1814 1374 fit
1832 1349 1942 1375 men-

298 1408 370 1455 tio,
410 1406 747 1460 qualificationem
783 1406 1016 1445 deliberaret
1050 1416 1087 1445 et
1128 1406 1401 1453 concluderet,
1440 1406 1638 1459 praedictis
1678 1407 1943 1446 Facultatibus

299 1478 616 1527 committend03
644 1491 809 1531 quarum
836 1477 1081 1516 Facultatum
1115 1477 1393 1516 determinatio
1423 1487 1461 1516 et
1481 1477 1738 1531 qualificatio,
1768 1479 1814 1518 ad
1839 1492 1943 1518 eam-

297 1550 386 1588 dem
411 1551 717 1590 Universitatem
741 1563 810 1602 per
834 1549 1009 1597 easdem,
1030 1559 1095 1588 aut
1111 1563 1246 1588 earum
1266 1549 1515 1596 nominibus,
1538 1549 1758 1588 referretur.
1782 1550 1942 1596 Quibus

298 1623 351 1660 sic
377 1622 581 1675 expositiS,
603 1621 707 1660 idem
731 1621 923 1659 dominus
949 1621 1092 1660 Rector
1116 1621 1252 1659 omnia
1274 1630 1311 1659 et
1340 1620 1510 1673 singula,
1534 1630 1627 1660 tunc
1656 1622 1695 1660 in
1721 1621 1824 1660 dicta
1847 1635 1942 1660 con-

294 1694 525 1746 gregatione
547 1693 740 1745 exposita,
765 1693 803 1730 in
823 1692 1006 1731 omnium
1029 1701 1066 1730 et
1082 1691 1335 1745 singulorum
1361 1692 1641 1745 magistrorum
1666 1702 1704 1731 et
1732 1693 1942 1743 doctorum

296 1764 442 1803 ibidem
466 1765 739 1803 exsistentium
762 1763 1117 1802 deliberationibus
1142 1764 1290 1816 posuit,
1314 1774 1351 1802 et
1373 1763 1559 1817 deinceps
1579 1763 1748 1817 singulae
1770 1764 1945 1803 Faculta-

296 1847 353 1875 tes
377 1846 414 1875 et
435 1836 642 1881 Nationes,
666 1836 712 1874 ad
735 1845 901 1888 partem,
926 1836 964 1873 in
988 1835 1085 1874 locis
1106 1844 1118 1860 2
1140 1834 1207 1873 ubi
1231 1836 1269 1873 in
1289 1835 1538 1874 arduissimis
1558 1836 1685 1874 causis
1710 1844 1747 1874 et
1768 1836 1942 1889 negotiis

296 1907 559 1946 deliberandis
596 1907 788 1946 hactenus
824 1907 1054 1958 congregari
1095 1915 1404 1953 consueverunt,
1442 1906 1489 1944 ad
1523 1906 1824 1946 deliberandum
1861 1916 1940 1946 tam

295 1993 413 2032 super
438 1979 652 2031 praemissis
674 1991 793 2031 quam
823 1978 923 2024 aliis,
959 1977 1140 2016 abierunt
1165 1987 1203 2016 et
1228 1988 1497 2025 recesserunt,
1523 1977 1711 2017 facientes
1732 1978 1881 2031 singuli
1903 1979 1941 2016 in

295 2050 444 2088 eisdem
481 2050 578 2089 locis
610 2050 831 2088 sessionem
870 2049 1043 2087 solitam.
1089 2050 1180 2087 Post
1217 2062 1383 2101 quarum
1421 2048 1584 2102 quidem
1626 2049 1869 2088 Facultatum
1906 2059 1943 2088 et

295 2122 515 2160 Nationum
539 2131 732 2160 maturam
756 2120 1104 2168 deliberationem,
1128 2119 1294 2173 singulis
1316 2119 1670 2159 deliberationibus
1694 2121 1942 2168 carumdem,

296 2201 337 2230 ut
363 2193 485 2231 moris
506 2202 578 2239 est,
604 2193 642 2230 in
674 2192 882 2230 communi
907 2191 1118 2244 publicatis
1143 2200 1180 2229 et
1202 2191 1405 2243 repetitis;
1432 2191 1593 2230 tandem
1615 2191 1826 2244 saepedicta
1844 2192 1943 2231 Uni-

298 2264 476 2310 versitas,
498 2277 566 2316 per
596 2277 790 2316 organum
814 2262 1005 2315 praelibati
1027 2262 1179 2301 domini
1198 2263 1392 2310 Rectoris‚
1416 2276 1462 2302 ex
1487 2263 1676 2301 concordi
1696 2262 1942 2315 singularum

299 2335 541 2373 Facultatum
568 2344 604 2373 et
627 2335 847 2373 Nationum
873 2333 1177 2381 deliberatione,
1214 2332 1411 2372 conclusit
1446 2334 1554 2387 quod
1585 2334 1784 2386 praedicta:
1818 2343 1944 2372 mate-

300 2407 365 2444 riae
396 2407 771 2445 determinationem
805 2419 894 2444 cum
921 2404 1197 2449 articulorum,
1231 2405 1278 2443 de
1303 2406 1447 2458 quibus
1471 2418 1604 2458 supra,
1627 2404 1940 2458 qualificatione,

300 2478 414 2516 dictis
445 2477 662 2529 theologiae
700 2488 736 2516 et
770 2476 1022 2516 decretorum
1068 2476 1333 2514 Facultatibus
1364 2476 1637 2515 committebat
1671 2475 1869 2515 faciendas
1905 2485 1943 2514 et

300 2549 428 2587 eidem
454 2549 709 2587 Universitati
733 2547 969 2587 referendas.
997 2563 1015 2582 »

356 2636 373 2654 «
406 2621 514 2667 Ilcm,
541 2633 646 2658 anno
669 2629 704 2658 et
733 2619 953 2658 indictione
980 2619 1193 2671 praedictis,
1221 2619 1369 2657 mensis
1400 2619 1491 2657 maii
1522 2618 1584 2657 die
1620 2618 1775 2657 decima
1805 2628 1943 2671 quarta

297 2690 388 2728 sede
409 2684 642 2742 apostolica,
671 2701 715 2729 ut
744 2690 865 2729 fertur
888 2697 918 2737 3,
948 2700 1105 2743 pastore
1142 2699 1315 2737 carente,
1349 2689 1509 2743 praefata
1539 2689 1642 2728 alma
1673 2690 1941 2729 Universitate

299 2762 418 2800 studii
442 2762 672 2800 parisiensis
692 2761 797 2814 apud
822 2761 1010 2800 Sanctum
1042 2760 1263 2799 Bernadum
1298 2761 1534 2814 praedictum
1564 2761 1798 2800 solemniter
1822 2774 1942 2813 super

300 2831 456 2870 duobus
473 2832 646 2871 articulis
662 2842 915 2885 congregata,
937 2845 1110 2885 quorum
1130 2832 1282 2884 primus
1304 2840 1342 2870 et
1365 2831 1595 2885 principalis
1615 2841 1693 2870 erat
1708 2832 1754 2870 ad
1777 2831 1942 2871 audien-

354 3061 382 3084 1.
399 3050 493 3085 ABC
513 3059 545 3084 et
566 3051 600 3094 Q
615 3063 624 3083 .·
647 3050 776 3084 Gonda.
798 3071 839 3075 —
860 3061 896 3087 2.
921 3051 955 3095 Q
974 3063 984 3084 .·
1004 3051 1079 3085 loco.
1097 3072 1139 3075 —
1164 3061 1193 3095 3.
1215 3051 1244 3085 C
1259 3051 1469 3097 :praefertur.
