2099 3356
361 210 518 255 PROCiis
553 224 607 252 DE
639 224 990 253 CONDAMNATlON
1025 224 1081 252 DE
1113 224 1277 265 JEANNE
1312 209 1439 253 D'ARC
1666 224 1714 266 33

71 325 332 382 Joliannam,
379 338 524 367 coram
555 323 678 367 nobis
723 335 826 366 tunc
852 321 1094 375 sedentem,
1138 323 1354 366 caritative
1398 323 1653 366 monuimus
1680 334 1720 365 et

73 408 378 466 requisivimus
405 419 468 460 ut,
495 422 570 464 pro
595 407 901 451 acceleratione
925 407 1143 464 praesentis
1163 406 1325 463 negotii
1347 418 1389 449 et
1413 406 1720 449 exoneratione

68 492 248 550 propria:
270 491 557 543 conscientiae,
585 490 754 548 plenam
797 491 1019 533 veritatem
1047 504 1174 548 super
1201 489 1266 532 his
1287 488 1460 539 diceret,
1487 488 1538 533 de
1566 488 1722 547 quibus

70 576 113 618 in
138 575 313 618 materia
336 572 435 617 fidei
455 574 802 631 interrogaretur,
831 589 920 617 non
945 571 1182 630 quaerendo
1198 571 1461 630 subterfugia
1486 572 1553 616 vel
1580 585 1721 616 caute-

73 658 130 701 las
157 656 206 700 ab
235 658 368 715 ipsius
389 658 577 701 veritatis
605 656 876 701 confessione
906 655 1181 700 divertentes.

496 836 707 868 REQUISITA
739 836 947 864 PRAESTARE
974 836 1244 872 JURAMENTUM
1268 833 1294 862 ¹.

134 964 330 1020 Insuper,
360 978 410 1005 ex
431 961 576 1006 officio
612 974 776 1016 nostro,
816 964 950 1020 ipsam
976 961 1224 1018 Johannam
1260 961 1517 1019 judicialiter
1544 962 1724 1020 requisi-

75 1048 234 1099 vimus,
274 1059 488 1104 quatenus
526 1046 822 1103 juramentum
870 1047 912 1089 in
959 1045 1097 1089 forma
1118 1045 1276 1099 debita,
1307 1047 1426 1090 tactis
1447 1045 1723 1090 sacrosanctis

77 1130 334 1187 Evangeliis,
376 1143 606 1188 praestaret,
633 1129 684 1173 de
706 1129 889 1174 dicendo
916 1131 1155 1184 veritatem,
1193 1142 1237 1173 ut
1262 1131 1555 1188 praemittitur,
1595 1146 1724 1188 super

79 1214 142 1257 his
169 1213 221 1258 de
243 1213 401 1271 quibus
426 1215 778 1276 interrogaretur.

136 1299 248 1351 Quae
287 1297 466 1354 quidem
505 1296 702 1353 Johanna
730 1295 781 1340 ad
823 1297 904 1341 hoc
931 1305 944 1321 ²
982 1298 1026 1340 in
1075 1298 1187 1341 hunc
1224 1296 1407 1342 modum
1466 1297 1716 1356 respondit:

78 1399 97 1421 «
123 1382 277 1425 Nescio
296 1397 423 1438 super
437 1380 594 1439 quibus
618 1380 831 1424 vultisme
853 1381 1128 1438 interrogare.
1152 1382 1275 1425 Forte
1298 1398 1373 1425 vos
1392 1383 1584 1440 poteritis
1608 1399 1630 1425 a
1656 1399 1725 1426 me

76 1465 173 1509 talia
201 1476 357 1522 petere,
394 1480 490 1523 quae
513 1481 602 1508 non
627 1463 766 1508 dicam
792 1463 929 1508 vobis.
959 1482 977 1504 »
1009 1465 1125 1508 Cum
1154 1481 1256 1508 vero
1285 1482 1364 1508 nos
1391 1465 1532 1509 eidem
1567 1465 1725 1510 dicere-

78 1565 174 1592 mus
196 1565 202 1591 :
237 1565 256 1587 «
287 1549 378 1591 Vos
400 1547 592 1604 jurabitis
613 1547 750 1591 dicere
777 1549 998 1591 veritatem
1021 1547 1072 1591 de
1102 1548 1165 1591 his
1187 1564 1284 1606 quae
1313 1562 1513 1607 petentur
1533 1566 1554 1592 a
1586 1549 1723 1602 vobis,

78 1632 174 1676 fidei
194 1633 419 1675 materiam
444 1640 452 1664 ³
481 1631 841 1675 concernentibus
868 1645 909 1675 et
927 1648 1023 1690 quae
1037 1633 1191 1675 scietis.
1208 1649 1226 1671 ³>
1242 1633 1335 1690 Ipsa
1356 1617 1529 1676 rursum
1552 1649 1725 1691 respon-

77 1715 142 1760 dit
159 1714 278 1773 quod
302 1715 354 1759 de
382 1728 498 1773 patre
535 1728 575 1759 et
610 1728 756 1769 matre,
784 1729 824 1758 et
847 1715 912 1759 his
941 1731 1037 1774 quae
1060 1715 1227 1768 fecerat,
1259 1729 1491 1774 postquam
1520 1717 1598 1760 iter
1621 1717 1726 1760 arri-

77 1812 223 1857 puerat
247 1800 291 1842 in
330 1799 566 1852 Franciam,
588 1798 769 1843 libenter
801 1801 957 1856 juraret
987 1817 998 1853 3
1029 1799 1119 1853 sed,
1148 1798 1198 1842 de
1224 1800 1559 1844 iexelationibus
1584 1800 1725 1845 eidem

75 1882 193 1926 factis
219 1893 234 1916 4
275 1898 324 1926 ex
362 1895 477 1941 parte
513 1884 606 1935 Dei,
638 1899 863 1962 nunquam
891 1884 1017 1927 alicui
1053 1882 1213 1927 dixerat
1236 1900 1311 1927 seu
1344 1884 1617 1938 revelaverat,
1645 1885 1727 1928 nisi

74 1965 154 2010 soli
182 1966 340 2009 Kaiolo
363 1982 494 2024 quem
527 1965 629 2009 dicit
651 1950 793 2023 iegeni
817 1983 948 2010 suum
978 1983 1088 2020 3nec
1109 1969 1239 2010 etiam
1269 1967 1473 2011 revelaret
1497 1969 1530 2011 si
1554 1967 1726 2012 deberet

73 2049 216 2094 eidem
235 2063 362 2107 caput
387 2051 632 2107 amputari3
662 2051 778 2108 quia
818 2050 900 2094 hoc
941 2050 1121 2095 habebat
1156 2066 1229 2108 per
1252 2051 1442 2095 visiones
1467 2053 1557 2095 sive
1584 2052 1724 2096 consi-

76 2133 185 2178 lium
212 2150 342 2178 suum
366 2146 596 2187 secretum,
624 2150 675 2177 116
708 2134 831 2178 alicui
857 2134 1061 2178 revelaret
1100 2153 1109 2188 3
1139 2147 1180 2178 et
1204 2134 1337 2193 quod,
1383 2134 1491 2179 infra
1510 2148 1608 2180 octo
1636 2135 1726 2180 dies

79 2219 316 2275 proximos,
338 2216 444 2261 bene
466 2219 590 2261 sciret
616 2219 650 2261 si
674 2217 757 2261 hoc
784 2216 955 2261 deberet
981 2217 1180 2262 revelare.

140 2302 191 2345 Et
212 2302 383 2354 iterato,
408 2314 449 2345 et
477 2300 639 2345 vicibus
676 2302 879 2358 repetitis,
903 2318 998 2355 nos,
1033 2303 1260 2360 episcopus
1286 2300 1528 2359 praedictus,
1553 2303 1728 2346 monui-

80 2401 177 2429 mus
198 2399 239 2429 et
261 2386 567 2443 requisivimus
595 2384 796 2429 eamdem
814 2385 1059 2441 Joliannam
1088 2385 1206 2444 quod
1235 2387 1279 2428 in
1306 2385 1371 2428 his
1389 2401 1486 2443 quae
1506 2399 1729 2443 tangerent

82 2468 212 2513 fidem
230 2481 420 2513 nostram
436 2470 730 2523 juramentum
744 2482 939 2527 praestare
952 2468 1079 2512 vellet
1096 2468 1147 2512 de
1169 2468 1353 2512 dicendo
1371 2470 1730 2522 ve1·itatem.Quae

79 2553 255 2610 quidem
298 2553 513 2608 Jolianna,
555 2553 674 2596 flexis
719 2552 915 2610 genibus3
943 2552 1148 2596 ambabus
1177 2552 1377 2597 manibus
1400 2568 1525 2611 supra
1553 2552 1728 2605 librum,

77 2635 274 2680 videlicet
298 2653 427 2694 supra
457 2636 641 2690 Missale,
661 2637 824 2694 positis,
849 2638 1003 2694 juravit
1026 2635 1143 2695 quod
1166 2635 1323 2680 diceret
1356 2637 1581 2680 veritatem
1604 2652 1730 2695 super

82 2719 148 2763 his
169 2736 266 2778 qnae
312 2721 633 2778 requirerentur
676 2719 726 2763 ab
779 2736 841 2772 ea,
878 2714 976 2763 fidei
999 2721 1220 2763 materiam
1247 2719 1608 2764 concernentibus
1633 2736 1728 2778 qua:

85 2804 227 2857 sciret,
252 2804 432 2848 tacendo
460 2803 511 2847 de
539 2803 790 2848 conditione
817 2803 1045 2858 antedicta,
1067 2803 1263 2848 videlicet
1284 2803 1401 2862 quod
1434 2804 1542 2848 nulli
1570 2803 1730 2848 diceret

89 2899 163 2931 aut
191 2887 394 2932 revelaret
422 2887 702 2932 revelationes
723 2887 863 2932 eidem
892 2886 1031 2932 factas.

146 3081 174 3105 1.
199 3070 250 3106 En
276 3082 397 3118 margo
418 3072 460 3106 de
485 3071 589 3106 ΑΒΕ.
610 3092 657 3097 ——
685 3082 716 3106 2.
740 3072 771 3106 A
797 3084 806 3105 :
834 3071 913 3109 ha’r,
949 3093 992 3096 —
1046 3072 1110 3106 .()
1128 3082 1226 3107 omer
1244 3074 1429 3107 ›natet-imm.
1459 3093 1504 3097 ——
1526 3083 1560 3115 4.
1586 3072 1617 3116 Q
1637 3081 1734 3107 011161

93 3128 323 3175 eidemjizclis.

199 3202 324 3231 Pnocisss
346 3212 388 3232 DE
409 3202 536 3241 JhANNE
560 3203 673 3233 u'ARc.
1618 3214 1632 3246 3
