2099 3356
352 179 407 220 80
631 177 788 219 PRocfzs
821 190 877 219 DE
909 190 1261 220 CONDAMNATION
1295 191 1351 220 DE
1382 191 1551 233 JEANNE
1583 178 1710 222 D'ARc

350 302 391 333 et
412 288 528 348 quod
547 290 634 347 ipsa
661 289 788 333 vellet
814 290 873 332 ire
888 288 940 333 ad
958 288 1175 333 orandum
1196 291 1341 334 Deum
1361 303 1403 334 et
1419 291 1590 334 Beatam
1606 291 1849 348 Virginem,
1873 291 1991 350 quod

347 372 517 417 daretur
539 374 624 417 vita
652 373 818 417 infanti.
847 373 899 416 Et
931 386 1034 417 tunc
1053 374 1142 431 ipsa
1165 390 1265 417 cum
1293 374 1385 417 aliis
1409 374 1562 431 puellis
1586 375 1664 418 ivit
1687 388 1728 418 et
1767 376 1921 429 oravit,
1950 387 1992 419 et

345 456 531 500 finaliter
555 457 749 514 apparuit
776 457 861 500 vita
883 457 927 499 in
952 456 1026 500 illo
1051 472 1202 514 puero,
1229 457 1304 515 qui
1325 456 1422 500 fecit
1448 469 1530 501 tres
1557 457 1697 501 hiatus
1720 470 1763 501 et
1785 458 1867 501 fuit
1895 458 1991 516 bap-

345 541 498 583 tizatus
526 552 670 597 postea
688 557 699 593 3
724 540 956 597 statimque
983 539 1064 582 fuit
1088 552 1289 584 mortuus
1310 553 1351 583 et
1372 540 1626 584 inhumatus
1648 542 1691 584 in
1716 553 1825 585 terra
1857 541 1990 585 bene-

345 622 469 667 dicta.
500 623 551 666 Et
569 623 736 667 fuerant
759 635 843 667 tres
867 622 955 667 dies
986 623 1131 680 elapsi,
1161 636 1210 667 ut
1230 623 1465 677 dicebatur,
1490 623 1648 682 quibus
1672 641 1761 668 non
1785 641 1989 683 apparue-

345 720 405 750 rat
426 709 511 750 vita
534 708 577 750 in
605 723 739 765 puero
756 724 767 760 ;
787 718 961 765 eratque
989 707 1109 764 niger
1129 706 1247 749 velut
1273 708 1417 750 tunica
1437 707 1631 765 ejusdem
1650 707 1876 764 Johannae.
1906 707 1988 752 Sed

344 789 520 849 quando
547 790 644 834 fecit
666 790 849 843 hiatum,
866 790 986 834 color
1009 791 1100 847 ejus
1121 791 1278 849 incepit
1300 799 1309 815 ¹
1337 789 1487 834 redire.
1512 792 1562 835 Et
1580 792 1668 850 ipsa
1682 792 1880 847 Johanna
1902 804 1988 836 erat

344 889 444 917 cum
472 874 640 931 puellis,
671 889 798 917 orans
820 873 1002 931 genibus
1028 873 1164 924 flexis,
1193 889 1335 917 coram
1356 875 1515 917 Nostra
1537 874 1745 918 Domina.

403 955 665 1012 Interrogata
690 967 839 998 utrum
864 954 991 997 fuerit
1018 953 1182 998 dictum
1208 970 1280 1012 per
1307 954 1425 998 illam
1441 955 1589 999 villam
1617 954 1735 1014 quod
1760 957 1848 1013 ipsa
1876 955 1988 1000 fece-

344 1051 404 1081 rat
427 1038 517 1081 fieri
536 1038 653 1081 illam
681 1039 1068 1091 resuscitationem,
1095 1050 1136 1081 et
1158 1037 1276 1096 quod
1299 1038 1379 1082 hoc
1403 1046 1417 1063 ²
1443 1051 1530 1082 erat
1549 1038 1711 1082 factum
1741 1038 1793 1082 ad
1817 1055 1986 1097 precem

341 1123 433 1178 ejus
458 1139 465 1165 :
498 1121 717 1179 respondit
741 1121 859 1180 quod
878 1120 929 1164 de
951 1120 1039 1165 'hoc
1067 1122 1155 1179 ipsa
1171 1137 1259 1165 non
1283 1121 1540 1180 inquirebat.

400 1205 661 1262 Interrogata
687 1218 836 1248 utrum
861 1217 1120 1262 cognoverat
1147 1217 1219 1248 aut
1264 1205 1428 1248 Viderat
1464 1205 1744 1249 Katharinam
1782 1205 1833 1250 de
1872 1207 1985 1264 Rup-

343 1288 450 1346 pella
474 1296 484 1321 3
515 1304 522 1331 :
552 1288 773 1346 respondit
799 1287 917 1346 quod
949 1289 1023 1341 sic,
1050 1287 1162 1346 apud
1200 1288 1318 1331 villas
1344 1287 1396 1332 de
1436 1289 1640 1346 Gergolio
1668 1302 1708 1333 et
1734 1289 1786 1333 de
1814 1290 1986 1333 Monte-

342 1372 550 1425 Falconis,
576 1373 620 1414 in
647 1371 805 1415 ducatu
822 1373 1088 1415 Bituricensi.

402 1456 662 1513 Interrogata
691 1468 836 1498 utrum
859 1451 1008 1499 eadem
1042 1455 1273 1498 Katharina
1303 1456 1606 1499 monstraverit
1638 1454 1718 1498 sibi
1749 1455 1983 1514 quamdam

342 1538 584 1592 dominam,
610 1538 806 1582 indutam
831 1551 946 1582 veste
973 1538 1079 1589 alba,
1109 1554 1240 1596 quam
1276 1538 1509 1597 aliquando
1535 1538 1614 1582 sibi
1651 1554 1849 1597 apparere
1877 1539 1985 1583 dice-

344 1621 413 1666 bat
441 1640 449 1666 :
473 1622 691 1681 respondit
712 1621 829 1680 quod
850 1629 978 1678 non.j

401 1707 662 1763 Interrogata
695 1705 798 1764 quid
836 1705 907 1748 illa
940 1705 1172 1749 Katharina
1208 1704 1313 1748 dixit
1351 1705 1462 1749 sibi:
1506 1705 1724 1763 respondit
1756 1705 1874 1764 quod
1913 1705 1984 1749 illa

338 1882 375 1910 et
393 1871 535 1925 qu'elle
559 1886 583 1924 y
607 1871 775 1910 voulsist
808 1871 887 1909 aler
917 1872 1021 1924 prier
1055 1872 1156 1910 Dicu
1182 1881 1218 1910 et
1261 1872 1403 1910 Nostre
1434 1873 1557 1910 Dame
1589 1871 1706 1925 qu'ilz
1737 1871 1793 1910 lui
1814 1871 1983 1910 voulsist

337 1943 490 1982 donner
506 1944 592 1991 vie3
619 1953 656 1981 et
679 1942 755 1981 elle
775 1957 801 1996 y
820 1943 892 1987 ala,
920 1952 956 1981 et
979 1943 1062 1995 pria
1082 1955 1177 1981 avec
1199 1942 1253 1981 les
1274 1952 1415 1981 autres.
1437 1944 1484 1981 Et
1499 1942 1754 1982 finablement
1779 1942 1843 1995 ily
1858 1956 1981 1996 appa-

337 2025 399 2053 rut
422 2016 500 2062 vie,
518 2025 554 2053 et
578 2014 691 2053 bailla
714 2015 810 2053 trois
832 2013 932 2061 fois;
955 2023 991 2052 et
1012 2015 1101 2067 puis
1127 2013 1183 2053 fut
1202 2013 1372 2068 baptize,
1396 2024 1433 2053 et
1454 2024 1631 2054 tantoust
1661 2023 1837 2062 mourut,
1861 2023 1899 2053 et
1921 2013 1982 2052 fut

336 2088 488 2126 enterre
513 2100 561 2124 en
583 2095 683 2125 terre
706 2086 868 2124 saincte.
894 2086 940 2123 Et
957 2100 982 2138 y
1001 2086 1107 2124 avoit
1128 2086 1224 2124 trois
1249 2086 1372 2138 jours,
1395 2099 1553 2124 comme
1573 2085 1649 2124 l'en
1673 2086 1808 2135 disoit,
1832 2099 1907 2139 que
1931 2099 1980 2124 en

333 2157 495 2196 l'anfant
512 2157 577 2210 n'y
601 2158 718 2196 estoit
741 2170 887 2210 apparu
912 2157 990 2204 vie,
1020 2166 1057 2195 et
1080 2158 1198 2195 estoit
1223 2158 1312 2195 noir
1337 2170 1496 2196 comme
1519 2171 1559 2195 sa
1581 2166 1713 2205 coste3
1738 2157 1836 2195 mais
1858 2165 1982 2210 quant

338 2229 363 2267 il
391 2229 528 2276 baisla,
560 2229 595 2267 la
616 2229 781 2267 couleur
804 2228 860 2266 lui
882 2241 1116 2277 commeuca
1136 2230 1157 2267 a
1178 2229 1346 2267 revenir.
1372 2230 1417 2267 Et
1435 2229 1552 2267 estoit
1577 2242 1671 2267 avec
1688 2228 1742 2267 les
1764 2227 1938 2281 pucelles
1960 2228 1981 2266 a
2010 2280 2019 2288 ·

336 2301 510 2353 genoulz
536 2300 679 2339 devant
699 2301 842 2342 Nostre
867 2301 990 2338 Dame
1016 2299 1147 2338 afaire
1170 2313 1210 2338 sa
1234 2301 1372 2352 priere.

391 2372 647 2424 Interrogue'e
673 2370 730 2409 s'il
761 2370 820 2409 fut
843 2371 958 2424 point
982 2371 1039 2409 dit
1065 2384 1134 2423 par
1159 2370 1195 2409 la
1218 2370 1311 2409 ville
1334 2384 1410 2424 que
1431 2384 1475 2410 ce
1494 2372 1601 2410 avoit
1625 2371 1698 2410 elle
1723 2370 1790 2409 fait
1811 2369 1920 2417 faire,
1940 2379 1979 2408 et

335 2456 411 2496 que
433 2456 476 2481 ce
501 2443 617 2481 estoit
635 2442 655 2480 a
679 2456 719 2480 sa
742 2442 870 2494 priere
899 2454 906 2480 :
932 2442 1130 2494 respond:
1165 2458 1181 2476 «
1208 2442 1253 2490 Je
1278 2455 1326 2480 ne
1351 2441 1454 2480 m'en
1476 2455 1705 2495 enqueroye
1726 2442 1853 2494 point.
1880 2457 1899 2477 »

389 2515 644 2566 Interroguee
666 2513 774 2552 s’elle
801 2523 1023 2565 congneust
1060 2514 1173 2565 point
1208 2513 1255 2551 de
1282 2513 1493 2552 Katherine
1526 2513 1572 2552 de
1603 2514 1656 2551 La
1683 2512 1889 2561 Rochelle,
1922 2525 1976 2551 ou

334 2585 441 2624 s'clle
466 2585 602 2623 l'avoit
625 2598 724 2623 vcue
749 2599 757 2622 ε
793 2584 965 2637 respond
998 2597 1074 2637 que
1110 2584 1208 2631 ouil‚
1228 2585 1263 2622 a
1294 2586 1489 2637 Jargueau
1524 2594 1561 2623 et
1594 2584 1900 2637 alMontfaucon
1926 2597 1975 2622 en

335 2657 468 2709 Berry.

387 2728 641 2780 Interroguee
667 2726 772 2764 s'elle
790 2726 858 2778 luy
879 2736 1057 2765 monstra
1077 2727 1192 2779 point
1211 2740 1289 2765 une
1309 2727 1423 2765 dame
1444 2735 1579 2765 vestue
1611 2726 1657 2764 de
1680 2726 1810 2775 blanc,
1828 2725 1974 2779 qu’elle

334 2798 450 2836 disoit
467 2798 534 2850 qui
558 2797 624 2849 luy
645 2798 905 2849 appareissoit
928 2810 1102 2835 aucunes
1123 2796 1226 2835 fois:
1254 2797 1426 2849 respond
1451 2811 1527 2850 que
1553 2810 1649 2835 non.

389 2869 644 2921 Interrogue‘e
666 2867 808 2920 qu’elle
836 2867 889 2906 lui
908 2868 985 2906 dist
1010 2882 1016 2905 :
1058 2868 1231 2920 respond
1255 2881 1332 2921 que
1362 2867 1460 2906 celle
1491 2868 1705 2906 Katherine
1729 2867 1784 2906 lui
1810 2868 1886 2906 dist
1906 2868 1973 2920 qui

388 3027 416 3050 1.
438 3016 473 3060 Q
494 3028 504 3049 :
521 3016 629 3061 ca‘pit.
666 3035 714 3039 -
743 3025 775 3048 2.
796 3014 865 3060 AC
881 3023 1056 3049 omettent
1085 3015 1151 3049 hoc.
1174 3036 1219 3040 —
1248 3025 1278 3060 3.
1301 3015 1397 3049 ABC
1416 3026 1461 3049 en
1481 3027 1601 3061 marge
1624 3027 1630 3048 :
1653 3015 1705 3048 De
1730 3014 1917 3049 Katherina
1935 3014 1973 3048 de

339 3075 493 3121 Ruppella
511 3087 519 3117 3
541 3075 572 3108 la
593 3074 707 3108 forme
724 3074 911 3107 Katherina
928 3082 978 3108 est
999 3082 1184 3108 constante
1205 3085 1248 3108 en
1269 3075 1319 3110 A.
