2099 3356
477 118 510 133 -A

379 193 536 236 PRociis
570 208 623 236 DE
658 207 1008 236 CONDAMNATloN
1045 207 1100 235 DE
1131 208 1297 248 JEANNE
1331 193 1458 237 D'ARC
1685 197 1735 237 61

97 307 268 362 Alespe'e,
293 305 464 364 AEgidio
485 305 536 350 de
557 306 749 364 Campis,
770 305 951 350 Nicolao
977 306 1110 350 Caval
1130 314 1158 359 ¹,
1191 305 1415 350 Gauffrido
1444 305 1495 350 de
1531 307 1739 365 Croteyo‚

98 392 222 434 Petro
264 390 388 443 Cave,
426 390 608 434 Nicolao
646 390 845 443 Maulini,
897 390 940 432 in
975 389 1089 432 civili
1129 391 1220 446 jure
1262 389 1508 444 licentiati83
1553 390 1743 435 Roberto

98 473 267 517 Morelli
293 472 348 531 fet
384 473 565 516 Nicolao
603 473 834 526 Loisellenr,
864 474 1083 516 canonicis
1115 471 1299 516 ecclesiae
1328 472 1692 531 Rhotomagensis
1710 482 1739 516 ².

153 557 200 600 In
225 572 416 614 quorum
444 558 684 615 praesentia,
714 557 847 615 ipsam
875 556 1122 612 Johannam
1149 558 1465 601 somniavimus
1489 570 1531 601 et
1566 559 1744 616 requisi-

95 641 238 684 vimus
256 639 374 698 quod
401 639 553 684 faceret
571 653 612 684 et
639 652 854 698 praestaret
887 642 1181 697 juramentum
1204 639 1455 698 simpliciter
1481 654 1522 684 et
1548 640 1743 686 absolute

98 722 149 767 de
181 721 367 768 dicendo
394 724 617 767 veritatem
653 738 781 782 super
817 723 882 766 his
915 739 1011 781 quae
1051 734 1299 781 peterentur
1333 722 1383 767 ab
1411 740 1472 767 ea.
1505 724 1744 783 Respondit

99 806 217 866 quod
238 821 381 865 parata
409 820 495 851 erat
518 809 656 865 jurare
677 806 814 851 dicere
835 809 1057 851 veritatem
1081 806 1132 851 de
1153 806 1358 851 omnibus
1388 824 1483 866 quae
1510 809 1636 852 sciret
1654 822 1745 852 tan-

98 889 297 948 gentibus
326 906 588 948 processum,
618 903 747 948 prout
773 890 874 934 alias
898 889 1023 933 dixit.
1066 890 1175 933 Item
1213 889 1317 933 dixit
1352 890 1470 949 quod
1505 891 1641 936 multa
1668 894 1747 936 scit

99 990 195 1033 quae
223 990 313 1019 non
336 986 521 1034 tangunt
541 989 805 1033 processum,
829 986 978 1018 ernon
1000 987 1062 1017 est
1083 990 1193 1032 opus
1217 990 1263 1018 ea
1290 974 1443 1018 dicere.
1484 976 1636 1019 Postea
1663 977 1743 1020 ite-

97 1074 194 1102 rum
219 1058 327 1102 dixit
357 1075 364 1102 :
391 1075 410 1099 «
439 1060 503 1102 De
531 1059 654 1102 omni
679 1058 754 1102 illo
779 1057 830 1102 de
857 1073 946 1117 quo
977 1073 1056 1116 ego
1079 1059 1209 1102 sciam
1238 1059 1442 1103 veraciter
1469 1059 1587 1117 quod
1609 1062 1746 1118 tangit

96 1158 358 1201 processum,
382 1142 564 1186 libenter
587 1141 743 1186 dicam.
784 1158 803 1182 »
835 1143 943 1185 Item
966 1140 1106 1186 adhuc
1126 1155 1340 1186 sommata
1370 1156 1412 1186 et
1445 1144 1662 1202 requisita,
1695 1157 1744 1188 ut

97 1227 227 1285 prius,
257 1225 308 1270 de
335 1225 532 1270 faciendo
556 1228 852 1284 juramentum
881 1244 888 1270 :
914 1225 1135 1284 respondit
1162 1243 1170 1269 :
1193 1245 1212 1268 «
1234 1226 1345 1270 Illud
1373 1227 1491 1285 quod
1511 1244 1590 1286 ego
1615 1229 1744 1272 sciam

97 1309 150 1354 de
172 1326 274 1355 vero
291 1310 562 1369 respondere,
587 1310 767 1354 libenter
788 1309 924 1354 dicam
952 1309 1070 1369 quod
1090 1312 1226 1368 tangit
1254 1327 1517 1369 processum.
1550 1328 1569 1351 »
1604 1313 1655 1356 Et
1689 1313 1747 1356 sic

98 1396 269 1453 juravit,
289 1396 564 1441 sacrosanctis
587 1396 706 1438 tactis
734 1394 988 1453 Evangeliis.
1025 1395 1177 1438 Postea
1201 1394 1309 1439 dixit
1332 1412 1340 1438 ς
1374 1412 1393 1435 «
1422 1397 1486 1440 De
1520 1396 1603 1440 hoc
1627 1396 1745 1455 quod

99 1494 178 1537 ego
201 1479 331 1522 sciam
353 1477 471 1537 quod
493 1479 629 1536 tangit
651 1493 915 1536 processum,
931 1477 1112 1521 libenter
1124 1477 1264 1522 dicam
1283 1480 1527 1533 veritatem;
1548 1492 1589 1523 et
1607 1478 1747 1524 dicam

99 1561 220 1606 vobis
245 1574 416 1606 tantum
433 1575 647 1621 quantum
673 1561 859 1605 dicerem
887 1563 921 1605 si
951 1578 1030 1620 ego
1054 1578 1193 1606 essem
1215 1578 1357 1606 coram
1371 1563 1482 1621 Papa
1504 1579 1702 1608 romano.
1728 1581 1747 1604 »

159 1646 420 1704 Interrogata
447 1645 550 1704 quid
567 1644 668 1689 dicit
689 1644 740 1689 de
767 1645 950 1689 domino
979 1658 1128 1690 nostro
1155 1647 1267 1704 Papa
1293 1659 1333 1689 et
1355 1646 1406 1690 de
1430 1663 1518 1705 quo
1546 1648 1633 1706 ipsa
1656 1663 1750 1691 cre—

100 1728 162 1773 dit
182 1728 300 1788 quod
324 1731 377 1773 sit
401 1745 525 1774 verus
547 1730 658 1788 Papa
681 1747 689 1773 :
719 1728 939 1788 respondit
960 1729 1196 1788 quaerendo
1223 1742 1372 1774 utrum
1392 1743 1532 1774 essent
1558 1730 1661 1775 duo.

157 1814 419 1871 Interrogata
447 1827 597 1858 utrum
632 1813 837 1858 habuerat
873 1813 1030 1858 litteras
1066 1830 1088 1857 a
1115 1815 1274 1858 comite
1301 1816 1628 1873 Armiginiaci3,
1671 1831 1749 1874 pro

101 1896 276 1942 sciendo
301 1899 369 1941 cui
394 1899 528 1941 trium
549 1913 827 1941 summorum
855 1897 1114 1956 pontificum
1142 1897 1314 1942 deberet
1336 1898 1511 1943 obedire
1539 1916 1547 1943 :
1576 1915 1750 1958 respon-

101 1980 162 2025 dit
187 1981 304 2040 quod
333 1983 420 2041 ipse
448 1997 593 2026 comes
613 1982 778 2040 scripsit
802 1983 838 2025 ei
866 1981 1075 2039 quasdam
1097 1981 1256 2026 litteras
1275 1999 1403 2041 super
1438 1984 1521 2027 isto
1548 1983 1673 2038 facto,
1697 1983 1748 2028 ad

103 2065 219 2125 quod
242 2065 359 2110 dedit
392 2082 664 2125 responsum,
696 2067 807 2110 inter
829 2066 925 2120 alia,
956 2066 1090 2125 quod,
1126 2066 1301 2125 quando
1332 2080 1440 2111 esset
1470 2069 1655 2112 Parisius
1682 2068 1749 2112 vel

101 2148 199 2193 alibi
239 2151 282 2193 in
321 2151 479 2208 quiete,
510 2151 598 2208 ipsa
634 2149 750 2193 daret
786 2165 1056 2207 responsum.
1094 2151 1143 2194 Et
1174 2150 1345 2194 volebat
1382 2164 1485 2195 tunc
1526 2151 1750 2196 ascendere

102 2246 282 2287 equum,
313 2232 488 2292 quando
515 2232 630 2276 dedit
652 2233 711 2276 illi
734 2248 1005 2291 responsum.

163 2317 213 2361 Et
249 2329 462 2376 quantum
488 2315 538 2360 ad
563 2318 729 2375 copiam
757 2316 996 2361 litterarum
1033 2316 1134 2361 dicti
1165 2319 1336 2362 comitis
1364 2332 1404 2362 et
1427 2320 1560 2377 ipsius
1585 2319 1751 2376 Johan-

107 2417 186 2453 nae,
216 2417 321 2460 quas
348 2414 450 2445 tunc
470 2402 513 2444 in
536 2399 695 2456 judicio
717 2400 874 2458 perlegi
903 2400 1096 2455 fecimus,
1127 2402 1275 2445 eadem
1297 2403 1496 2458 Johanna
1510 2403 1593 2447 fuit
1617 2405 1750 2448 inter-

106 2498 246 2542 rogata
273 2486 307 2528 si
335 2484 405 2528 illa
433 2497 520 2528 erat
540 2501 613 2528 sua
638 2485 860 2542 responsio
879 2501 975 2542 quae
997 2486 1039 2528 in
1071 2486 1270 2543 praedicta
1290 2487 1410 2544 copia
1432 2487 1748 2532 continebatur.

104 2567 342 2627 Respondit
364 2567 482 2627 quod
505 2569 686 2612 aestimat
707 2584 749 2612 se
776 2567 922 2611 fecisse
948 2568 1064 2612 illam
1087 2570 1415 2626 responsionem
1431 2572 1473 2613 in
1500 2584 1632 2629 parte,
1662 2587 1749 2615 non

107 2652 149 2695 in
172 2664 279 2696 toto.

161 2736 422 2794 Interrogata
454 2753 507 2780 an
536 2734 690 2780 dixerit
719 2753 761 2781 se
792 2738 896 2781 scire
920 2751 992 2795 per
1027 2736 1260 2781 consilium
1301 2737 1428 2795 Regis
1472 2754 1622 2797 regum
1645 2738 1751 2783 illud

161 3051 189 3075 1.
212 3041 239 3075 B
273 3053 282 3074 .·
314 3040 435 3075 Canal.
463 3062 509 3066 —
544 3051 575 3075 2.
612 3040 641 3078 C
667 3049 765 3075 ornet
796 3040 931 3076 Roberto
964 3040 1106 3074 Morelli
1134 3046 1164 3075 et
1191 3041 1325 3075 Nicolas
1357 3041 1549 3083 Loz'sellem',
1584 3044 1752 3076 ‹nnonz'z'z's

108 3100 242 3134 ecclesii-1·
266 3101 541 3145 Rolhomagensis.
561 3121 608 3126 —
631 3111 661 3146 3.
686 3099 753 3134 AC
772 3113 814 3135 cn
838 3112 958 3147 marge
982 3112 988 3134 :
1008 3101 1097 3135 Nom
1119 3100 1155 3134 de
1175 3100 1302 3135 litteris
1321 3101 1465 3137 Comitis
1486 3103 1701 3147 Armignaci.
