2099 3356
318 215 475 258 PRocfzs
509 229 564 257 DE
597 227 948 257 (ῑοΝῡΛΜΝΑΤΙΟΝ
983 228 1040 256 DE
1071 228 1236 270 JEANNE
1270 216 1394 259 D’ARc
1598 232 1602 237 ·
1648 231 1692 273 13

70 326 160 365 bien
185 340 262 380 que
281 340 347 365 sur
369 339 414 366 ce
438 339 541 365 nous
580 339 705 380 ayons
729 340 798 379 par
838 326 1038 379 plusieurs
1065 325 1141 365 fois
1162 327 1307 379 escript
1330 336 1368 366 et
1388 341 1553 367 ancorcs
1578 328 1599 367 a
1622 330 1711 382 pre—

71 407 170 446 sent,
196 407 329 437 nostre
350 399 427 437 tres
451 397 643 437 redoubte
678 407 714 436 et
745 398 957 437 souverain
983 398 1170 450 seigneur
1193 407 1231 437 et
1249 400 1356 452 pere,
1380 413 1428 438 en
1460 409 1679 453 proposant
1704 409 1715 428 ¹

70 470 277 522 tousjours
302 470 378 508 tres
404 468 568 508 humble
611 478 648 508 et
672 469 777 521 loyal
810 469 1190 508 recommendacion
1218 470 1238 508 a
1262 483 1306 508 ce
1337 484 1413 524 que
1437 484 1480 509 ce
1503 484 1551 510 ne
1577 472 1714 510 soions

72 549 186 579 notez
211 540 257 579 de
284 540 519 593 negligence
541 554 694 579 aucune
719 554 766 579 en
793 541 824 578 si
854 539 1053 579 favorable
1082 550 1119 580 et
1144 542 1363 580 necessaire
1385 543 1549 581 matiere
1571 557 1578 581 :
1602 543 1716 582 Nous

42 614 44 616 ’
70 611 280 664 supplions
305 607 682 650 treshumblenient
709 621 746 650 et
759 626 808 650 en
833 611 1018 651 l'onncur
1043 612 1090 651 de
1125 621 1259 652 nostre
1288 627 1456 652 sauveur
1479 614 1715 663 Jhesucrist‚

71 683 259 736 deprions
290 684 366 722 tres
403 692 550 722 acertes
575 693 706 722 vostre
731 682 864 722 haulte
907 683 1131 722 excellence
1165 698 1242 738 que
1282 684 1395 724 icelle
1439 684 1588 725 femme
1614 700 1716 726 vous

72 753 195 807 plaise
213 754 384 794 ordener
423 764 524 794 estre
557 755 656 794 mise
681 754 893 793 briefment
915 756 955 793 es
989 756 1117 794 mains
1142 756 1189 795 de
1222 755 1259 795 la
1287 757 1427 809 justice
1452 757 1499 796 de
1539 757 1715 812 l’Eglise‚

71 825 165 864 c'est
187 827 362 865 assavoir
376 836 389 852 2
415 826 462 865 de
487 827 667 865 reverent
688 828 779 879 pere
800 840 849 865 en
868 827 969 865 Dieu
992 836 1126 866 nostre
1145 828 1299 867 honore
1314 829 1500 882 seigneur
1519 829 1719 884 l'evesque

71 907 108 937 et
129 907 245 937 conte
271 898 317 937 de
340 899 546 947 Beauvais,
580 908 617 937 et
641 900 745 938 aussi
771 905 781 930 3
809 898 1077 953 l’inquisiteur
1097 900 1245 939 ordene'
1267 914 1317 939 en
1342 902 1502 950 France,
1531 902 1718 957 ausquelz

72 968 108 1008 la
131 970 415 1022 cognoissance
455 971 523 1009 des
560 969 714 1009 meffaiz
751 969 906 1009 d'icelle
931 972 1152 1023 appartient
1176 972 1462 1025 especialment
1492 987 1542 1013 en
1578 987 1622 1013 ce
1650 975 1719 1029 qui

72 1042 219 1080 touche
251 1051 383 1081 nostre
405 1042 509 1081 dicte
530 1041 613 1095 foy,
638 1041 712 1081 afin
731 1056 808 1096 que
829 1056 898 1096 par
917 1043 1005 1082 voie
1029 1043 1076 1082 de
1109 1044 1240 1083 raison
1262 1045 1353 1084 soit-
1368 1044 1482 1085 faicte
1507 1046 1717 1086 discucion

73 1113 318 1152 couvenable
346 1127 412 1152 sur
435 1113 491 1152 les
512 1114 676 1167 charges
707 1113 878 1161 d’icelle,
920 1124 957 1153 et
990 1114 1082 1153 telle
1121 1117 1353 1168 reparacion
1390 1130 1548 1157 comme
1582 1131 1631 1157 au
1655 1131 1719 1157 cas

72 1185 348 1238 appartendra,
371 1186 598 1239 engardant
622 1186 658 1224 la
688 1187 812 1225 sainte
832 1186 956 1225 verite
987 1187 1035 1225 de
1060 1197 1194 1226 nostre
1224 1187 1309 1247 foy?
1343 1198 1381 1228 et
1414 1199 1580 1229 mettant
1607 1199 1718 1230 toute

73 1270 206 1296 erreur
220 1257 344 1296 faulse
356 1267 395 1297 et
412 1257 668 1296 scandaleuse
680 1258 849 1311 opinion
866 1259 959 1297 hors
975 1258 1042 1297 des
1056 1272 1248 1312 courages
1267 1260 1315 1299 de
1330 1274 1402 1300 vos
1425 1260 1541 1308 bons,
1556 1261 1718 1315 loyaulx

74 1337 111 1367 et
134 1329 352 1368 chrestians
372 1340 389 1359 4
409 1329 569 1382 subgez.
598 1331 644 1368 Et
669 1343 770 1369 nous
801 1329 951 1369 semble
970 1330 1100 1370 moult
1121 1331 1384 1380 convenable,
1412 1347 1452 1372 se
1476 1347 1520 1372 ce
1541 1334 1661 1373 estoit
1684 1334 1719 1372 le

74 1400 210 1453 plaisir
231 1401 278 1440 de
302 1411 434 1441 vostre
457 1401 670 1450 haultesce,
697 1415 773 1455 que
796 1400 912 1441 ladite
945 1401 1092 1441 femme
1119 1402 1197 1442 fust
1225 1405 1390 1444 amene'e
1420 1418 1469 1443 en
1501 1415 1605 1445 ceste
1642 1406 1718 1445 cite

76 1486 178 1525 pour
192 1471 286 1512 faire
299 1486 372 1512 son
391 1474 532 1526 proces
552 1473 826 1513 notablement
843 1483 881 1512 et
901 1484 1154 1524 seurement3
1179 1488 1242 1514 car
1262 1489 1331 1528 par
1346 1476 1401 1515 les
1415 1477 1609 1526 maistres,
1628 1477 1721 1516 doc-

76 1552 181 1582 teurs
203 1554 240 1583 et
265 1554 394 1583 autres
416 1544 597 1583 notables
622 1558 841 1598 personnes
862 1554 991 1584 estans
1013 1546 1179 1599 pardeca
1203 1560 1252 1585 en
1277 1557 1391 1600 grant
1415 1547 1583 1587 nombre
1603 1549 1724 1587 seroit

76 1615 112 1655 la
137 1615 345 1654 discucion
368 1615 524 1655 d'icelle
549 1615 596 1655 de
622 1616 712 1669 plus
736 1626 848 1669 grant
867 1618 1100 1670 reputacion
1126 1631 1203 1671 que
1225 1631 1274 1656 en
1294 1628 1401 1657 autre
1427 1618 1506 1658 lieu
1525 1635 1534 1669 3
1558 1629 1595 1659 et
1617 1620 1648 1658 si
1668 1629 1725 1659 est

79 1701 186 1726 assez
216 1687 463 1727 convenable
486 1693 496 1720 5
521 1701 597 1742 que
633 1689 865 1741 re'paracion
899 1688 1032 1728 desdiz
1057 1690 1244 1728 escandes
1273 1691 1350 1729 soit
1387 1689 1455 1730 fait
1484 1705 1533 1730 en
1559 1705 1603 1731 ce
1628 1691 1722 1741 lieu,

80 1758 227 1813 ouquel
243 1759 298 1798 les
323 1758 394 1798 fais
419 1759 573 1798 d'icelle
597 1769 667 1799 ont
688 1761 768 1799 este'
802 1760 1015 1815 divulguez
1035 1770 1072 1800 et
1097 1762 1274 1800 notoires
1313 1764 1641 1803 excessivement.
1675 1766 1723 1804 Et

75 1843 125 1869 en
144 1843 187 1868 ce
209 1829 347 1869 faisant
367 1829 531 1883 gardera
551 1840 683 1869 vostre
702 1830 813 1884 royal
834 1832 997 1884 majeste
1013 1845 1053 1870 sa
1073 1841 1188 1885 grant
1209 1832 1384 1886 loyaulte
1405 1848 1545 1873 envers
1570 1834 1605 1873 la
1629 1848 1722 1874 sou-

74 1902 232 1941 veraine
252 1911 288 1941 et
313 1902 448 1940 divine
473 1902 652 1954 Majeste,
677 1902 845 1956 laquelle
885 1903 1032 1942 vueille
1065 1913 1251 1957 octroyer
1280 1905 1300 1943 a
1326 1916 1458 1945 vostre
1492 1906 1720 1946 excellence

73 1974 293 2027 prospe'rite':
315 1974 650 2021 continuelment,
688 1973 837 2014 felicite
876 1989 965 2014 sans
1001 1975 1070 2015 fin.
1102 1977 1257 2030 Escript
1284 1977 1304 2015 a
1334 1978 1454 2025 Paris,
1475 1992 1524 2017 en
1546 1979 1561 2004 ⁶
1585 1988 1720 2018 nostre

77 2046 371 2098 congregacion
403 2045 589 2099 generale
622 2046 919 2086 solennelment
950 2048 1128 2087 celebree
1160 2050 1180 2087 a
1210 2049 1533 2099 Saint-Maturin‚
1576 2050 1611 2089 le
1633 2060 1720 2089 xxle

76 2117 165 2169 jour
183 2117 231 2156 de
244 2117 463 2156 novembre
488 2117 565 2156 l’an
588 2117 658 2157 mil
676 2119 967 2158 CCCCXXX.
986 2120 1128 2159 Vostre
1145 2121 1222 2159 tres
1236 2120 1402 2161 humble
1421 2132 1458 2161 et
1477 2122 1621 2163 de'vote
1640 2121 1721 2162 fille

77 2187 336 2229 l’Universite'
356 2189 403 2228 de
418 2190 539 2228 Paris.
569 2206 588 2226 »
610 2190 672 2229 Sic
687 2190 833 2243 signata
850 2199 864 2225 7
894 2204 902 2229 :
925 2207 943 2227 «
970 2192 1148 2232 HEBERT.
1177 2210 1193 2228 ³>

159 2393 251 2419 ITEM
273 2382 288 2407 3
310 2393 510 2425 SEQUITUR
534 2393 667 2420 TENOR
704 2394 953 2422 LITTERARUM
984 2395 1185 2423 REGIARUM
1214 2397 1264 2423 DE
1295 2398 1425 2425 DICTAE
1458 2399 1642 2426 MULIERIS

377 2448 624 2493 REDD1T16NE
647 2466 762 2493 NOBIS
787 2467 992 2494 PRAEDICTO
1007 2464 1022 2487 ‘7
1043 2468 1230 2495 EPISCOPO
1252 2467 1548 2497 BELVACENSNO.

135 2617 153 2637 ‹<
173 2602 324 2654 Heury,
343 2615 411 2655 par
434 2601 470 2640 la
492 2602 608 2655 grace
630 2601 677 2641 de
699 2603 800 2641 Dieu
834 2616 906 2656 roy
934 2603 981 2642 de
1024 2605 1168 2644 France
1199 2614 1236 2644 et
1263 2604 1552 2659 d'Angleteffe,
1578 2607 1599 2645 it
1633 2616 1723 2647 tous

86 2672 196 2711 ceulx
223 2674 332 2727 qui¹¹
360 2687 423 2712 ces
457 2675 658 2727 presentes
698 2674 830 2713 lettres
852 2684 1027 2724 verrom,
1052 2676 1170 2715 salut.
1206 2676 1235 2715 Il
1265 2687 1322 2716 est
1354 2691 1461 2717 assez
1492 2679 1648 2718 notoire
1685 2689 1723 2718 et

135 2898 163 2922 1.
193 2888 222 2923 C
247 2901 256 2922 :
272 2894 460 2936 preposant.
489 2910 536 2914 —
562 2899 594 2924 2.
623 2889 658 2934 Q
681 2902 691 2923 .·
708 2889 919 2925 c’est-d-dire.
942 2911 988 2916 —
1015 2901 1044 2936 3.
1073 2891 1105 2925 A
1126 2891 1244 2938 ajoute
1261 2892 1312 2927 de.
1335 2914 1379 2918 —
1399 2904 1434 2937 4.
1463 2895 1560 2929 ΑΒΕ
1583 2907 1594 2930 .·
1619 2895 1721 2931 chres-

83 2948 176 2982 lieus.
197 2969 241 2973 ——
263 2959 292 2993 5.
320 2949 352 2982 A
377 2961 386 2982 :
409 2949 627 2983 raisonnable.
645 2970 693 2974 —-
715 2949 748 2984 6.
778 2949 809 2985 C
829 2962 839 2984 .·
856 2950 888 2985 ἁ.
912 2971 956 2976 -
985 2961 1018 2996 7.
1048 2951 1080 2985 A
1107 2963 1117 2985 .·
1137 2952 1278 2997 signate.
1295 2974 1340 2978 —
1362 2954 1396 2988 8.
1424 2954 1492 2989 AC
1511 2967 1555 2990 en
1577 2967 1721 3003 marge:

87 3005 192 3041 Tenor
211 3007 402 3042 litterarum
424 3010 509 3054 regis
528 3009 565 3043 de
586 3009 768 3043 redditione
782 3009 942 3054 johannae
962 3011 1053 3044 nohis
1079 3011 1270 3046 Belvacensi
1288 3014 1447 3060 epz'scop03
1463 3015 1492 3048 B
1514 3027 1559 3049 en
1577 3027 1697 3062 marge
1715 3029 1721 3050 :

85 3065 191 3101 Tenor
217 3067 408 3102 litterarum
440 3069 527 3114 regis
557 3068 595 3102 de
620 3069 803 3103 redditione
830 3069 1001 3113 Jolmnnoe.
1033 3091 1079 3095 ——
1108 3082 1141 3116 9.
1170 3071 1238 3106 AC
1267 3082 1442 3108 omettent
1464 3075 1646 3121 pmwdscto.
1677 3096 1722 3100 —

86 3136 136 3160 10.
165 3127 231 3161 AC
247 3128 405 3174 ajoutent
424 3129 571 3174 superius
594 3129 775 3163 nominnlo.
794 3149 841 3153 —
872 3140 923 3163 11.
952 3130 985 3174 Q
1010 3142 1019 3163 .·
1046 3142 1116 3176 que.
