<?xml version="1.0" encoding="UTF-8"?>
<!DOCTYPE html PUBLIC "-//W3C//DTD XHTML 1.0 Transitional//EN"
    "http://www.w3.org/TR/xhtml1/DTD/xhtml1-transitional.dtd">
<html xmlns="http://www.w3.org/1999/xhtml" xml:lang="en" lang="en">
 <head>
  <title>
</title>
<meta http-equiv="Content-Type" content="text/html;charset=utf-8" />
  <meta name='ocr-system' content='tesseract 3.04.00' />
  <meta name='ocr-capabilities' content='ocr_page ocr_carea ocr_par ocr_line ocrx_word'/>
</head>
<body>
  <div class='ocr_page' id='page_1' title='image "./procsdecondamn01cham/procsdecondamn01cham_0459.png"; bbox 0 0 2099 3356; ppageno 0'>
   <div class='ocr_carea' id='block_1_1' title="bbox 420 175 1806 240">
    <p class='ocr_par' dir='ltr' id='par_1_1' title="bbox 420 175 1806 240">
     <span class='ocr_line' id='line_1_1' title="bbox 420 175 1806 240; baseline 0.003 -17"><span class='ocrx_word' id='word_1_1' title='bbox 420 175 423 177; x_wconf 39' lang='lat'>⁵</span> <span class='ocrx_word' id='word_1_2' title='bbox 451 180 609 224; x_wconf 60' lang='lat' dir='ltr'>PRocl&#39;as</span> <span class='ocrx_word' id='word_1_3' title='bbox 641 195 697 236; x_wconf 67' lang='lat' dir='ltr'>DE</span> <span class='ocrx_word' id='word_1_4' title='bbox 729 195 1085 225; x_wconf 76' lang='lat' dir='ltr'>CONDAMNATION</span> <span class='ocrx_word' id='word_1_5' title='bbox 1121 196 1175 225; x_wconf 84' lang='lat' dir='ltr'>DE</span> <span class='ocrx_word' id='word_1_6' title='bbox 1206 196 1372 238; x_wconf 79' lang='lat' dir='ltr'>JEANNE</span> <span class='ocrx_word' id='word_1_7' title='bbox 1405 182 1530 226; x_wconf 74' lang='lat' dir='ltr'>D&#39;ARC</span> <span class='ocrx_word' id='word_1_8' title='bbox 1723 197 1806 240; x_wconf 86' lang='lat'>409</span> 
     </span>
    </p>
   </div>
   <div class='ocr_carea' id='block_1_2' title="bbox 160 291 1816 1710">
    <p class='ocr_par' dir='ltr' id='par_1_2' title="bbox 160 291 1816 1710">
     <span class='ocr_line' id='line_1_2' title="bbox 172 291 1810 348; baseline 0.001 -16"><span class='ocrx_word' id='word_1_9' title='bbox 172 293 273 332; x_wconf 90' lang='lat' dir='ltr'>Sede</span> <span class='ocrx_word' id='word_1_10' title='bbox 298 291 518 346; x_wconf 86' lang='lat' dir='ltr'>apostolica</span> <span class='ocrx_word' id='word_1_11' title='bbox 547 292 772 346; x_wconf 80' lang='lat' dir='ltr'>specialiter</span> <span class='ocrx_word' id='word_1_12' title='bbox 805 293 996 346; x_wconf 85' lang='lat' dir='ltr'>deputati,</span> <span class='ocrx_word' id='word_1_13' title='bbox 1029 307 1120 347; x_wconf 86' lang='lat' dir='ltr'>ego,</span> <span class='ocrx_word' id='word_1_14' title='bbox 1154 294 1271 333; x_wconf 88' lang='lat' dir='ltr'>frater</span> <span class='ocrx_word' id='word_1_15' title='bbox 1296 295 1433 333; x_wconf 89' lang='lat' dir='ltr'>Petrus</span> <span class='ocrx_word' id='word_1_16' title='bbox 1463 295 1636 348; x_wconf 79' lang='lat' dir='ltr'>Bosquier</span> <span class='ocrx_word' id='word_1_17' title='bbox 1660 306 1685 343; x_wconf 86' lang='lat'>¹,</span> <span class='ocrx_word' id='word_1_18' title='bbox 1719 296 1810 335; x_wconf 87' lang='lat' dir='ltr'>reli-</span> 
     </span>
     <span class='ocr_line' id='line_1_3' title="bbox 169 363 1812 418; baseline 0.002 -16"><span class='ocrx_word' id='word_1_19' title='bbox 169 365 308 417; x_wconf 87' lang='lat' dir='ltr'>giosus</span> <span class='ocrx_word' id='word_1_20' title='bbox 329 363 481 403; x_wconf 85' lang='lat' dir='ltr'>ordinis</span> <span class='ocrx_word' id='word_1_21' title='bbox 507 365 684 402; x_wconf 84' lang='lat' dir='ltr'>Fratrum</span> <span class='ocrx_word' id='word_1_22' title='bbox 718 364 1024 404; x_wconf 72' lang='lat' dir='ltr'>Pi‘aedicatorum</span> <span class='ocrx_word' id='word_1_23' title='bbox 1049 374 1077 413; x_wconf 80' lang='lat'>²,</span> <span class='ocrx_word' id='word_1_24' title='bbox 1105 366 1224 404; x_wconf 89' lang='lat' dir='ltr'>miser</span> <span class='ocrx_word' id='word_1_25' title='bbox 1248 376 1431 418; x_wconf 83' lang='lat' dir='ltr'>peccator</span> <span class='ocrx_word' id='word_1_26' title='bbox 1454 376 1492 405; x_wconf 86' lang='lat' dir='ltr'>et</span> <span class='ocrx_word' id='word_1_27' title='bbox 1516 366 1696 405; x_wconf 87' lang='lat' dir='ltr'>subditus</span> <span class='ocrx_word' id='word_1_28' title='bbox 1724 381 1812 407; x_wconf 91' lang='lat' dir='ltr'>ves-</span> 
     </span>
     <span class='ocr_line' id='line_1_4' title="bbox 166 436 1809 488; baseline 0.002 -14"><span class='ocrx_word' id='word_1_29' title='bbox 166 445 224 474; x_wconf 91' lang='lat' dir='ltr'>ter</span> <span class='ocrx_word' id='word_1_30' title='bbox 240 436 278 474; x_wconf 91' lang='lat' dir='ltr'>in</span> <span class='ocrx_word' id='word_1_31' title='bbox 292 436 363 474; x_wconf 88' lang='lat' dir='ltr'>hac</span> <span class='ocrx_word' id='word_1_32' title='bbox 378 444 502 488; x_wconf 85' lang='lat' dir='ltr'>parte,</span> <span class='ocrx_word' id='word_1_33' title='bbox 526 437 709 488; x_wconf 79' lang='lat' dir='ltr'>cupienS,</span> <span class='ocrx_word' id='word_1_34' title='bbox 729 446 773 475; x_wconf 92' lang='lat' dir='ltr'>ut</span> <span class='ocrx_word' id='word_1_35' title='bbox 784 436 915 475; x_wconf 86' lang='lat' dir='ltr'>bonus</span> <span class='ocrx_word' id='word_1_36' title='bbox 933 445 970 475; x_wconf 83' lang='lat' dir='ltr'>et</span> <span class='ocrx_word' id='word_1_37' title='bbox 987 450 1103 475; x_wconf 82' lang='lat' dir='ltr'>verus</span> <span class='ocrx_word' id='word_1_38' title='bbox 1119 437 1339 476; x_wconf 78' lang='lat' dir='ltr'>catholicus</span> <span class='ocrx_word' id='word_1_39' title='bbox 1357 447 1384 485; x_wconf 80' lang='lat'>3,</span> <span class='ocrx_word' id='word_1_40' title='bbox 1413 448 1557 477; x_wconf 77' lang='lat' dir='ltr'>sanctae</span> <span class='ocrx_word' id='word_1_41' title='bbox 1577 439 1690 477; x_wconf 86' lang='lat' dir='ltr'>matri</span> <span class='ocrx_word' id='word_1_42' title='bbox 1710 453 1809 478; x_wconf 79' lang='lat' dir='ltr'>meae</span> 
     </span>
     <span class='ocr_line' id='line_1_5' title="bbox 165 507 1810 562; baseline 0.002 -16"><span class='ocrx_word' id='word_1_43' title='bbox 165 507 353 546; x_wconf 80' lang='lat' dir='ltr'>Ecclesiae</span> <span class='ocrx_word' id='word_1_44' title='bbox 375 516 413 546; x_wconf 89' lang='lat' dir='ltr'>et</span> <span class='ocrx_word' id='word_1_45' title='bbox 434 508 562 556; x_wconf 89' lang='lat' dir='ltr'>vobis,</span> <span class='ocrx_word' id='word_1_46' title='bbox 582 509 780 560; x_wconf 83' lang='lat' dir='ltr'>judicibus</span> <span class='ocrx_word' id='word_1_47' title='bbox 805 510 844 547; x_wconf 91' lang='lat' dir='ltr'>in</span> <span class='ocrx_word' id='word_1_48' title='bbox 867 509 939 547; x_wconf 85' lang='lat' dir='ltr'>hac</span> <span class='ocrx_word' id='word_1_49' title='bbox 965 518 1088 562; x_wconf 89' lang='lat' dir='ltr'>parte,</span> <span class='ocrx_word' id='word_1_50' title='bbox 1116 522 1207 548; x_wconf 87' lang='lat' dir='ltr'>cum</span> <span class='ocrx_word' id='word_1_51' title='bbox 1229 510 1341 547; x_wconf 91' lang='lat' dir='ltr'>omni</span> <span class='ocrx_word' id='word_1_52' title='bbox 1365 509 1588 548; x_wconf 82' lang='lat' dir='ltr'>humilitate</span> <span class='ocrx_word' id='word_1_53' title='bbox 1625 519 1662 549; x_wconf 88' lang='lat' dir='ltr'>et</span> <span class='ocrx_word' id='word_1_54' title='bbox 1686 511 1810 550; x_wconf 82' lang='lat' dir='ltr'>devo-</span> 
     </span>
     <span class='ocr_line' id='line_1_6' title="bbox 165 579 1808 635; baseline 0.002 -18"><span class='ocrx_word' id='word_1_55' title='bbox 165 579 275 618; x_wconf 87' lang='lat' dir='ltr'>tione</span> <span class='ocrx_word' id='word_1_56' title='bbox 299 579 359 632; x_wconf 89' lang='lat' dir='ltr'>(et</span> <span class='ocrx_word' id='word_1_57' title='bbox 373 580 420 618; x_wconf 90' lang='lat' dir='ltr'>ad</span> <span class='ocrx_word' id='word_1_58' title='bbox 437 580 513 619; x_wconf 83' lang='lat' dir='ltr'>hoc</span> <span class='ocrx_word' id='word_1_59' title='bbox 530 581 654 619; x_wconf 91' lang='lat' dir='ltr'>teneri</span> <span class='ocrx_word' id='word_1_60' title='bbox 672 595 735 620; x_wconf 91' lang='lat' dir='ltr'>me</span> <span class='ocrx_word' id='word_1_61' title='bbox 757 579 986 633; x_wconf 84' lang='lat' dir='ltr'>confiteor),</span> <span class='ocrx_word' id='word_1_62' title='bbox 1011 580 1198 619; x_wconf 87' lang='lat' dir='ltr'>omnibus</span> <span class='ocrx_word' id='word_1_63' title='bbox 1217 590 1254 619; x_wconf 90' lang='lat' dir='ltr'>et</span> <span class='ocrx_word' id='word_1_64' title='bbox 1268 595 1335 633; x_wconf 84' lang='lat' dir='ltr'>per</span> <span class='ocrx_word' id='word_1_65' title='bbox 1347 582 1482 619; x_wconf 84' lang='lat' dir='ltr'>onmia</span> <span class='ocrx_word' id='word_1_66' title='bbox 1498 581 1658 620; x_wconf 89' lang='lat' dir='ltr'>obedire</span> <span class='ocrx_word' id='word_1_67' title='bbox 1677 583 1808 635; x_wconf 88' lang='lat' dir='ltr'>;quia‚</span> 
     </span>
     <span class='ocr_line' id='line_1_7' title="bbox 167 650 1809 705; baseline 0.002 -16"><span class='ocrx_word' id='word_1_68' title='bbox 167 664 236 703; x_wconf 91' lang='lat' dir='ltr'>per</span> <span class='ocrx_word' id='word_1_69' title='bbox 250 650 577 690; x_wconf 82' lang='lat' dir='ltr'>informationem</span> <span class='ocrx_word' id='word_1_70' title='bbox 600 652 647 691; x_wconf 91' lang='lat' dir='ltr'>de</span> <span class='ocrx_word' id='word_1_71' title='bbox 667 651 854 691; x_wconf 87' lang='lat' dir='ltr'>mandato</span> <span class='ocrx_word' id='word_1_72' title='bbox 873 661 1004 690; x_wconf 86' lang='lat' dir='ltr'>vestro</span> <span class='ocrx_word' id='word_1_73' title='bbox 1023 651 1181 697; x_wconf 87' lang='lat' dir='ltr'>factam,</span> <span class='ocrx_word' id='word_1_74' title='bbox 1206 653 1403 705; x_wconf 86' lang='lat' dir='ltr'>reperistis</span> <span class='ocrx_word' id='word_1_75' title='bbox 1424 666 1486 691; x_wconf 86' lang='lat' dir='ltr'>mc</span> <span class='ocrx_word' id='word_1_76' title='bbox 1507 652 1746 705; x_wconf 85' lang='lat' dir='ltr'>culpabilem</span> <span class='ocrx_word' id='word_1_77' title='bbox 1770 655 1809 692; x_wconf 90' lang='lat' dir='ltr'>in</span> 
     </span>
     <span class='ocr_line' id='line_1_8' title="bbox 166 721 1811 777; baseline 0.002 -17"><span class='ocrx_word' id='word_1_78' title='bbox 166 721 226 760; x_wconf 87' lang='lat' dir='ltr'>his</span> <span class='ocrx_word' id='word_1_79' title='bbox 250 736 340 775; x_wconf 82' lang='lat' dir='ltr'>quae</span> <span class='ocrx_word' id='word_1_80' title='bbox 356 733 603 776; x_wconf 87' lang='lat' dir='ltr'>sequuntur:</span> <span class='ocrx_word' id='word_1_81' title='bbox 631 723 832 770; x_wconf 89' lang='lat' dir='ltr'>videlicet,</span> <span class='ocrx_word' id='word_1_82' title='bbox 856 725 893 762; x_wconf 90' lang='lat' dir='ltr'>in</span> <span class='ocrx_word' id='word_1_83' title='bbox 911 737 959 762; x_wconf 93' lang='lat' dir='ltr'>eo</span> <span class='ocrx_word' id='word_1_84' title='bbox 976 724 1195 776; x_wconf 80' lang='lat' dir='ltr'>praesertim</span> <span class='ocrx_word' id='word_1_85' title='bbox 1211 723 1335 776; x_wconf 88' lang='lat' dir='ltr'>quod,</span> <span class='ocrx_word' id='word_1_86' title='bbox 1358 724 1419 762; x_wconf 87' lang='lat' dir='ltr'>die</span> <span class='ocrx_word' id='word_1_87' title='bbox 1446 724 1677 777; x_wconf 83' lang='lat' dir='ltr'>paenultima</span> <span class='ocrx_word' id='word_1_88' title='bbox 1700 739 1811 764; x_wconf 81' lang='lat' dir='ltr'>men-</span> 
     </span>
     <span class='ocr_line' id='line_1_9' title="bbox 165 794 1811 850; baseline 0.002 -19"><span class='ocrx_word' id='word_1_89' title='bbox 165 794 216 831; x_wconf 88' lang='lat' dir='ltr'>sis</span> <span class='ocrx_word' id='word_1_90' title='bbox 250 795 360 843; x_wconf 88' lang='lat' dir='ltr'>maii,</span> <span class='ocrx_word' id='word_1_91' title='bbox 393 795 432 833; x_wconf 86' lang='lat' dir='ltr'>in</span> <span class='ocrx_word' id='word_1_92' title='bbox 461 794 597 848; x_wconf 81' lang='lat' dir='ltr'>vigilia</span> <span class='ocrx_word' id='word_1_93' title='bbox 621 795 744 834; x_wconf 83' lang='lat' dir='ltr'>sancti</span> <span class='ocrx_word' id='word_1_94' title='bbox 770 795 1021 842; x_wconf 77' lang='lat' dir='ltr'>sacramenti,</span> <span class='ocrx_word' id='word_1_95' title='bbox 1045 794 1188 834; x_wconf 85' lang='lat' dir='ltr'>ultimo</span> <span class='ocrx_word' id='word_1_96' title='bbox 1212 796 1414 848; x_wconf 57' lang='lat' dir='ltr'>praeteriti,</span> <span class='ocrx_word' id='word_1_97' title='bbox 1439 797 1516 835; x_wconf 83' lang='lat' dir='ltr'>dixi</span> <span class='ocrx_word' id='word_1_98' title='bbox 1538 796 1645 850; x_wconf 92' lang='lat' dir='ltr'>quod</span> <span class='ocrx_word' id='word_1_99' title='bbox 1669 810 1741 835; x_wconf 76' lang='lat' dir='ltr'>vos</span> <span class='ocrx_word' id='word_1_100' title='bbox 1772 805 1811 835; x_wconf 83' lang='lat' dir='ltr'>ct</span> 
     </span>
     <span class='ocr_line' id='line_1_10' title="bbox 169 864 1811 920; baseline 0.002 -17"><span class='ocrx_word' id='word_1_101' title='bbox 169 864 209 903; x_wconf 86' lang='lat' dir='ltr'>hi</span> <span class='ocrx_word' id='word_1_102' title='bbox 237 866 305 919; x_wconf 93' lang='lat' dir='ltr'>qui</span> <span class='ocrx_word' id='word_1_103' title='bbox 326 865 597 919; x_wconf 87' lang='lat' dir='ltr'>judicaverant</span> <span class='ocrx_word' id='word_1_104' title='bbox 624 866 838 920; x_wconf 84' lang='lat' dir='ltr'>quamdam</span> <span class='ocrx_word' id='word_1_105' title='bbox 876 865 1104 913; x_wconf 89' lang='lat' dir='ltr'>mulierem,</span> <span class='ocrx_word' id='word_1_106' title='bbox 1136 867 1362 915; x_wconf 78' lang='lat' dir='ltr'>johannam</span> <span class='ocrx_word' id='word_1_107' title='bbox 1386 869 1441 906; x_wconf 74' lang='lat' dir='ltr'>La</span> <span class='ocrx_word' id='word_1_108' title='bbox 1462 867 1607 906; x_wconf 79' lang='lat' dir='ltr'>Pucelle</span> <span class='ocrx_word' id='word_1_109' title='bbox 1638 867 1811 920; x_wconf 84' lang='lat' dir='ltr'>vulgari-</span> 
     </span>
     <span class='ocr_line' id='line_1_11' title="bbox 165 937 1812 992; baseline 0.002 -17"><span class='ocrx_word' id='word_1_110' title='bbox 165 946 222 975; x_wconf 88' lang='lat' dir='ltr'>ter</span> <span class='ocrx_word' id='word_1_111' title='bbox 243 937 407 985; x_wconf 91' lang='lat' dir='ltr'>dictam,</span> <span class='ocrx_word' id='word_1_112' title='bbox 433 937 535 976; x_wconf 88' lang='lat' dir='ltr'>male</span> <span class='ocrx_word' id='word_1_113' title='bbox 554 938 732 977; x_wconf 79' lang='lat' dir='ltr'>feceratis</span> <span class='ocrx_word' id='word_1_114' title='bbox 758 948 795 977; x_wconf 90' lang='lat' dir='ltr'>et</span> <span class='ocrx_word' id='word_1_115' title='bbox 817 937 1017 986; x_wconf 84' lang='lat' dir='ltr'>fecerant3</span> <span class='ocrx_word' id='word_1_116' title='bbox 1046 952 1135 992; x_wconf 78' lang='lat' dir='ltr'>quae</span> <span class='ocrx_word' id='word_1_117' title='bbox 1158 939 1357 992; x_wconf 87' lang='lat' dir='ltr'>siquidem</span> <span class='ocrx_word' id='word_1_118' title='bbox 1373 939 1505 987; x_wconf 86' lang='lat' dir='ltr'>verba,</span> <span class='ocrx_word' id='word_1_119' title='bbox 1533 949 1682 979; x_wconf 88' lang='lat' dir='ltr'>attento</span> <span class='ocrx_word' id='word_1_120' title='bbox 1705 939 1812 992; x_wconf 88' lang='lat' dir='ltr'>quod</span> 
     </span>
     <span class='ocr_line' id='line_1_12' title="bbox 168 1008 1813 1063; baseline 0.002 -16"><span class='ocrx_word' id='word_1_121' title='bbox 168 1008 271 1048; x_wconf 85' lang='lat' dir='ltr'>dicta</span> <span class='ocrx_word' id='word_1_122' title='bbox 293 1009 476 1058; x_wconf 87' lang='lat' dir='ltr'>Johanna</span> <span class='ocrx_word' id='word_1_123' title='bbox 500 1008 626 1048; x_wconf 87' lang='lat' dir='ltr'>fuerat</span> <span class='ocrx_word' id='word_1_124' title='bbox 651 1010 779 1063; x_wconf 84' lang='lat' dir='ltr'>posita</span> <span class='ocrx_word' id='word_1_125' title='bbox 804 1023 938 1049; x_wconf 86' lang='lat' dir='ltr'>coram</span> <span class='ocrx_word' id='word_1_126' title='bbox 963 1009 1094 1057; x_wconf 86' lang='lat' dir='ltr'>vobis,</span> <span class='ocrx_word' id='word_1_127' title='bbox 1124 1010 1322 1062; x_wconf 85' lang='lat' dir='ltr'>judicibus</span> <span class='ocrx_word' id='word_1_128' title='bbox 1348 1011 1562 1063; x_wconf 80' lang='lat' dir='ltr'>praedictis,</span> <span class='ocrx_word' id='word_1_129' title='bbox 1588 1012 1625 1049; x_wconf 88' lang='lat' dir='ltr'>in</span> <span class='ocrx_word' id='word_1_130' title='bbox 1652 1011 1813 1050; x_wconf 88' lang='lat' dir='ltr'>materia</span> 
     </span>
     <span class='ocr_line' id='line_1_13' title="bbox 165 1079 1813 1135; baseline 0.001 -16"><span class='ocrx_word' id='word_1_131' title='bbox 165 1079 257 1119; x_wconf 83' lang='lat' dir='ltr'>fidei</span> <span class='ocrx_word' id='word_1_132' title='bbox 278 1091 315 1120; x_wconf 89' lang='lat' dir='ltr'>et</span> <span class='ocrx_word' id='word_1_133' title='bbox 339 1081 489 1134; x_wconf 87' lang='lat' dir='ltr'>judicio</span> <span class='ocrx_word' id='word_1_134' title='bbox 513 1091 662 1130; x_wconf 90' lang='lat' dir='ltr'>vestro,</span> <span class='ocrx_word' id='word_1_135' title='bbox 686 1082 788 1120; x_wconf 89' lang='lat' dir='ltr'>male</span> <span class='ocrx_word' id='word_1_136' title='bbox 814 1083 974 1135; x_wconf 82' lang='lat' dir='ltr'>sapiunt</span> <span class='ocrx_word' id='word_1_137' title='bbox 996 1091 1033 1120; x_wconf 87' lang='lat' dir='ltr'>et</span> <span class='ocrx_word' id='word_1_138' title='bbox 1052 1083 1196 1121; x_wconf 88' lang='lat' dir='ltr'>sentire</span> <span class='ocrx_word' id='word_1_139' title='bbox 1219 1083 1404 1121; x_wconf 81' lang='lat' dir='ltr'>videntur</span> <span class='ocrx_word' id='word_1_140' title='bbox 1426 1082 1636 1122; x_wconf 84' lang='lat' dir='ltr'>fautoriam</span> <span class='ocrx_word' id='word_1_141' title='bbox 1658 1084 1813 1122; x_wconf 86' lang='lat' dir='ltr'>haereti-</span> 
     </span>
     <span class='ocr_line' id='line_1_14' title="bbox 167 1153 1811 1208; baseline 0.001 -17"><span class='ocrx_word' id='word_1_142' title='bbox 167 1166 223 1191; x_wconf 76' lang='lat' dir='ltr'>cae</span> <span class='ocrx_word' id='word_1_143' title='bbox 245 1153 445 1206; x_wconf 88' lang='lat' dir='ltr'>pravitatis</span> <span class='ocrx_word' id='word_1_144' title='bbox 465 1168 474 1194; x_wconf 87' lang='lat'><strong>:</strong></span> <span class='ocrx_word' id='word_1_145' title='bbox 494 1162 532 1192; x_wconf 92' lang='lat' dir='ltr'>et</span> <span class='ocrx_word' id='word_1_146' title='bbox 553 1167 642 1206; x_wconf 79' lang='lat' dir='ltr'>quae</span> <span class='ocrx_word' id='word_1_147' title='bbox 665 1166 799 1193; x_wconf 68' lang='lat' dir='ltr'>revera</span> <span class='ocrx_word' id='word_1_148' title='bbox 823 1153 876 1206; x_wconf 85' lang='lat' dir='ltr'>(si</span> <span class='ocrx_word' id='word_1_149' title='bbox 898 1164 913 1187; x_wconf 70' lang='lat'><strong>4</strong></span> <span class='ocrx_word' id='word_1_150' title='bbox 939 1155 1045 1192; x_wconf 85' lang='lat' dir='ltr'>Deus</span> <span class='ocrx_word' id='word_1_151' title='bbox 1073 1167 1135 1192; x_wconf 88' lang='lat' dir='ltr'>me</span> <span class='ocrx_word' id='word_1_152' title='bbox 1156 1154 1354 1207; x_wconf 81' lang='lat' dir='ltr'>adjuvet),</span> <span class='ocrx_word' id='word_1_153' title='bbox 1378 1164 1589 1208; x_wconf 80' lang='lat' dir='ltr'>postquam</span> <span class='ocrx_word' id='word_1_154' title='bbox 1613 1164 1811 1203; x_wconf 86' lang='lat' dir='ltr'>repertum</span> 
     </span>
     <span class='ocr_line' id='line_1_15' title="bbox 160 1223 1812 1278; baseline 0.001 -15"><span class='ocrx_word' id='word_1_155' title='bbox 160 1234 224 1263; x_wconf 77' lang='lat' dir='ltr'>&#39;est</span> <span class='ocrx_word' id='word_1_156' title='bbox 245 1223 353 1278; x_wconf 89' lang='lat' dir='ltr'>quod</span> <span class='ocrx_word' id='word_1_157' title='bbox 377 1238 420 1263; x_wconf 91' lang='lat' dir='ltr'>ea</span> <span class='ocrx_word' id='word_1_158' title='bbox 446 1234 456 1265; x_wconf 64' lang='grc' dir='ltr'>,ἰ</span> <span class='ocrx_word' id='word_1_159' title='bbox 485 1225 539 1264; x_wconf 90' lang='lat' dir='ltr'>sic</span> <span class='ocrx_word' id='word_1_160' title='bbox 561 1224 724 1278; x_wconf 89' lang='lat' dir='ltr'>protuli,</span> <span class='ocrx_word' id='word_1_161' title='bbox 751 1225 911 1264; x_wconf 84' lang='lat' dir='ltr'>fuerunt</span> <span class='ocrx_word' id='word_1_162' title='bbox 933 1238 1002 1278; x_wconf 90' lang='lat' dir='ltr'>per</span> <span class='ocrx_word' id='word_1_163' title='bbox 1024 1238 1086 1264; x_wconf 89' lang='lat' dir='ltr'>me</span> <span class='ocrx_word' id='word_1_164' title='bbox 1109 1226 1240 1264; x_wconf 89' lang='lat' dir='ltr'>minus</span> <span class='ocrx_word' id='word_1_165' title='bbox 1263 1225 1472 1264; x_wconf 85' lang='lat' dir='ltr'>deliberate</span> <span class='ocrx_word' id='word_1_166' title='bbox 1494 1236 1531 1264; x_wconf 83' lang='lat' dir='ltr'>et</span> <span class='ocrx_word' id='word_1_167' title='bbox 1562 1226 1812 1265; x_wconf 81' lang='lat' dir='ltr'>inadverten-</span> 
     </span>
     <span class='ocr_line' id='line_1_16' title="bbox 166 1296 1812 1350; baseline 0.001 -16"><span class='ocrx_word' id='word_1_168' title='bbox 166 1305 224 1334; x_wconf 90' lang='lat' dir='ltr'>ter</span> <span class='ocrx_word' id='word_1_169' title='bbox 246 1309 290 1334; x_wconf 82' lang='lat' dir='ltr'>ac</span> <span class='ocrx_word' id='word_1_170' title='bbox 309 1305 399 1349; x_wconf 87' lang='lat' dir='ltr'>post</span> <span class='ocrx_word' id='word_1_171' title='bbox 419 1306 559 1349; x_wconf 86' lang='lat' dir='ltr'>potum</span> <span class='ocrx_word' id='word_1_172' title='bbox 579 1296 683 1335; x_wconf 85' lang='lat' dir='ltr'>dicta</span> <span class='ocrx_word' id='word_1_173' title='bbox 703 1306 740 1335; x_wconf 88' lang='lat' dir='ltr'>et</span> <span class='ocrx_word' id='word_1_174' title='bbox 765 1296 916 1349; x_wconf 87' lang='lat' dir='ltr'>prolata</span> <span class='ocrx_word' id='word_1_175' title='bbox 942 1311 949 1334; x_wconf 89' lang='lat'>:</span> <span class='ocrx_word' id='word_1_176' title='bbox 973 1309 1197 1336; x_wconf 76' lang='lat' dir='ltr'>CONFITEOR</span> <span class='ocrx_word' id='word_1_177' title='bbox 1220 1298 1259 1335; x_wconf 85' lang='lat' dir='ltr'>in</span> <span class='ocrx_word' id='word_1_178' title='bbox 1285 1298 1361 1336; x_wconf 84' lang='lat' dir='ltr'>hoc</span> <span class='ocrx_word' id='word_1_179' title='bbox 1382 1311 1445 1336; x_wconf 83' lang='lat' dir='ltr'>me</span> <span class='ocrx_word' id='word_1_180' title='bbox 1461 1298 1631 1350; x_wconf 81' lang='lat' dir='ltr'>graviter</span> <span class='ocrx_word' id='word_1_181' title='bbox 1651 1311 1812 1350; x_wconf 91' lang='lat' dir='ltr'>peccas-</span> 
     </span>
     <span class='ocr_line' id='line_1_17' title="bbox 167 1367 1815 1421; baseline 0.001 -15"><span class='ocrx_word' id='word_1_182' title='bbox 167 1380 234 1415; x_wconf 82' lang='lat' dir='ltr'>se3</span> <span class='ocrx_word' id='word_1_183' title='bbox 258 1377 295 1406; x_wconf 89' lang='lat' dir='ltr'>et</span> <span class='ocrx_word' id='word_1_184' title='bbox 320 1367 368 1406; x_wconf 92' lang='lat' dir='ltr'>de</span> <span class='ocrx_word' id='word_1_185' title='bbox 390 1368 451 1406; x_wconf 90' lang='lat' dir='ltr'>his</span> <span class='ocrx_word' id='word_1_186' title='bbox 475 1369 490 1394; x_wconf 78' lang='lat'>6</span> <span class='ocrx_word' id='word_1_187' title='bbox 513 1381 533 1407; x_wconf 87' lang='lat' dir='ltr'>a</span> <span class='ocrx_word' id='word_1_188' title='bbox 559 1367 662 1406; x_wconf 81' lang='lat' dir='ltr'>dicta</span> <span class='ocrx_word' id='word_1_189' title='bbox 684 1378 818 1407; x_wconf 82' lang='lat' dir='ltr'>nostra</span> <span class='ocrx_word' id='word_1_190' title='bbox 843 1378 975 1407; x_wconf 82' lang='lat' dir='ltr'>sancta</span> <span class='ocrx_word' id='word_1_191' title='bbox 1000 1378 1122 1408; x_wconf 87' lang='lat' dir='ltr'>matre</span> <span class='ocrx_word' id='word_1_192' title='bbox 1149 1368 1322 1408; x_wconf 82' lang='lat' dir='ltr'>Ecclesia</span> <span class='ocrx_word' id='word_1_193' title='bbox 1343 1379 1381 1408; x_wconf 90' lang='lat' dir='ltr'>et</span> <span class='ocrx_word' id='word_1_194' title='bbox 1399 1369 1527 1416; x_wconf 86' lang='lat' dir='ltr'>vobis,</span> <span class='ocrx_word' id='word_1_195' title='bbox 1551 1369 1750 1421; x_wconf 87' lang='lat' dir='ltr'>judicibus</span> <span class='ocrx_word' id='word_1_196' title='bbox 1776 1378 1815 1408; x_wconf 90' lang='lat' dir='ltr'>et</span> 
     </span>
     <span class='ocr_line' id='line_1_18' title="bbox 167 1439 1816 1494; baseline 0.001 -16"><span class='ocrx_word' id='word_1_197' title='bbox 167 1440 344 1479; x_wconf 87' lang='lat' dir='ltr'>dominis</span> <span class='ocrx_word' id='word_1_198' title='bbox 378 1441 478 1479; x_wconf 90' lang='lat' dir='ltr'>meis</span> <span class='ocrx_word' id='word_1_199' title='bbox 509 1439 865 1489; x_wconf 86' lang='lat' dir='ltr'>metuendissimis,</span> <span class='ocrx_word' id='word_1_200' title='bbox 891 1440 1062 1493; x_wconf 82' lang='lat' dir='ltr'>genibus</span> <span class='ocrx_word' id='word_1_201' title='bbox 1087 1441 1197 1480; x_wconf 84' lang='lat' dir='ltr'>flexis</span> <span class='ocrx_word' id='word_1_202' title='bbox 1231 1450 1268 1479; x_wconf 90' lang='lat' dir='ltr'>et</span> <span class='ocrx_word' id='word_1_203' title='bbox 1292 1440 1474 1480; x_wconf 85' lang='lat' dir='ltr'>manibus</span> <span class='ocrx_word' id='word_1_204' title='bbox 1508 1441 1668 1494; x_wconf 88' lang='lat' dir='ltr'>junctis,</span> <span class='ocrx_word' id='word_1_205' title='bbox 1705 1441 1816 1479; x_wconf 84' lang='lat' dir='ltr'>veni-</span> 
     </span>
     <span class='ocr_line' id='line_1_19' title="bbox 165 1502 1812 1566; baseline -0.001 -15"><span class='ocrx_word' id='word_1_206' title='bbox 165 1525 228 1551; x_wconf 89' lang='lat' dir='ltr'>am</span> <span class='ocrx_word' id='word_1_207' title='bbox 247 1521 340 1564; x_wconf 88' lang='lat' dir='ltr'>peto</span> <span class='ocrx_word' id='word_1_208' title='bbox 356 1521 393 1550; x_wconf 90' lang='lat' dir='ltr'>et</span> <span class='ocrx_word' id='word_1_209' title='bbox 417 1511 593 1565; x_wconf 84' lang='lat' dir='ltr'>requiro,</span> <span class='ocrx_word' id='word_1_210' title='bbox 617 1526 679 1550; x_wconf 89' lang='lat' dir='ltr'>me</span> <span class='ocrx_word' id='word_1_211' title='bbox 701 1512 989 1561; x_wconf 79' lang='lat' dir='ltr'>emendationi,</span> <span class='ocrx_word' id='word_1_212' title='bbox 1007 1513 1250 1552; x_wconf 88' lang='lat' dir='ltr'>correctioni</span> <span class='ocrx_word' id='word_1_213' title='bbox 1270 1502 1388 1566; x_wconf 85' lang='lat' dir='ltr'>atque</span> <span class='ocrx_word' id='word_1_214' title='bbox 1410 1523 1423 1548; x_wconf 92' lang='lat'><strong>7</strong></span> <span class='ocrx_word' id='word_1_215' title='bbox 1446 1513 1648 1566; x_wconf 89' lang='lat' dir='ltr'>punitioni</span> <span class='ocrx_word' id='word_1_216' title='bbox 1669 1513 1812 1551; x_wconf 89' lang='lat' dir='ltr'>vestris</span> 
     </span>
     <span class='ocr_line' id='line_1_20' title="bbox 166 1583 1812 1638; baseline 0 -16"><span class='ocrx_word' id='word_1_217' title='bbox 166 1583 395 1623; x_wconf 87' lang='lat' dir='ltr'>humillime</span> <span class='ocrx_word' id='word_1_218' title='bbox 417 1584 668 1633; x_wconf 85' lang='lat' dir='ltr'>submittens,</span> <span class='ocrx_word' id='word_1_219' title='bbox 697 1584 1014 1623; x_wconf 83' lang='lat' dir='ltr'>misericordiam</span> <span class='ocrx_word' id='word_1_220' title='bbox 1038 1584 1240 1632; x_wconf 60' lang='lat' dir='ltr'>Ecclesiae,</span> <span class='ocrx_word' id='word_1_221' title='bbox 1266 1585 1490 1638; x_wconf 89' lang='lat' dir='ltr'>postposito</span> <span class='ocrx_word' id='word_1_222' title='bbox 1513 1585 1657 1637; x_wconf 84' lang='lat' dir='ltr'>rigore,</span> <span class='ocrx_word' id='word_1_223' title='bbox 1678 1584 1812 1622; x_wconf 80' lang='lat' dir='ltr'>humi-</span> 
     </span>
     <span class='ocr_line' id='line_1_21' title="bbox 168 1655 522 1710; baseline 0.003 -16"><span class='ocrx_word' id='word_1_224' title='bbox 168 1655 244 1695; x_wconf 86' lang='lat' dir='ltr'>lius</span> <span class='ocrx_word' id='word_1_225' title='bbox 265 1655 522 1710; x_wconf 87' lang='lat' dir='ltr'>postulando.</span> 
     </span>
    </p>
   </div>
   <div class='ocr_carea' id='block_1_3' title="bbox 492 1980 1490 2028">
    <p class='ocr_par' dir='ltr' id='par_1_3' title="bbox 492 1980 1490 2028">
     <span class='ocr_line' id='line_1_22' title="bbox 492 1980 1490 2028; baseline -0.001 -9"><span class='ocrx_word' id='word_1_226' title='bbox 492 1980 735 2023; x_wconf 78' lang='lat' dir='ltr'>SEQUITURS</span> <span class='ocrx_word' id='word_1_227' title='bbox 775 1992 996 2019; x_wconf 69' lang='lat' dir='ltr'>SENTENTIA</span> <span class='ocrx_word' id='word_1_228' title='bbox 1033 1992 1206 2028; x_wconf 83' lang='lat' dir='ltr'>EJUSDEM</span> <span class='ocrx_word' id='word_1_229' title='bbox 1240 1989 1490 2018; x_wconf 79' lang='lat' dir='ltr'>REL1G10819.</span> 
     </span>
    </p>
   </div>
   <div class='ocr_carea' id='block_1_4' title="bbox 167 2121 1814 2603">
    <p class='ocr_par' dir='ltr' id='par_1_4' title="bbox 167 2121 1814 2603">
     <span class='ocr_line' id='line_1_23' title="bbox 224 2121 1814 2174; baseline 0 -15"><span class='ocrx_word' id='word_1_230' title='bbox 224 2122 267 2159; x_wconf 90' lang='lat' dir='ltr'>In</span> <span class='ocrx_word' id='word_1_231' title='bbox 294 2122 459 2160; x_wconf 87' lang='lat' dir='ltr'>nomine</span> <span class='ocrx_word' id='word_1_232' title='bbox 484 2122 810 2169; x_wconf 89' lang='lat' dir='ltr'>Domini,amen.</span> <span class='ocrx_word' id='word_1_233' title='bbox 833 2122 1007 2174; x_wconf 87' lang='lat' dir='ltr'>Cognito</span> <span class='ocrx_word' id='word_1_234' title='bbox 1033 2135 1101 2174; x_wconf 87' lang='lat' dir='ltr'>per</span> <span class='ocrx_word' id='word_1_235' title='bbox 1119 2135 1207 2167; x_wconf 85' lang='lat' dir='ltr'>nos,</span> <span class='ocrx_word' id='word_1_236' title='bbox 1240 2122 1452 2167; x_wconf 87' lang='lat' dir='ltr'>Petrum10,</span> <span class='ocrx_word' id='word_1_237' title='bbox 1483 2121 1738 2159; x_wconf 85' lang='lat' dir='ltr'>miseratione</span> <span class='ocrx_word' id='word_1_238' title='bbox 1758 2121 1814 2159; x_wconf 89' lang='lat' dir='ltr'>di-</span> 
     </span>
     <span class='ocr_line' id='line_1_24' title="bbox 168 2190 1814 2246; baseline -0.001 -15"><span class='ocrx_word' id='word_1_239' title='bbox 168 2193 259 2231; x_wconf 85' lang='lat' dir='ltr'>vina</span> <span class='ocrx_word' id='word_1_240' title='bbox 296 2193 534 2246; x_wconf 90' lang='lat' dir='ltr'>episcopum</span> <span class='ocrx_word' id='word_1_241' title='bbox 560 2192 858 2241; x_wconf 77' lang='lat' dir='ltr'>Belvacensem,</span> <span class='ocrx_word' id='word_1_242' title='bbox 894 2202 931 2231; x_wconf 88' lang='lat' dir='ltr'>et</span> <span class='ocrx_word' id='word_1_243' title='bbox 963 2192 1122 2231; x_wconf 84' lang='lat' dir='ltr'>fratrem</span> <span class='ocrx_word' id='word_1_244' title='bbox 1151 2192 1381 2241; x_wconf 87' lang='lat' dir='ltr'>Johannem</span> <span class='ocrx_word' id='word_1_245' title='bbox 1407 2192 1603 2244; x_wconf 84' lang='lat' dir='ltr'>Magistri,</span> <span class='ocrx_word' id='word_1_246' title='bbox 1637 2190 1814 2244; x_wconf 81' lang='lat' dir='ltr'>praeclari</span> 
     </span>
     <span class='ocr_line' id='line_1_25' title="bbox 167 2255 1813 2317; baseline -0.001 -15"><span class='ocrx_word' id='word_1_247' title='bbox 167 2264 387 2303; x_wconf 87' lang='lat' dir='ltr'>doctoris11</span> <span class='ocrx_word' id='word_1_248' title='bbox 421 2255 868 2313; x_wconf 63' lang='lat' dir='ltr'>Johannis‘Graverenl,</span> <span class='ocrx_word' id='word_1_249' title='bbox 901 2264 1153 2317; x_wconf 74' lang='lat' dir='ltr'>inquisitoris</span> <span class='ocrx_word' id='word_1_250' title='bbox 1180 2264 1378 2302; x_wconf 76' lang='lat' dir='ltr'>haereticae</span> <span class='ocrx_word' id='word_1_251' title='bbox 1415 2263 1616 2316; x_wconf 79' lang='lat' dir='ltr'>pravitatis</span> <span class='ocrx_word' id='word_1_252' title='bbox 1658 2263 1697 2300; x_wconf 87' lang='lat' dir='ltr'>in</span> <span class='ocrx_word' id='word_1_253' title='bbox 1728 2271 1813 2301; x_wconf 91' lang='lat' dir='ltr'>toto</span> 
     </span>
     <span class='ocr_line' id='line_1_26' title="bbox 168 2334 1814 2388; baseline -0.001 -14"><span class='ocrx_word' id='word_1_254' title='bbox 168 2349 291 2388; x_wconf 85' lang='lat' dir='ltr'>regno</span> <span class='ocrx_word' id='word_1_255' title='bbox 315 2337 486 2374; x_wconf 77' lang='lat' dir='ltr'>Franciae</span> <span class='ocrx_word' id='word_1_256' title='bbox 504 2336 737 2375; x_wconf 88' lang='lat' dir='ltr'>auctoritate</span> <span class='ocrx_word' id='word_1_257' title='bbox 760 2335 980 2388; x_wconf 83' lang='lat' dir='ltr'>apostolica</span> <span class='ocrx_word' id='word_1_258' title='bbox 1004 2335 1197 2388; x_wconf 84' lang='lat' dir='ltr'>deputati,</span> <span class='ocrx_word' id='word_1_259' title='bbox 1232 2335 1271 2373; x_wconf 92' lang='lat' dir='ltr'>in</span> <span class='ocrx_word' id='word_1_260' title='bbox 1294 2335 1366 2373; x_wconf 88' lang='lat' dir='ltr'>hac</span> <span class='ocrx_word' id='word_1_261' title='bbox 1398 2335 1555 2373; x_wconf 75' lang='lat' dir='ltr'>civitate</span> <span class='ocrx_word' id='word_1_262' title='bbox 1584 2344 1620 2372; x_wconf 93' lang='lat' dir='ltr'>et</span> <span class='ocrx_word' id='word_1_263' title='bbox 1647 2334 1814 2373; x_wconf 89' lang='lat' dir='ltr'>dioecesi</span> 
     </span>
     <span class='ocr_line' id='line_1_27' title="bbox 169 2405 1814 2460; baseline -0.002 -14"><span class='ocrx_word' id='word_1_264' title='bbox 169 2407 500 2460; x_wconf 83' lang='lat' dir='ltr'>Rothomagensi,</span> <span class='ocrx_word' id='word_1_265' title='bbox 527 2408 647 2446; x_wconf 88' lang='lat' dir='ltr'>etiam</span> <span class='ocrx_word' id='word_1_266' title='bbox 668 2407 799 2460; x_wconf 85' lang='lat' dir='ltr'>quoad</span> <span class='ocrx_word' id='word_1_267' title='bbox 823 2406 923 2445; x_wconf 89' lang='lat' dir='ltr'>infra</span> <span class='ocrx_word' id='word_1_268' title='bbox 945 2407 1100 2459; x_wconf 82' lang='lat' dir='ltr'>scripta,</span> <span class='ocrx_word' id='word_1_269' title='bbox 1128 2420 1197 2459; x_wconf 89' lang='lat' dir='ltr'>per</span> <span class='ocrx_word' id='word_1_270' title='bbox 1221 2406 1409 2444; x_wconf 87' lang='lat' dir='ltr'>eumdem</span> <span class='ocrx_word' id='word_1_271' title='bbox 1442 2406 1652 2444; x_wconf 88' lang='lat' dir='ltr'>dominum</span> <span class='ocrx_word' id='word_1_272' title='bbox 1679 2405 1814 2458; x_wconf 88' lang='lat' dir='ltr'>Inqui-</span> 
     </span>
     <span class='ocr_line' id='line_1_28' title="bbox 167 2476 1814 2532; baseline -0.002 -15"><span class='ocrx_word' id='word_1_273' title='bbox 167 2479 329 2517; x_wconf 85' lang='lat' dir='ltr'>sitorem</span> <span class='ocrx_word' id='word_1_274' title='bbox 352 2478 574 2532; x_wconf 85' lang='lat' dir='ltr'>specialiter</span> <span class='ocrx_word' id='word_1_275' title='bbox 595 2479 828 2532; x_wconf 87' lang='lat' dir='ltr'>deputatum</span> <span class='ocrx_word' id='word_1_276' title='bbox 851 2487 888 2517; x_wconf 86' lang='lat' dir='ltr'>et</span> <span class='ocrx_word' id='word_1_277' title='bbox 907 2479 1185 2524; x_wconf 89' lang='lat' dir='ltr'>commissum,</span> <span class='ocrx_word' id='word_1_278' title='bbox 1213 2477 1260 2516; x_wconf 90' lang='lat' dir='ltr'>de</span> <span class='ocrx_word' id='word_1_279' title='bbox 1284 2478 1433 2515; x_wconf 87' lang='lat' dir='ltr'>meritis</span> <span class='ocrx_word' id='word_1_280' title='bbox 1458 2490 1586 2515; x_wconf 58' lang='lat' dir='ltr'>causae</span> <span class='ocrx_word' id='word_1_281' title='bbox 1606 2476 1699 2515; x_wconf 86' lang='lat' dir='ltr'>fidei</span> <span class='ocrx_word' id='word_1_282' title='bbox 1726 2490 1814 2515; x_wconf 89' lang='lat' dir='ltr'>mo-</span> 
     </span>
     <span class='ocr_line' id='line_1_29' title="bbox 167 2548 1810 2603; baseline -0.001 -14"><span class='ocrx_word' id='word_1_283' title='bbox 167 2560 229 2597; x_wconf 77' lang='lat' dir='ltr'>tae,</span> <span class='ocrx_word' id='word_1_284' title='bbox 251 2560 288 2589; x_wconf 92' lang='lat' dir='ltr'>et</span> <span class='ocrx_word' id='word_1_285' title='bbox 306 2550 505 2603; x_wconf 86' lang='lat' dir='ltr'>pendente</span> <span class='ocrx_word' id='word_1_286' title='bbox 523 2559 551 2577; x_wconf 86' lang='lat'>¹2</span> <span class='ocrx_word' id='word_1_287' title='bbox 577 2564 711 2589; x_wconf 86' lang='lat' dir='ltr'>coram</span> <span class='ocrx_word' id='word_1_288' title='bbox 735 2550 850 2589; x_wconf 83' lang='lat' dir='ltr'>nobis</span> <span class='ocrx_word' id='word_1_289' title='bbox 876 2559 1012 2589; x_wconf 86' lang='lat' dir='ltr'>contra</span> <span class='ocrx_word' id='word_1_290' title='bbox 1034 2549 1266 2602; x_wconf 82' lang='lat' dir='ltr'>religiosum</span> <span class='ocrx_word' id='word_1_291' title='bbox 1297 2550 1443 2595; x_wconf 74' lang='lat' dir='ltr'>virum,</span> <span class='ocrx_word' id='word_1_292' title='bbox 1468 2548 1626 2587; x_wconf 86' lang='lat' dir='ltr'>fratrem</span> <span class='ocrx_word' id='word_1_293' title='bbox 1650 2549 1810 2587; x_wconf 88' lang='lat' dir='ltr'>Petrum</span> 
     </span>
    </p>
   </div>
   <div class='ocr_carea' id='block_1_5' title="bbox 1651 2664 1801 2670">
    <p class='ocr_par' dir='ltr' id='par_1_5' title="bbox 1651 2664 1801 2670">
     <span class='ocr_line' id='line_1_30' title="bbox 1651 2664 1801 2670; baseline 0 0"><span class='ocrx_word' id='word_1_294' title='bbox 1651 2664 1801 2670; x_wconf 95' lang='lat' dir='ltr'> </span> 
     </span>
    </p>
   </div>
   <div class='ocr_carea' id='block_1_6' title="bbox 208 2667 1267 2671">
    <p class='ocr_par' dir='ltr' id='par_1_6' title="bbox 208 2667 1267 2671">
     <span class='ocr_line' id='line_1_31' title="bbox 208 2667 1267 2671; baseline 0 0"><span class='ocrx_word' id='word_1_295' title='bbox 208 2667 1267 2671; x_wconf 95' lang='lat' dir='ltr'> </span> 
     </span>
    </p>
   </div>
   <div class='ocr_carea' id='block_1_7' title="bbox 217 2727 1814 2776">
    <p class='ocr_par' dir='ltr' id='par_1_7' title="bbox 217 2727 1814 2776">
     <span class='ocr_line' id='line_1_32' title="bbox 217 2727 1814 2776; baseline -0.002 -11"><span class='ocrx_word' id='word_1_296' title='bbox 217 2741 246 2765; x_wconf 91' lang='lat'>1.</span> <span class='ocrx_word' id='word_1_297' title='bbox 266 2731 294 2764; x_wconf 89' lang='lat' dir='ltr'><em>B</em></span> <span class='ocrx_word' id='word_1_298' title='bbox 310 2739 409 2765; x_wconf 89' lang='lat' dir='ltr'>omet</span> <span class='ocrx_word' id='word_1_299' title='bbox 428 2730 460 2765; x_wconf 90' lang='lat' dir='ltr'>le</span> <span class='ocrx_word' id='word_1_300' title='bbox 481 2741 568 2765; x_wconf 88' lang='lat' dir='ltr'>nom</span> <span class='ocrx_word' id='word_1_301' title='bbox 588 2739 622 2764; x_wconf 84' lang='lat' dir='ltr'>et</span> <span class='ocrx_word' id='word_1_302' title='bbox 643 2730 674 2764; x_wconf 80' lang='lat' dir='ltr'>le</span> <span class='ocrx_word' id='word_1_303' title='bbox 697 2731 847 2776; x_wconf 87' lang='lat' dir='ltr'>pre&#39;nom</span> <span class='ocrx_word' id='word_1_304' title='bbox 868 2729 913 2763; x_wconf 89' lang='lat' dir='ltr'>du</span> <span class='ocrx_word' id='word_1_305' title='bbox 940 2729 1123 2775; x_wconf 77' lang='lat' dir='ltr'>religieux,</span> <span class='ocrx_word' id='word_1_306' title='bbox 1143 2729 1201 2774; x_wconf 88' lang='lat' dir='ltr'>qui</span> <span class='ocrx_word' id='word_1_307' title='bbox 1220 2728 1378 2769; x_wconf 85' lang='lat' dir='ltr'>d‘abord,</span> <span class='ocrx_word' id='word_1_308' title='bbox 1401 2728 1515 2770; x_wconf 65' lang='lat' dir='ltr'>ecritS,</span> <span class='ocrx_word' id='word_1_309' title='bbox 1545 2727 1660 2762; x_wconf 83' lang='lat' dir='ltr'>furent</span> <span class='ocrx_word' id='word_1_310' title='bbox 1678 2728 1814 2763; x_wconf 86' lang='lat' dir='ltr'>ensuite</span> 
     </span>
    </p>
   </div>
   <div class='ocr_carea' id='block_1_8' title="bbox 164 2787 1813 3074">
    <p class='ocr_par' dir='ltr' id='par_1_8' title="bbox 164 2787 1813 3074">
     <span class='ocr_line' id='line_1_33' title="bbox 164 2787 1813 2836; baseline -0.002 -12"><span class='ocrx_word' id='word_1_311' title='bbox 164 2791 319 2835; x_wconf 70' lang='lat' dir='ltr'>grattes;</span> <span class='ocrx_word' id='word_1_312' title='bbox 342 2790 372 2824; x_wconf 90' lang='lat' dir='ltr'>C</span> <span class='ocrx_word' id='word_1_313' title='bbox 389 2798 488 2824; x_wconf 90' lang='lat' dir='ltr'>omet</span> <span class='ocrx_word' id='word_1_314' title='bbox 509 2790 677 2836; x_wconf 80' lang='lat' dir='ltr'>Bosquier.</span> <span class='ocrx_word' id='word_1_315' title='bbox 706 2810 752 2814; x_wconf 89' lang='grc'>-</span> <span class='ocrx_word' id='word_1_316' title='bbox 777 2799 809 2823; x_wconf 88' lang='lat'>2.</span> <span class='ocrx_word' id='word_1_317' title='bbox 833 2788 892 2822; x_wconf 88' lang='lat' dir='ltr'>BC</span> <span class='ocrx_word' id='word_1_318' title='bbox 915 2797 1089 2822; x_wconf 80' lang='lat' dir='ltr'>omettent</span> <span class='ocrx_word' id='word_1_319' title='bbox 1111 2787 1161 2822; x_wconf 91' lang='lat' dir='ltr'>les</span> <span class='ocrx_word' id='word_1_320' title='bbox 1188 2796 1283 2821; x_wconf 87' lang='lat' dir='ltr'>mots</span> <span class='ocrx_word' id='word_1_321' title='bbox 1308 2787 1437 2821; x_wconf 73' lang='lat' dir='ltr'>ordinis</span> <span class='ocrx_word' id='word_1_322' title='bbox 1464 2787 1626 2821; x_wconf 78' lang='lat' dir='ltr'>Fratrum</span> <span class='ocrx_word' id='word_1_323' title='bbox 1648 2787 1813 2821; x_wconf 78' lang='lat' dir='ltr'>Praedica-</span> 
     </span>
     <span class='ocr_line' id='line_1_34' title="bbox 166 2846 1811 2896; baseline -0.001 -13"><span class='ocrx_word' id='word_1_324' title='bbox 166 2854 276 2883; x_wconf 76' lang='lat' dir='ltr'>torum.</span> <span class='ocrx_word' id='word_1_325' title='bbox 300 2851 432 2896; x_wconf 78' lang='lat' dir='ltr'>grattes</span> <span class='ocrx_word' id='word_1_326' title='bbox 456 2861 498 2884; x_wconf 89' lang='lat' dir='ltr'>en</span> <span class='ocrx_word' id='word_1_327' title='bbox 520 2849 559 2884; x_wconf 88' lang='lat' dir='ltr'>B.</span> <span class='ocrx_word' id='word_1_328' title='bbox 583 2870 627 2874; x_wconf 91' lang='lat'>—</span> <span class='ocrx_word' id='word_1_329' title='bbox 653 2860 682 2893; x_wconf 77' lang='lat'>3.</span> <span class='ocrx_word' id='word_1_330' title='bbox 708 2849 738 2882; x_wconf 76' lang='lat' dir='ltr'><em>A</em></span> <span class='ocrx_word' id='word_1_331' title='bbox 765 2860 774 2881; x_wconf 94' lang='lat'>.·</span> <span class='ocrx_word' id='word_1_332' title='bbox 803 2848 992 2893; x_wconf 77' lang='lat' dir='ltr'>religiosus.</span> <span class='ocrx_word' id='word_1_333' title='bbox 1016 2868 1063 2872; x_wconf 89' lang='lat'>——</span> <span class='ocrx_word' id='word_1_334' title='bbox 1089 2858 1124 2889; x_wconf 77' lang='lat'>4.</span> <span class='ocrx_word' id='word_1_335' title='bbox 1147 2846 1212 2881; x_wconf 75' lang='lat' dir='ltr'>AC</span> <span class='ocrx_word' id='word_1_336' title='bbox 1231 2859 1241 2880; x_wconf 93' lang='lat'>.·</span> <span class='ocrx_word' id='word_1_337' title='bbox 1261 2847 1323 2883; x_wconf 81' lang='lat' dir='ltr'>sic.</span> <span class='ocrx_word' id='word_1_338' title='bbox 1349 2868 1394 2871; x_wconf 87' lang='lat'><strong>—</strong></span> <span class='ocrx_word' id='word_1_339' title='bbox 1419 2856 1447 2889; x_wconf 74' lang='grc' dir='ltr'>ς.</span> <span class='ocrx_word' id='word_1_340' title='bbox 1467 2846 1536 2881; x_wconf 76' lang='lat' dir='ltr'>AC</span> <span class='ocrx_word' id='word_1_341' title='bbox 1554 2847 1710 2892; x_wconf 71' lang='lat' dir='ltr'>aioutent</span> <span class='ocrx_word' id='word_1_342' title='bbox 1728 2858 1811 2892; x_wconf 81' lang='lat' dir='ltr'>quae.</span> 
     </span>
     <span class='ocr_line' id='line_1_35' title="bbox 169 2906 1813 2954; baseline -0.002 -11"><span class='ocrx_word' id='word_1_343' title='bbox 169 2929 210 2934; x_wconf 90' lang='lat'>—</span> <span class='ocrx_word' id='word_1_344' title='bbox 232 2909 265 2943; x_wconf 91' lang='lat'>6.</span> <span class='ocrx_word' id='word_1_345' title='bbox 283 2909 350 2944; x_wconf 79' lang='lat' dir='ltr'>AC</span> <span class='ocrx_word' id='word_1_346' title='bbox 367 2922 378 2944; x_wconf 86' lang='grc'>.·</span> <span class='ocrx_word' id='word_1_347' title='bbox 396 2909 473 2943; x_wconf 75' lang='lat' dir='ltr'>hiis.</span> <span class='ocrx_word' id='word_1_348' title='bbox 491 2931 537 2934; x_wconf 89' lang='lat'><strong>—</strong></span> <span class='ocrx_word' id='word_1_349' title='bbox 558 2920 590 2954; x_wconf 90' lang='lat'>7.</span> <span class='ocrx_word' id='word_1_350' title='bbox 611 2908 678 2943; x_wconf 81' lang='lat' dir='ltr'>AC</span> <span class='ocrx_word' id='word_1_351' title='bbox 696 2921 705 2941; x_wconf 91' lang='lat'><em>:</em></span> <span class='ocrx_word' id='word_1_352' title='bbox 723 2920 771 2942; x_wconf 77' lang='lat' dir='ltr'>ac.</span> <span class='ocrx_word' id='word_1_353' title='bbox 793 2928 841 2933; x_wconf 92' lang='lat'>—</span> <span class='ocrx_word' id='word_1_354' title='bbox 866 2908 899 2942; x_wconf 84' lang='lat'>8.</span> <span class='ocrx_word' id='word_1_355' title='bbox 922 2908 973 2941; x_wconf 82' lang='lat' dir='ltr'>En</span> <span class='ocrx_word' id='word_1_356' title='bbox 997 2908 1034 2948; x_wconf 84' lang='grc' dir='ltr'>Β,</span> <span class='ocrx_word' id='word_1_357' title='bbox 1058 2915 1214 2953; x_wconf 79' lang='lat' dir='ltr'>grattage</span> <span class='ocrx_word' id='word_1_358' title='bbox 1234 2907 1292 2952; x_wconf 89' lang='lat' dir='ltr'>qui</span> <span class='ocrx_word' id='word_1_359' title='bbox 1314 2906 1370 2940; x_wconf 78' lang='lat' dir='ltr'>n&#39;a</span> <span class='ocrx_word' id='word_1_360' title='bbox 1388 2917 1448 2952; x_wconf 85' lang='lat' dir='ltr'>pas</span> <span class='ocrx_word' id='word_1_361' title='bbox 1468 2907 1522 2940; x_wconf 58' lang='lat' dir='ltr'>etc&#39;·</span> <span class='ocrx_word' id='word_1_362' title='bbox 1543 2906 1742 2952; x_wconf 66' lang='lat' dir='ltr'>surcliarge.</span> <span class='ocrx_word' id='word_1_363' title='bbox 1766 2927 1813 2931; x_wconf 91' lang='lat'>—</span> 
     </span>
     <span class='ocr_line' id='line_1_36' title="bbox 167 2966 1810 3015; baseline -0.003 -12"><span class='ocrx_word' id='word_1_364' title='bbox 167 2980 200 3013; x_wconf 83' lang='grc'>9.</span> <span class='ocrx_word' id='word_1_365' title='bbox 225 2969 253 3002; x_wconf 92' lang='grc' dir='ltr'><em>Β</em></span> <span class='ocrx_word' id='word_1_366' title='bbox 268 2969 386 3015; x_wconf 86' lang='lat' dir='ltr'>ajoute</span> <span class='ocrx_word' id='word_1_367' title='bbox 406 2970 464 3015; x_wconf 77' lang='lat' dir='ltr'>qui</span> <span class='ocrx_word' id='word_1_368' title='bbox 483 2970 620 3002; x_wconf 76' lang='lat' dir='ltr'>sinistre</span> <span class='ocrx_word' id='word_1_369' title='bbox 641 2969 764 3002; x_wconf 78' lang='lat' dir='ltr'>locutus</span> <span class='ocrx_word' id='word_1_370' title='bbox 776 2968 896 3013; x_wconf 71' lang='lat' dir='ltr'>fuerat</span> <span class='ocrx_word' id='word_1_371' title='bbox 921 2972 1035 3001; x_wconf 70' lang='lat' dir='ltr'>contra</span> <span class='ocrx_word' id='word_1_372' title='bbox 1055 2966 1179 3012; x_wconf 78' lang='lat' dir='ltr'>judices</span> <span class='ocrx_word' id='word_1_373' title='bbox 1199 2967 1258 3012; x_wconf 75' lang='lat' dir='ltr'>qui</span> <span class='ocrx_word' id='word_1_374' title='bbox 1271 2966 1504 3011; x_wconf 69' lang='lat' dir='ltr'>judicaverant</span> <span class='ocrx_word' id='word_1_375' title='bbox 1527 2966 1703 3012; x_wconf 77' lang='lat' dir='ltr'>praesatam</span> <span class='ocrx_word' id='word_1_376' title='bbox 1731 2978 1810 2999; x_wconf 79' lang='lat' dir='ltr'>mu-</span> 
     </span>
     <span class='ocr_line' id='line_1_37' title="bbox 167 3025 1812 3074; baseline -0.002 -11"><span class='ocrx_word' id='word_1_377' title='bbox 167 3029 296 3063; x_wconf 76' lang='lat' dir='ltr'>lierem.</span> <span class='ocrx_word' id='word_1_378' title='bbox 333 3030 360 3062; x_wconf 86' lang='grc' dir='ltr'><strong><em>Β</em></strong></span> <span class='ocrx_word' id='word_1_379' title='bbox 392 3038 491 3074; x_wconf 82' lang='lat' dir='ltr'>porte</span> <span class='ocrx_word' id='word_1_380' title='bbox 521 3041 565 3063; x_wconf 83' lang='lat' dir='ltr'>en</span> <span class='ocrx_word' id='word_1_381' title='bbox 593 3040 712 3073; x_wconf 73' lang='lat' dir='ltr'>marge</span> <span class='ocrx_word' id='word_1_382' title='bbox 739 3028 770 3062; x_wconf 85' lang='lat' dir='ltr'>la</span> <span class='ocrx_word' id='word_1_383' title='bbox 807 3027 906 3061; x_wconf 78' lang='lat' dir='ltr'>lettre</span> <span class='ocrx_word' id='word_1_384' title='bbox 930 3027 967 3060; x_wconf 86' lang='lat' dir='ltr'>B.</span> <span class='ocrx_word' id='word_1_385' title='bbox 1000 3047 1045 3050; x_wconf 85' lang='lat'>——</span> <span class='ocrx_word' id='word_1_386' title='bbox 1084 3037 1135 3060; x_wconf 92' lang='lat' dir='ltr'>1o.</span> <span class='ocrx_word' id='word_1_387' title='bbox 1159 3026 1186 3059; x_wconf 88' lang='lat' dir='ltr'><em>B</em></span> <span class='ocrx_word' id='word_1_388' title='bbox 1208 3038 1218 3059; x_wconf 89' lang='lat'>.·</span> <span class='ocrx_word' id='word_1_389' title='bbox 1246 3026 1286 3060; x_wconf 90' lang='lat' dir='ltr'>P.</span> <span class='ocrx_word' id='word_1_390' title='bbox 1311 3047 1357 3050; x_wconf 94' lang='lat'>—-</span> <span class='ocrx_word' id='word_1_391' title='bbox 1383 3037 1434 3059; x_wconf 85' lang='lat'>11.</span> <span class='ocrx_word' id='word_1_392' title='bbox 1455 3025 1543 3059; x_wconf 86' lang='lat' dir='ltr'>BC:</span> <span class='ocrx_word' id='word_1_393' title='bbox 1582 3026 1749 3070; x_wconf 76' lang='lat' dir='ltr'>magistri.</span> <span class='ocrx_word' id='word_1_394' title='bbox 1767 3047 1812 3049; x_wconf 88' lang='lat'>—</span> 
     </span>
    </p>
   </div>
   <div class='ocr_carea' id='block_1_9' title="bbox 127 3088 527 3137">
    <p class='ocr_par' dir='ltr' id='par_1_9' title="bbox 127 3088 527 3137">
     <span class='ocr_line' id='line_1_38' title="bbox 127 3088 527 3137; baseline -0.008 -14"><span class='ocrx_word' id='word_1_395' title='bbox 127 3124 135 3137; x_wconf 33' lang='lat' dir='ltr'>x</span> <span class='ocrx_word' id='word_1_396' title='bbox 176 3099 229 3123; x_wconf 82' lang='lat'>12.</span> <span class='ocrx_word' id='word_1_397' title='bbox 249 3089 279 3122; x_wconf 82' lang='lat' dir='ltr'><em>C</em></span> <span class='ocrx_word' id='word_1_398' title='bbox 297 3101 306 3123; x_wconf 93' lang='lat'>.·</span> <span class='ocrx_word' id='word_1_399' title='bbox 318 3088 527 3134; x_wconf 71' lang='lat' dir='ltr'>dependente,</span> 
     </span>
    </p>
   </div>
  </div>
 </body>
</html>
