2099 3356
365 205 523 248 PROCEs
556 218 613 249 DE
645 216 995 248 CONDAMNATloN
1031 218 1087 247 DE
1119 218 1285 258 JEANNE
1319 202 1445 247 D'ARC
1638 216 1717 259 255

85 335 181 378 quae
210 318 329 362 venit
360 316 411 361 ad
439 333 533 361 eam
557 315 684 360 habet
708 317 867 367 visum,
891 315 1048 360 scilicet
1075 315 1224 360 oculos
1247 315 1314 374 (et
1336 316 1417 361 hoc
1444 315 1585 393 eidem
1616 329 1730 374 pete·

85 401 222 455 batur,
239 402 341 459 quia
359 402 447 459 ipsa
466 410 474 426 ¹
502 400 701 456 Johanna
718 400 839 458 petiit
857 399 1011 443 habere
1034 401 1076 442 in
1093 401 1259 458 scriptis
1278 413 1436 458 puncta
1454 398 1505 443 ad
1525 416 1622 458 quae
1642 401 1730 458 ipsa

85 503 174 531 non
199 483 506 544 respondebat)
527 483 605 538 ;ad
626 482 745 542 quod
767 482 998 541 respondet
1018 500 1025 526 ε
1054 501 1074 523 «
1105 485 1196 528 Vos
1211 500 1302 529 non
1327 483 1535 528 habebitis
1553 492 1566 510 ²
1592 483 1733 528 adhuc

87 569 191 613 illud
208 569 423 627 »‚gallice‚
445 584 465 606 «
492 569 594 612 Vons
615 584 660 611 ne
678 568 821 623 l’czrez3
843 575 914 624 pas
934 583 1062 611 encore
1075 576 1106 611 ⁴.
1126 584 1145 608 »
1177 569 1286 612 Item
1301 567 1408 612 dixit
1427 567 1543 626 quod
1566 567 1732 612 dictum

85 669 315 711 parvorum
338 668 572 711 puerorum
594 664 657 696 est
677 650 794 709 quod
825 668 843 691 «
866 650 1098 710 aliquando
1119 664 1267 709 gentes
1284 651 1624 709 suspenduntur,
1656 667 1732 710 pro

86 736 270 781 dicendo
295 737 520 780 veritatem
550 754 588 778 ».

143 821 268 871 Item,
289 820 357 864 die
385 821 531 864 martis
559 831 654 877 post
676 818 986 871 Reminiscere‚
1017 833 1154 862 xxvn.
1185 817 1399 872 februarii,
1432 821 1636 877 requisita
1660 835 1734 878 per

89 921 184 958 nos,
201 905 451 962 episcopum
477 910 486 934 5
507 901 759 961 praedictum
783 901 816 955 ⁶,
841 900 893 945 de
906 901 1102 945 faciendo
1115 914 1155 945 et
1170 902 1409 960 praestando
1435 905 1734 961 juramentum

87 987 137 1032 de
162 988 228 1032 his
248 1004 345 1048 quae
368 999 591 1046 tangerent
608 1001 857 1044 processum
885 1002 892 1028 :
920 985 1140 1044 respondit
1162 986 1277 1044 quod
1302 986 1353 1031 de
1381 987 1447 1032 his
1469 1004 1565 1046 quae
1586 1001 1736 1046 tange-

87 1086 180 1117 rent
199 1088 447 1130 processum
474 1070 657 1115 libenter
682 1072 855 1127 juraret,
882 1082 923 1112 et
945 1086 1033 1114 non
1059 1068 1111 1114 de
1144 1070 1351 1115 omnibus
1385 1087 1482 1129 quae
1510 1074 1647 1116 sciret.
1681 1100 1736 1104 —
1774 1083 1778 1086 ·

86 1157 249 1200 Iterum
274 1172 354 1200 nos
381 1154 580 1200 eamdem
606 1154 913 1212 requisivimus
936 1167 1149 1211 quatenus
1177 1153 1229 1198 de
1256 1154 1462 1199 omnibus
1490 1173 1585 1214 quae
1612 1156 1662 1201 ab
1690 1174 1737 1201 ea

90 1252 338 1299 peterentur
355 1237 633 1297 responderet
649 1238 888 1281 veritatem.
910 1236 1157 1296 Respondet
1173 1251 1220 1281 ut
1233 1240 1363 1295 prius,
1382 1238 1588 1284 dicendo:
1610 1258 1630 1281 «
1649 1242 1737 1285 Vos

91 1322 253 1368 debetis
266 1339 354 1367 esse
367 1330 623 1367 contentus7
643 1339 653 1375 ;
672 1337 751 1378 ego
765 1323 863 1366 satis
881 1322 1031 1377 juravi.
1054 1336 1074 1359 >³
1092 1347 1149 1352 —
1172 1322 1281 1366 Item
1295 1321 1401 1366 dixit
1418 1323 1536 1381 quod
1551 1325 1602 1368 de
1617 1324 1681 1369 his
1702 1326 1734 1379 3,

92 1407 144 1452 de
171 1407 327 1466 quibus
356 1406 536 1451 habebat
559 1414 574 1439 ⁹
600 1405 821 1450 licentiam
845 1421 867 1449 a
891 1405 986 1450 Deo
1005 1404 1057 1448 de
1084 1405 1312 1450 revelando
1337 1423 1398 1461 ea,
1427 1406 1609 1452 libenter
1629 1408 1738 1452 dice-

94 1501 202 1536 ret¹⁰
224 1493 449 1535 veritatem
468 1508 479 1545 3
497 1489 570 1535 sed
590 1489 641 1534 de
657 1489 722 1533 his
737 1505 835 1548 quae
849 1502 1033 1547 tangunt
1051 1490 1334 1535 revelationes
1349 1504 1574 1549 tangentes
1595 1495 1738 1550 regem

89 1592 237 1629 suum,
267 1577 356 1633 ipsa
383 1591 474 1619 non
499 1574 609 1618 dicet
630 1590 679 1618 ea
696 1575 787 1618 sine
809 1573 981 1618 licentia
1001 1590 1089 1617 suae
1111 1575 1243 1618 vocis.
1266 1601 1325 1605 —
1351 1576 1477 1620 Dicta
1495 1575 1580 1628 die,
1607 1578 1739 1621 inter—

91 1673 234 1717 rogata
271 1672 421 1704 utrum
451 1671 607 1703 sanctae
635 1658 872 1702 Katharina
904 1670 945 1701 et
988 1658 1227 1715 Margareta
1258 1672 1362 1703 sunt
1392 1661 1556 1704 vestitae
1583 1661 1738 1705 eodem

94 1759 237 1801 panno
264 1761 272 1788 :
299 1742 529 1801 respondet
552 1760 560 1786 :
589 1759 608 1782 «
640 1743 729 1800 Ego
757 1758 847 1786 non
869 1741 1010 1786 dicam
1038 1741 1160 1786 vobis
1189 1742 1323 1787 modo
1341 1743 1457 1789 aliud
1489 1761 1528 1798 >),
1552 1758 1593 1789 et
1620 1745 1737 1803 quod

91 1827 144 1872 de
173 1828 254 1872 hoc
281 1826 512 1872 revelando
537 1842 625 1871 non
656 1825 784 1870 habet
810 1825 1055 1879 licentiam;
1085 1838 1152 1870 et:
1181 1846 1200 1869 ‹<
1228 1827 1271 1871 Si
1301 1844 1390 1872 non
1415 1828 1586 1873 creditis
1609 1829 1735 1884 mihi,

91 1911 253 1957 vadatis
289 1912 486 1955 Pictavis.
523 1927 543 1950 >›
581 1910 693 1954 Item
729 1908 835 1954 dixit
871 1908 990 1968 quod
1023 1923 1125 1954 sunt
1149 1910 1304 1969 aliquae
1335 1912 1616 1957 revelationes
1643 1930 1740 1972 quae

92 1995 257 2040 vadunt
288 1995 340 2040 ad
368 2011 514 2053 regern
548 2010 694 2048 suum,
730 2006 771 2038 et
807 2010 897 2038 non
929 1993 980 2038 ad
1009 2009 1081 2038 eos
1121 1995 1196 2052 qui
1228 2011 1323 2040 eam
1357 1997 1640 2055 interrogant.
1683 2024 1740 2029 —

92 2082 354 2137 Interrogata
384 2081 419 2123 si
446 2078 570 2123 dictae
599 2078 763 2122 Sanctae
790 2094 887 2136 quae
915 2078 952 2121 ei
988 2091 1194 2135 apparent
1217 2092 1320 2124 sunt
1342 2080 1536 2138 ejusdem
1564 2083 1700 2126 aetatis
1730 2100 1739 2126 ι

92 2163 321 2223 respondet
341 2162 459 2222 quod
482 2162 534 2207 de
558 2163 642 2207 hoc
664 2161 847 2206 dicendo
868 2178 957 2206 non
986 2161 1114 2206 habet
1137 2162 1371 2208 licentiam.
1396 2191 1452 2196 -
1478 2165 1742 2224 Interrogata

91 2250 125 2292 si
159 2249 259 2307 ipsae
295 2247 424 2292 simul
454 2247 712 2305 loquuntur,
740 2245 806 2290 vel
834 2262 920 2291 una
956 2260 1051 2304 post
1080 2246 1208 2291 aliam
1245 2265 1254 2292 :
1289 2248 1518 2307 respondet
1544 2250 1663 2308 quod
1691 2250 1742 2294 de

95 2333 176 2377 hoc
202 2331 385 2376 dicendo
410 2347 500 2375 non
525 2330 653 2375 habet
672 2330 918 2380 licentiam3
946 2342 986 2374 et
1014 2342 1158 2374 tamen
1183 2331 1381 2389 quotidie
1400 2341 1429 2358 ¹¹
1452 2332 1579 2378 habet
1602 2336 1743 2378 consi-

96 2416 204 2460 lium
231 2415 457 2460 ambarum
482 2414 653 2459 illarum
671 2422 717 2456 ¹2.
749 2439 808 2445 -—
827 2414 1092 2472 Interrogata
1119 2430 1218 2472 quae
1244 2415 1415 2461 illarum
1437 2416 1517 2461 sibi
1547 2420 1742 2476 apparuit

96 2501 236 2558 primo
262 2517 269 2543 z
299 2498 528 2556 respondet
554 2515 562 2542 :
590 2514 610 2538 «
635 2499 724 2556 Ego
753 2513 841 2541 non
865 2498 1051 2554 cognovi
1072 2513 1140 2542 eas
1164 2499 1221 2543 ita
1252 2500 1339 2543 cito
1364 2517 1414 2553 »;
1441 2514 1481 2544 et
1507 2501 1743 2560 aliquando

97 2583 202 2628 bene
226 2584 349 2628 scivit
373 2583 468 2636 hoc,
487 2581 560 2626 sed
584 2583 672 2640 ipsa
693 2580 827 2625 oblita
852 2593 915 2625 est
932 2598 942 2635 3
962 2594 1020 2634 et,
1038 2582 1072 2625 si
1094 2582 1324 2627 consilium
1348 2583 1500 2629 habeat
1526 2584 1578 2629 de
1599 2585 1744 2630 dicen-

95 2666 169 2720 do,
205 2669 294 2726 ipsa
318 2666 499 2711 libenter
526 2667 638 2711 dicet
659 2685 668 2719 ;
692 2679 733 2710 et
752 2665 835 2709 hoc
861 2677 923 2709 est
951 2666 995 2708 in
1028 2666 1221 2722 registro,
1251 2667 1447 2712 Pictavis.
1476 2695 1535 2701 —-
1558 2671 1744 2715 Interro-

92 2764 187 2808 gata
215 2752 258 2794 in
279 2766 365 2810 qua
390 2750 525 2808 figura
543 2762 629 2794 erat
662 2762 831 2793 sanctus
854 2748 1038 2792 Michael
1061 2751 1135 2807 qui
1154 2752 1352 2808 apparuit
1369 2751 1511 2797 eidem
1537 2770 1545 2797 :
1567 2770 1744 2812 respon-

152 2947 181 2969 1.
203 2935 268 2970 AC
290 2948 299 2970 :
319 2936 418 2971 dicta.
438 2957 485 2962 —
506 2945 538 2969 2.
562 2935 593 2969 A
618 2947 628 2968 .·
656 2934 790 2968 habetis.
825 2955 870 2959 -
902 2944 931 2978 3.
960 2933 995 2977 Q
1017 2945 1028 2968 .·
1049 2945 1138 2981 avez.
1164 2956 1211 2962 -—
1242 2947 1276 2979 4.
1309 2937 1340 2971 A
1380 2949 1389 2971 :
1418 2950 1562 2976 emtores,
1589 2959 1635 2967 —-
1659 2950 1689 2984 5.
1713 2940 1744 2973 Α

99 2995 216 3042 ajoute
234 2996 472 3030 Belzucensem.
490 3016 534 3019 —
549 2994 583 3029 6.
602 2994 632 3029 C
648 2994 766 3040 ajoute
782 2993 1018 3027 Belzuceusem.
1031 3014 1076 3019 —
1097 3005 1128 3040 7.
1150 2995 1246 3030 Lisez
1264 2998 1419 3032 contenti.
1431 3019 1464 3023 -
1485 2999 1521 3035 8,
1547 2999 1615 3033 AC
1634 3012 1643 3032 ,-
1661 3000 1744 3034 illis,

99 3076 144 3081 —
166 3066 198 3095 Q.
222 3055 253 3089 A
280 3055 444 3090 :habehit
473 3076 514 3080 -—
554 3064 609 3090 10.
637 3054 669 3088 A
703 3066 712 3087 .·
736 3053 829 3088 dicet.
850 3074 894 3077 -—
924 3064 976 3087 11.
1007 3053 1036 3087 A
1063 3066 1072 3087 .·
1100 3055 1260 3096 cothidie;
1283 3056 1313 3090 C
1337 3069 1346 3090 .·
1374 3057 1551 3102 qnolhizlie.
1580 3080 1617 3083 —
1641 3069 1693 3093 12.
1717 3059 1747 3093 C

102 3125 199 3149 oinct
223 3116 374 3148 illurmn.
