2099 3356
317 177 401 219 280
592 177 750 219 PRocizs
784 190 839 218 DE
872 189 1222 219 CONDAMNATION
1256 190 1312 219 DE
1342 190 1510 232 JEANNE
1542 175 1671 220 D'ARc

316 289 550 327 testationes
571 288 801 339 hujusmodi
828 287 911 326 fieri
935 296 1118 340 possunt.
1145 287 1216 326 His
1229 288 1583 339 protestationibus
1609 288 1840 342 praemissis,
1863 287 1959 328 deli-

315 359 551 398 beraverunt
575 358 725 411 praefati
741 359 923 398 doctores
939 367 976 398 et
1001 359 1177 411 magistri
1199 372 1244 397 ea
1267 372 1356 412 quae
1379 369 1601 412 sequuntur
1625 373 1633 397 t

372 447 390 466 «
417 431 598 469 Dicimus
628 430 752 483 quod,
776 430 963 483 qualitate
990 443 1187 483 personae,
1212 430 1343 479 dictis,
1374 430 1486 470 sactis
1509 431 1589 469 suis
1611 430 1823 485 modisque
1843 444 1962 484 appa—

316 503 508 540 ritionum
525 512 561 540 et
580 501 886 550 revelationum,
907 501 1001 550 fine,
1015 502 1179 540 materia
1193 502 1459 556 omniumque
1483 502 1766 554 praedictorum
1791 503 1961 542 circum-

317 574 468 612 stantiis
492 587 534 612 ac
556 573 746 611 omnibus
768 574 806 611 in
830 573 1029 626 praedictis
1053 573 1227 612 articulis
1249 583 1286 612 et
1308 586 1496 626 processu
1518 574 1733 622 contentis,
1751 573 1962 627 diligenter
1994 603 2005 607 ,

318 646 492 691 attentis,
508 644 660 683 collatis
678 645 850 683 invicem
868 654 905 683 et
920 645 1116 697 pensatis:
1133 645 1379 684 censendum
1398 654 1456 684 est
1473 645 1679 698 praedictas
1691 646 1960 699 apparitiones

316 726 353 754 et
368 716 647 763 revelationes,
666 730 762 770 quas
784 717 896 768 jactat
911 728 948 755 et
964 717 1099 755 asserit
1114 729 1154 755 se
1171 715 1355 755 habuisse
1377 730 1397 754 a
1414 718 1498 755 Deo
1519 730 1587 770 per
1601 716 1765 770 angelos
1785 726 1823 755 et
1840 717 1960 756 Sanc—

316 797 390 833 tas,
419 801 500 825 non
522 787 642 826 fuisse
665 801 686 825 a
711 788 796 826 Deo
823 801 891 840 per
909 787 1036 826 dictos
1055 787 1218 840 angelos
1239 797 1277 826 et
1304 787 1482 835 Sanctas,
1512 789 1594 827 imo
1619 789 1751 841 potius
1778 787 1966 828 fictione·

318 859 509 912 quasdam
535 869 540 884 ¹
575 860 806 898 humanitus
828 859 1075 905 adinventas,
1105 869 1172 898 aut
1189 873 1209 897 a
1231 859 1411 911 maligno
1436 860 1575 912 spiritu
1593 860 1833 913 processisse
1852 874 1861 908 ;
1889 873 1962 899 nec

319 931 365 969 ad
389 931 464 969 hoc
481 931 724 969 credendum
744 941 781 969 et
797 931 1003 970 sciendum
1018 931 1128 984 signa
1141 930 1374 969 sufficientia
1387 930 1571 970 habuisse
1592 945 1601 979 ;
1623 932 1662 970 in
1685 923 1964 984 praedictisque

319 1002 494 1041 articulis
515 1016 599 1040 esse
621 1012 658 1040 et
675 1003 871 1041 contineri
888 1003 1093 1041 mendacia
1111 1001 1279 1041 conficta
1297 1017 1306 1051 3
1327 1002 1458 1056 aliqua
1477 1016 1558 1041 non
1571 1002 1966 1049 verisimilia,leviter

321 1074 466 1112 credita
487 1075 534 1112 ab
550 1087 593 1112 ea
609 1089 618 1122 3
641 1074 936 1126 superstitiosas
948 1087 1109 1127 quoque
1127 1074 1394 1113 divinationes
1411 1088 1420 1122 3
1436 1074 1666 1113 scandalosa
1684 1084 1721 1113 et
1746 1074 1965 1127 irreligiosa

322 1145 419 1184 facta
440 1160 448 1194 3
464 1145 594 1197 aliqua
608 1145 710 1184 dicta
722 1146 944 1194 temeraria,
959 1154 1294 1198 praesumptuosa,
1310 1145 1427 1198 plena
1442 1146 1635 1198 jactantiis
1654 1159 1663 1193 ;
1678 1145 1965 1199 blasphemiam

323 1218 360 1254 in
381 1218 507 1254 Deum
532 1227 568 1255 ct
595 1217 778 1263 Sanctas;
807 1217 1051 1269 impietatem
1073 1230 1163 1270 erga
1184 1227 1365 1270 parentes
1385 1232 1394 1265 ;
1414 1216 1546 1270 aliqua
1564 1230 1646 1256 non
1665 1230 1842 1256 consona
1862 1231 1966 1270 prae-

322 1298 439 1340 cepto
482 1289 529 1327 de
561 1288 777 1327 dilectione
814 1289 1012 1341 proximi3
1045 1288 1265 1328 idolatriam
1299 1299 1380 1336 aut,
1413 1289 1459 1328 ad
1498 1289 1646 1335 minus,
1676 1288 1964 1328 confictionem

324 1360 559 1398 mendosam
587 1375 596 1407 ;
621 1360 871 1398 schismatica
888 1360 935 1399 de
951 1361 1118 1408 unitate,
1132 1362 1363 1399 auctoritate
1380 1370 1417 1399 et
1429 1369 1623 1414 potestate
1639 1360 1847 1409 Ecclesiae3
1862 1360 1965 1399 male

324 1432 531 1484 sapientia,
558 1445 599 1469 ac
637 1431 683 1469 de
721 1431 860 1470 ham-esi
883 1432 1141 1471 vehementer
1172 1441 1366 1484 suspecta.
1401 1433 1449 1470 Et
1473 1431 1639 1471 credens
1669 1432 1777 1485 quod
1812 1431 1867 1470 illi
1898 1432 1966 1485 qui

323 1512 590 1555 apparuerunt
615 1503 693 1541 sint
715 1512 871 1542 sanctus
889 1503 1076 1551 Michael,
1095 1513 1239 1542 sanctae
1261 1503 1475 1542 Katharina
1493 1513 1530 1542 et
1543 1504 1777 1556 Margareta‚
1801 1513 1838 1542 et
1857 1503 1965 1556 quod

325 1575 427 1613 dicta
453 1587 592 1623 eorum
615 1583 652 1612 et
672 1573 771 1612 facta
797 1584 888 1613 sunt
913 1574 1032 1621 bona,
1057 1588 1170 1628 acque
1192 1574 1357 1613 firmiter
1381 1575 1481 1613 sicut
1501 1575 1624 1613 credit
1647 1574 1767 1613 fidem
1790 1575 1968 1613 christia-

325 1660 430 1693 nam,
461 1647 639 1685 habenda
671 1655 727 1685 est
755 1655 937 1699 suspecta
962 1646 1009 1685 de
1037 1659 1169 1686 errore
1193 1656 1205 1672 2
1236 1647 1274 1685 in
1303 1646 1404 1695 fide3
1437 1647 1545 1700 quia,
1578 1646 1609 1685 si
1636 1645 1830 1699 intelligat
1857 1646 1966 1700 quod

325 1718 480 1756 articuli
497 1717 588 1756 fidei
602 1731 682 1756 non
705 1719 781 1756 sint
798 1717 948 1756 firmius
964 1718 1151 1756 credendi
1167 1732 1286 1771 quam
1308 1718 1416 1771 quod
1437 1717 1509 1765 illi,
1533 1730 1632 1771 quos
1652 1717 1747 1756 dicit
1759 1717 1832 1756 sibi
1845 1730 1970 1770 appa—

327 1790 467 1837 ruisse,
498 1790 576 1828 sint
609 1799 767 1827 sanctus
790 1789 959 1828 Michael
993 1799 1031 1828 et
1055 1800 1200 1828 sanctae
1229 1790 1442 1828 Katharina
1466 1798 1504 1828 et
1542 1790 1776 1841 Margareta‚
1800 1798 1837 1827 et
1861 1788 1968 1842 quod

327 1862 431 1900 dicta
462 1875 601 1900 eorum
631 1872 667 1900 et
700 1860 800 1900 facta
828 1871 919 1899 sunt
942 1861 1058 1909 bona,
1086 1870 1186 1899 errat
1215 1861 1253 1899 in
1277 1860 1368 1900 fide.
1404 1861 1544 1900 Dicere
1565 1861 1684 1899 etiam
1705 1860 1813 1913 quod
1834 1860 1970 1899 omnia

328 1943 514 1971 contenta
534 1934 572 1971 in
596 1934 737 1986 quinto
759 1933 942 1979 articulo,
957 1932 1201 1971 includendo
1213 1933 1330 1971 etiam
1355 1931 1452 1970 illud
1477 1931 1586 1985 quod
1604 1933 1642 1970 in
1660 1932 1791 1985 primo
1802 1931 1970 1970 articulo

328 2005 504 2057 positum
523 2015 594 2051 est,
619 2005 665 2043 dc
695 2018 775 2042 non
803 2005 1034 2057 recipiendo
1054 2014 1345 2043 sacramentum
1368 2004 1618 2042 eucharistiae
1643 2004 1682 2042 in
1704 2013 1886 2056 tempore
1907 2016 1970 2041 or-

329 2076 464 2114 dinato
489 2090 557 2128 per
579 2075 813 2122 Ecclesiam,
836 2077 919 2128 ipsa
941 2075 1041 2114 bene
1064 2075 1215 2122 fecerit,
1239 2085 1276 2114 et
1300 2075 1407 2128 quod
1430 2075 1566 2113 omnia
1590 2074 1813 2127 supradicta
1837 2074 1972 2113 fecerit

330 2148 580 2186 demandato
605 2148 693 2194 Dei,
720 2157 778 2185 est
802 2146 1047 2199 blasphemia
1069 2148 1107 2184 in
1132 2148 1261 2185 Deum
1293 2155 1330 2185 et
1360 2160 1468 2185 error
1490 2146 1531 2184 in
1547 2145 1639 2185 fide.
1668 2161 1687 2182 »

386 2236 403 2254 «
435 2220 491 2257 Dc
516 2218 660 2271 quibus
689 2219 918 2270 praemissis,
949 2218 1044 2257 dicti
1072 2218 1256 2257 doctores
1290 2227 1328 2256 et
1357 2217 1535 2270 magistri
1560 2218 1759 2269 petierunt
1785 2230 1805 2255 a
1837 2216 1969 2264 nobis,

332 2290 494 2328 notariis
523 2288 709 2342 publicis,
744 2299 780 2327 et
814 2289 989 2327 dominis
1014 2288 1210 2341 judicibus
1235 2287 1406 2341 praefatis
1438 2301 1506 2341 per
1533 2302 1606 2326 nos
1632 2287 1730 2327 tradi
1756 2286 1974 2326 voluerunt

331 2362 638 2400 instrumentum
663 2360 884 2413 publicum.
911 2363 1007 2399 Acta
1028 2359 1188 2398 fuerunt
1211 2360 1295 2398 baec
1312 2361 1350 2398 in
1373 2359 1552 2413 cappella
1571 2360 1735 2398 manerii
1760 2359 1972 2412 archiepis-

329 2432 480 2485 copalis
512 2432 862 2484 Rothomagensis,
893 2431 963 2469 sub
991 2445 1113 2478 anno,
1141 2431 1375 2478 indictione,
1405 2444 1554 2479 mense,
1578 2430 1641 2469 die
1671 2440 1709 2469 et
1737 2429 1971 2483 pontificatu

330 2504 544 2556 praedictis,
566 2502 826 2555 praesemibus
847 2502 893 2540 ad
917 2503 1002 2541 haec
1018 2502 1197 2541 discretis
1220 2503 1311 2541 viris
1327 2502 1518 2550 dominis,
1542 2502 1727 2551 johanne
1746 2502 1793 2540 de
1813 2502 1923 2554 Haya
1935 2511 1974 2540 et

331 2576 512 2623 johanne
533 2577 703 2622 Baretou,
730 2574 967 2627 presbyteris
992 2576 1032 2612 in
1055 2574 1221 2613 ecclesia
1242 2575 1558 2627 Rothomagensi
1592 2573 1850 2620 beneficiatis,
1866 2573 1974 2612 testi-

334 2646 405 2684 bus
427 2647 473 2684 ad
496 2647 699 2698 praemissa
724 2647 873 2685 vocatis
891 2656 928 2685 et
953 2647 1119 2698 rogatiS.
1161 2663 1178 2681 >›

388 2717 451 2756 Sic
477 2718 675 2769 signatum
704 2732 711 2755 ε

389 2804 407 2823 ‹<
432 2789 478 2826 Et
493 2802 568 2840 ego
590 2788 831 2827 Gnillelmus
843 2788 1045 2835 Manchon,
1060 2787 1264 2842 presbyter
1276 2788 1612 2841 Rothomagensis
1628 2787 1829 2835 dioecesis,
1843 2785 1972 2839 publi-

334 2872 402 2897 cus
438 2858 656 2911 apostolica
696 2869 733 2897 et
779 2859 972 2911 imperiali
1009 2860 1325 2905 auctoritatibus,
1373 2859 1573 2911 curiaeque
1623 2856 1972 2910 archiepiscopalis

388 3084 414 3105 ι.
439 3072 468 3106 C
489 3085 498 3106 .·
519 3073 684 3117 quasdem.
708 3067 752 3097 ’-
775 3083 805 3106 2.
828 3073 858 3105 A
875 3082 907 3106 et
925 3073 959 3116 Q
977 3085 987 3106 .·
1005 3084 1129 3106 errare.

2052 541 2086 1064 thfffl'2m*f²wffl⁴b'd-
2059 503 2078 528 '4
2059 470 2069 486 .·,
2063 451 2071 458 x
2058 411 2070 438 ἰ.
2059 388 2066 394 a
2056 367 2065 371 ι
2055 315 2069 334 ;,
2055 274 2061 292 .<

2066 1109 2085 1185 ¹⁴†0.0-
2067 1096 2076 1103 ¹
2064 1068 2088 1087 fi-

2067 1187 2083 1211 (ἶ

2074 2184 2080 2190 .
2068 2149 2085 2174 ee
2070 2088 2086 2133 ,κη
2070 1976 2084 2082 (εί-«μυ

2067 2551 2086 2698 annam-⁴:39
2059 2329 2092 2543 ἣιῆὸῃὰξῃωσ
2075 2305 2086 2319 ,.
2077 2291 2079 2294 Α
2072 2244 2086 2254 ,-
2066 2195 2082 2232 v-‘s
