2099 3356
317 218 395 248 122
592 203 751 248 PRoc'Es
783 218 839 248 DE
871 218 1222 250 coNoAMNATroN
1256 218 1312 247 DE
1343 219 1509 260 JEANNE
1545 205 1669 249 D'ARc

370 318 633 376 Interrogata
653 333 706 362 an
729 333 854 362 voces
871 333 959 362 suae
986 328 1139 376 petunt
1162 318 1240 361 sibi
1268 317 1522 362 dilationem
1544 317 1595 362 de
1615 317 1918 376 respondendo
1943 333 1971 363 ε.

313 401 533 461 respondit
557 401 673 460 quod
701 414 843 446 sancta
865 401 1099 446 Katharina
1120 410 1129 428 ¹
1157 400 1392 460 aliquando
1423 401 1502 445 sibi
1535 401 1780 460 respondet,
1804 414 1846 446 et
1877 403 1950 446 ali-

313 485 488 545 quando
509 484 659 529 eadem
673 485 873 542 Johanna
893 485 1037 529 deficit
1064 486 1108 529 in
1137 484 1438 543 intelligendo,
1456 497 1632 543 propter
1657 485 1951 530 turbationem

313 584 528 613 carcerum
551 580 591 612 et
607 584 679 627 per
698 568 914 613 tumultus
927 567 1159 613 custodum
1180 584 1377 613 suorum.
1398 569 1449 612 Et
1470 567 1647 627 quando
1665 568 1763 613 facit
1783 584 1953 627 reques-

312 666 399 697 tam
426 664 580 696 sanctae
606 652 867 706 Katharinae‚
898 664 1001 696 tunc
1022 653 1109 711 ipsa
1137 663 1280 696 sancta
1300 660 1313 677 ²
1340 652 1574 696 Katharina
1611 661 1680 696 et³
1720 654 1953 711 Margareta

314 736 476 780 faciunt
502 747 746 794 requestam
774 737 885 790 Deo,
907 749 948 780 et
978 735 1195 794 deinceps,
1208 735 1260 779 de
1282 747 1495 794 praecepto
1521 736 1616 790 Dei,
1642 733 1744 780 dant
1772 751 1952 794 respon—

314 836 408 864 sum
439 818 579 863 eidem
606 819 832 876 Johannae.

375 903 637 961 Interrogata
668 916 833 957 utrum,
852 902 1028 962 quando
1057 903 1139 947 illae
1182 903 1344 947 Sanctae
1371 886 1555 947 Qeniunt
1578 901 1629 947 ad
1664 904 1819 962 ipsam,
1845 905 1957 948 sitne

313 987 461 1030 lumen
483 1003 583 1031 cum
606 988 721 1044 ipsis,
745 999 786 1030 et
813 998 959 1030 utrum
984 986 1192 1030 videritne
1215 986 1362 1030 lumen
1387 986 1456 1030 illa
1485 987 1575 1030 vice
1595 985 1772 1044 quando
1792 986 1955 1031 audivit

313 1071 356 1114 in
386 1083 520 1114 castro
543 1086 712 1124 vocem,
742 1072 934 1114 nesciens
960 1087 1013 1114 an
1039 1083 1144 1114 esset
1182 1071 1224 1113 in
1258 1085 1424 1113 camera
1453 1086 1528 1114 sua
1558 1087 1565 1112 :
1591 1069 1812 1128 respondit
1835 1069 1953 1128 quod

316 1170 404 1198 non
428 1165 489 1197 est
510 1153 598 1198 dies
637 1155 742 1212 quin
767 1155 939 1197 veniant
982 1152 1033 1197 ad
1083 1155 1223 1211 ipsum
1262 1165 1464 1207 castrum,
1509 1167 1586 1197 nec
1642 1154 1823 1197 veniunt
1861 1154 1954 1198 sine

316 1237 499 1282 lumine.
531 1238 580 1281 Et
608 1237 658 1282 de
682 1238 749 1281 illa
782 1253 886 1281 voce
910 1247 925 1270 ⁴
965 1237 1016 1281 de
1040 1253 1123 1295 qua
1169 1238 1387 1295 quaerstur,
1421 1251 1509 1280 non
1535 1235 1779 1280 recordatur
1801 1249 1953 1281 utrum

317 1320 469 1365 viderit
491 1322 656 1372 lumen,
708 1336 785 1365 nec
805 1322 932 1365 etiam
961 1333 1108 1364 utrum
1137 1318 1289 1364 viderit
1308 1332 1497 1364 sanctam
1524 1320 1823 1364 Katharinam.
1842 1321 1950 1364 Item

315 1404 417 1448 dicit
450 1403 567 1463 quod
605 1406 755 1463 petivit
782 1421 802 1448 a
834 1404 1010 1448 vocibus
1033 1405 1120 1448 suis
1148 1406 1223 1448 tria
1256 1421 1263 1447 :
1294 1419 1434 1448 unum
1471 1403 1550 1447 fuit
1581 1419 1657 1448 sua
1697 1402 1949 1462 expediti03

314 1489 494 1532 alterum
522 1487 601 1532 fuit
620 1488 737 1547 quod
755 1490 871 1532 Deus
892 1488 1111 1545 adjuvaret
1138 1488 1324 1532 Gallicos
1345 1499 1387 1531 et
1414 1487 1522 1531 bene
1552 1500 1735 1531 servaret
1755 1487 1876 1531 villas
1899 1487 1953 1532 de

313 1571 557 1616 obedientia
582 1574 774 1630 ipsorum
798 1589 808 1626 ;
839 1584 879 1616 et
899 1573 1074 1616 tertium
1102 1571 1181 1615 fuit
1199 1571 1311 1615 salus
1329 1573 1485 1615 animae
1512 1586 1615 1615 suae.
1640 1572 1748 1615 Item
1775 1572 1952 1630 requisi-

369 1810 622 1863 Interroguee
645 1823 683 1848 se
710 1823 768 1848 ses
788 1809 877 1848 voix
901 1807 969 1862 lu}v
987 1808 1412 1848 demandentdilacion
1437 1808 1484 1847 de
1509 1809 1724 1862 res-pondre
1749 1823 1757 1847 :
1780 1774 1950 1862 respbnd

313 1896 388 1935 que
414 1883 560 1921 saincte
582 1881 796 1920 Katherine
818 1881 885 1934 luy
917 1880 1089 1935 respond
1111 1881 1128 1920 a
1148 1879 1182 1919 la
1205 1880 1280 1919 fois
1308 1896 1316 1929 ;
1353 1891 1390 1919 et
1407 1880 1661 1920 aucunesfois
1680 1880 1777 1921 fault
1811 1881 1952 1921 ladicte

308 1954 487 2003 Jehanne
513 1954 530 1992 a
547 1953 751 2000 entendre,
775 1966 876 2006 pour
912 1953 946 1992 la
968 1951 1174 1992 turbacion
1201 1953 1268 1991 des
1288 1953 1444 2005 prisons
1470 1960 1495 1999 5,
1514 1961 1551 1991 et
1573 1966 1640 2006 par
1661 1952 1716 1991 les
1742 1954 1874 1992 noises
1905 1953 1953 1992 de

312 2039 371 2064 ses
387 2027 524 2078 gardes
550 2040 558 2073 3
579 2034 750 2078 etquant
772 2024 846 2064 elle
866 2023 934 2063 fait
954 2033 1134 2078 requeste
1157 2024 1175 2062 a
1199 2024 1345 2063 saincte
1366 2024 1595 2073 Karberine,
1622 2033 1659 2063 ct
1680 2034 1857 2064 tantoust
1877 2025 1952 2064 elle

310 2107 346 2135 et
380 2098 527 2135 saincte
569 2097 807 2149 Mai-guerite
824 2095 910 2135 font
931 2105 1111 2146 requeste
1146 2095 1165 2134 a
1209 2104 1340 2134 nostre
1359 2095 1566 2149 Seigneur‚
1590 2105 1627 2134 et
1649 2097 1736 2149 puis
1763 2096 1814 2135 du
1839 2109 1952 2136 com-

311 2157 566 2206 mandement
588 2169 633 2206 de
652 2178 786 2206 nostre
813 2168 1007 2220 Seigneur
1026 2167 1204 2206 donnent
1226 2179 1418 2220 responce
1441 2167 1461 2205 a
1482 2166 1624 2206 ladicte
1641 2168 1833 2216 Jehanne.

364 2240 634 2292 Interroguee‚
656 2239 787 2292 quand
810 2238 905 2277 elles
927 2238 1132 2285 viennent,
1166 2238 1224 2277 s'il
1241 2251 1266 2291 y
1288 2251 1307 2277 a
1330 2237 1497 2277 lumiere
1522 2252 1615 2278 avec
1647 2238 1757 2287 elles,
1781 2249 1819 2278 et
1843 2239 1950 2279 s’elle
1977 2231 1981 2235 ⁴

310 2312 363 2350 vit
390 2311 502 2363 point
518 2310 564 2349 de
587 2310 769 2358 lumiere,
791 2319 913 2364 quant
929 2310 1003 2349 elle
1026 2318 1094 2362 oyt
1111 2323 1158 2349 eu
1181 2309 1329 2348 chastel
1355 2309 1388 2348 la
1410 2310 1519 2357 voix,
1535 2320 1571 2348 et
1597 2323 1645 2349 ne
1672 2311 1822 2358 scavoit
1844 2310 1951 2350 s’elle

310 2384 426 2421 estoit
458 2397 504 2421 en
538 2382 571 2420 la
596 2380 782 2420 chambre
817 2396 823 2419 :
865 2381 1035 2434 respond
1064 2380 1159 2434 qu'il
1186 2380 1285 2420 n’est
1303 2381 1392 2433 jour
1408 2380 1524 2434 qu’ilz
1545 2394 1593 2420 ne
1615 2382 1808 2421 viennent
1828 2395 1875 2421 en
1907 2395 1950 2421 ce

309 2453 454 2492 chastel
482 2463 547 2500 ;et
567 2454 613 2500 si,
638 2467 686 2492 ne
711 2454 902 2492 viennent
927 2453 1041 2506 point
1073 2466 1160 2491 sans
1186 2452 1351 2491 lumiere
1379 2467 1387 2500 3
1424 2462 1461 2491 et
1498 2452 1544 2491 de
1569 2452 1667 2492 celle
1706 2452 1782 2491 fois
1825 2463 1895 2507 oyt
1915 2453 1949 2493 la

308 2525 417 2573 voix,
445 2525 541 2563 mais
559 2524 619 2563 n'a
638 2525 753 2578 point
779 2525 970 2563 memoire
993 2523 1099 2563 s'ellc
1124 2524 1180 2563 vit
1204 2523 1385 2571 lumiere‚
1410 2533 1447 2563 et
1472 2525 1575 2563 aussi
1597 2523 1705 2563 s'elle
1724 2525 1779 2563 vit
1803 2526 1950 2564 saincte

313 2590 539 2629 Katherine.

363 2663 454 2700 Item
478 2662 533 2700 dit
552 2661 694 2715 qu'elle
712 2675 731 2699 a
755 2661 951 2700 demande
991 2661 1010 2699 a
1051 2674 1110 2700 ses
1131 2660 1225 2699 voix
1253 2661 1350 2726 trois
1369 2661 1510 2700 choses
1535 2674 1542 2700 :
1567 2660 1671 2700 l'une
1697 2674 1768 2700 son
1791 2661 1950 2714 expedi·

309 2733 423 2780 cion3
451 2731 586 2771 l’autre
611 2745 688 2786 que
712 2733 813 2771 Dieu
833 2731 918 2770 aide
938 2745 1012 2770 aux
1035 2732 1234 2780 Francois,
1258 2742 1294 2771 et
1316 2732 1434 2786 garde
1459 2732 1550 2771 bien
1576 2732 1632 2771 les
1656 2730 1769 2771 villes
1794 2732 1840 2771 de
1864 2731 1949 2772 leur

305 2803 540 2849 obeissance
566 2813 627 2851 ;et
658 2803 793 2842 l'autre
814 2803 848 2842 le
875 2803 974 2841 salut
993 2803 1040 2841 de
1059 2816 1131 2841 son
1153 2803 1253 2842 ame.

362 3053 388 3075 1.
419 3042 464 3075 La
486 3041 601 3075 forme
622 3035 807 3075 Ix'athe.⁷·‘izm
826 3050 875 3076 est
896 3051 1077 3076 constante
1095 3053 1137 3075 en
1157 3042 1202 3075 A.
1228 3063 1271 3066 —
1288 3052 1320 3076 2.
1347 3042 1379 3086 Q
1394 3052 1492 3076 omet
1509 3047 1632 3076 sancta.
1654 3063 1699 3066 —
1722 3052 1751 3086 3.
1774 3042 1805 3075 A
1827 3041 1944 3087 ajoute

307 3105 431 3134 sam-ta.
447 3090 491 3125 -ss
506 3111 539 3143 4.
566 3100 633 3135 AC
654 3113 663 3134 .·
684 3102 764 3135 vice.
785 3121 831 3126 —
853 3111 882 3143 5.
903 3101 971 3134 Ms.
997 3113 1005 3134 .·
1022 3107 1206 3147 persormes.
