2099 3356
329 206 411 248 372
594 190 751 234 PRoc'Es
796 204 853 232 DE
896 203 1247 233 coNDAMNArloN
1282 203 1337 232 DE
1368 203 1534 245 JEANNE
1568 189 1696 234 D’ARC

324 303 588 347 Ysambardo
631 301 682 345 de
707 303 845 355 Petra,
872 317 973 345 cum
1016 300 1276 359 quibusdam
1309 301 1401 345 aliis
1427 319 1438 356 3
1465 303 1720 346 accessimus
1749 301 1800 345 ad.
1821 302 1967 346 locum

321 389 495 431 carceris
523 387 565 429 in
594 401 682 444 quo
704 398 888 444 protunc
911 384 1023 429 dicta
1048 384 1247 440 Johanna
1264 384 1422 440 aderat,
1445 385 1612 445 sibique
1640 401 1714 444 per
1732 401 1811 429 nos
1832 398 1873 430 et
1893 401 1968 444 per

320 472 560 515 assistentes
587 469 668 513 fuit
689 470 934 527 expositum
957 468 1140 527 qualiter
1158 469 1276 513 Deus
1294 469 1373 512 sibi
1393 469 1468 512 illo
1489 468 1557 513 die
1576 484 1780 527 magnam
1797 469 1968 513 miseri-

321 553 510 598 cordiam
537 562 545 579 ¹
570 552 738 606 fecerat,
772 567 817 595 ac
839 553 967 596 etiam
993 553 1072 595 viri
1095 551 1361 596 ecclesiastici
1394 568 1594 610 magnam
1624 551 1967 597 misericordiam

321 653 466 681 secum
488 648 677 695 egerant,
697 635 941 693 recipiendo
957 637 1092 694 ipsam
1107 635 1158 680 ad
1181 637 1360 694 gratiam
1385 648 1426 679 et
1453 635 1792 680 misericordiam
1809 648 1966 680 sanctae

324 721 469 764 matris
485 720 679 763 Ecclesiae
704 737 715 773 ;
734 732 907 778 propter
920 735 1017 778 quae
1034 728 1047 744 ²
1070 718 1295 778 oportebat
1319 720 1453 777 ipsam
1476 719 1722 775 Johannam
1743 719 1969 764 humiliter

323 820 465 862 parere
501 816 542 846 et
583 803 758 847 obedire
794 804 1019 847 sententiae
1056 815 1097 846 et
1132 801 1432 847 ordinationi3
1472 801 1668 860 judicum
1697 815 1737 846 et
1772 804 1966 847 virorum

322 887 722 941 ecclesiasticorum,
762 902 949 945 suosque
967 902 1130 930 errores
1154 898 1195 930 et
1219 902 1316 930 suas
1340 885 1670 930 adinventiones
1696 887 1894 945 pristinas
1918 902 1969 929 ex

321 984 415 1015 toto
456 971 696 1029 relinquere
724 983 763 1014 et
789 970 1035 1014 nullatenus
1055 969 1106 1014 ad
1147 970 1243 1014 illos
1275 969 1410 1014 redire
1436 987 1444 1013 ε
1479 969 1738 1029 exponendo
1763 971 1801 1014 ei
1830 970 1966 1028 quod,

319 1071 417 1098 casu
435 1070 522 1113 quo
548 1067 831 1098 reverteretur
851 1053 901 1098 ad
925 1053 1037 1107 talia,
1067 1053 1118 1097 de
1133 1066 1287 1098 caetero
1302 1053 1490 1112 amplius
1511 1053 1694 1100 Ecclesia
1723 1055 1859 1112 ipsam
1875 1069 1965 1097 non

320 1140 542 1196 reciperet,
564 1137 636 1182 sed
658 1154 708 1182 ex
733 1151 828 1181 toto
850 1137 1128 1195 relinqueret.
1161 1138 1367 1181 Praeterea
1394 1135 1535 1181 eidem
1552 1137 1717 1181 dictum
1742 1136 1823 1181 fuit
1848 1135 1966 1196 quod

318 1234 456 1266 vestes
482 1222 624 1265 viriles
663 1221 897 1266 dimitteret
931 1234 972 1264 et
1006 1220 1237 1265 muliebres
1277 1222 1500 1279 acciperet,
1548 1233 1676 1279 prout
1713 1219 1854 1265 eidem
1891 1236 1966 1279 per

320 1305 551 1349 Ecclesiam
577 1305 712 1349 fuerat
737 1304 1006 1349 ordinatum.

381 1391 494 1443 Quae
533 1387 711 1448 quidem
753 1388 953 1444 Jolianna
999 1387 1221 1446 respondit
1256 1386 1374 1445 quod
1419 1387 1601 1431 libenter
1641 1389 1751 1446 ipsas
1789 1400 1926 1432 vestes
1950 1397 1966 1421 4

322 1473 551 1517 muliebres
571 1474 777 1531 acciperet
792 1485 832 1516 et
861 1489 933 1530 per
947 1484 1100 1515 cuncta
1126 1473 1227 1515 viris
1247 1471 1538 1515 ecclesiasticis
1559 1484 1722 1530 pareret
1755 1485 1795 1516 et
1816 1470 1966 1516 obedi-

321 1569 398 1601 ret.
415 1558 613 1615 Ipsasque
625 1569 762 1600 vestes
781 1555 1009 1600 muliebres
1024 1555 1102 1599 sibi
1119 1554 1294 1605 oblatas,
1313 1555 1426 1599 illico
1441 1554 1645 1613 depositis
1665 1554 1853 1599 vestibus
1869 1556 1968 1598 viri-

319 1641 445 1694 libus,
486 1640 642 1693 induit,
668 1653 796 1698 atque
822 1641 994 1697 insuper
1014 1638 1205 1698 capillos,
1234 1655 1343 1697 quos
1369 1640 1412 1682 in
1441 1637 1681 1682 rotundum
1716 1652 1866 1684 tonsos
1890 1654 1963 1696 per

316 1727 432 1783 prius
462 1724 654 1778 habebat,
681 1723 824 1768 abradi
843 1736 883 1767 et
907 1723 1068 1782 deponi
1096 1722 1235 1766 voluit
1259 1736 1300 1766 et
1324 1724 1533 1782 permisit.

317 1986 540 2027 ecclesiastici
556 1986 603 2025 ad
623 2000 700 2025 eam
722 1989 957 2032 accesserunt,
979 1984 1119 2038 sibique
1139 1988 1379 2038 exposuerunt
1402 1984 1563 2038 qualiter
1583 1984 1767 2024 Dominus
1792 1989 1909 2024 noster
1931 1988 1963 2023 et

317 2059 391 2097 viri
413 2058 636 2098 ecclesiastici
651 2058 816 2111 gratiam
839 2070 1013 2110 magnam
1035 2055 1149 2095 eidem
1171 2055 1353 2105 Johannae
1382 2055 1450 2094 illa
1473 2056 1529 2094 die
1553 2055 1735 2108 fecerant,
1760 2056 1959 2110 recipiendo

320 2131 433 2184 ipsam
458 2130 505 2169 ad
523 2130 687 2183 gratiam
708 2134 739 2168 et
759 2127 1042 2167 misericordiam
1064 2132 1196 2166 sanctae
1218 2127 1348 2166 matris
1372 2127 1540 2166 Ecclesiae
1552 2141 1566 2174 ;
1591 2132 1623 2166 et
1640 2132 1829 2181 propterea
1862 2134 1965 2180 opor-

320 2201 412 2240 tebat
436 2202 550 2256 ipsam
567 2201 774 2250 johannam
794 2199 985 2239 humiliter
999 2205 1129 2253 parere
1148 2203 1179 2237 et
1201 2198 1342 2237 obedire
1355 2199 1539 2238 sententiae
1552 2203 1584 2237 et
1602 2199 1829 2238 ordinationi
1843 2198 1964 2238 domi-

320 2288 450 2312 norum
475 2273 645 2326 judicum
673 2277 703 2311 et
733 2272 901 2310 virorum
928 2270 1244 2310 ecclesiasticorum
1269 2275 1379 2324 atque
1404 2275 1514 2309 vestes
1539 2270 1731 2310 muliebres
1765 2284 1960 2319 resumere,

315 2350 423 2399 prout
439 2345 567 2398 fuerat
588 2343 786 2382 ab'cisdem
809 2342 966 2381 dominis
984 2342 1171 2395 judicibus
1192 2341 1406 2380 ordinatum
1430 2347 1461 2380 et
1480 2347 1588 2381 vestes
1617 2341 1743 2381 viriles
1761 2342 1959 2390 dimittere,

318 2416 544 2470 qua’quiclem
574 2425 582 2449 5
605 2420 714 2454 vestes
739 2414 932 2453 muliebres
949 2413 1061 2452 eidem
1079 2413 1259 2462 Johannae
1277 2412 1405 2452 oblata>
1425 2414 1441 2440 ⁶
1452 2413 1614 2466 fuerunt
1629 2428 1642 2460 ,·
1673 2427 1762 2467 quas
1782 2423 1796 2448 7
1817 2413 1957 2461 videns,

314 2487 409 2526 dicta
424 2487 595 2536 johanna
619 2487 711 2526 dixit
729 2485 823 2539 quoa⁷
847 2485 999 2524 libenter
1021 2490 1053 2523 et
1079 2484 1282 2537 benigniter
1305 2485 1398 2538 ipsas
1421 2486 1435 2511 8
1455 2490 1563 2524 vestes
1578 2484 1772 2524 muliebres
1790 2486 1961 2538 acciperet

315 2565 345 2597 ct
365 2559 401 2597 in
417 2559 586 2597 omnibus
607 2558 765 2596 donanis
781 2556 967 2610 judicibus
995 2561 1026 2595 et
1050 2556 1142 2595 viris
1165 2555 1404 2594 ecclesiasticis
1414 2561 1560 2609 pareret
1574 2561 1607 2595 et
1626 2556 1782 2596 obediret
1799 2562 1909 2611 prout
1927 2562 1961 2597 et

314 2631 407 2683 ipsas
425 2639 440 2664 9
460 2635 567 2669 vestes
595 2629 788 2668 muliebres
812 2627 1052 2666 incontinenti
1074 2627 1206 2681 accepit
1236 2632 1268 2665 et
1304 2632 1414 2666 vestes
1439 2627 1564 2666 viriles
1591 2627 1731 2667 dimisit
1755 2633 1786 2667 et
1813 2627 1962 2682 insuper

316 2701 464 2755 capillos
488 2701 590 2740 tondi
612 2700 730 2740 voluit
755 2705 785 2739 et
806 2699 975 2754 permisit
998 2708 1041 2737 ¹⁰.

369 2981 398 3004 1.
419 2971 485 3006 AC
506 2971 752 3016 :gratiam.—
774 2980 805 3004 2.
826 2969 858 3003 A
883 2973 935 3003 :et
945 2972 1131 3015 propterea.
1153 2987 1197 2992 —
1221 2977 1252 3012 3.
1274 2969 1306 3001 A
1323 2967 1439 3014 ajoute
1455 2967 1677 3002 dominorum.
1700 2986 1744 2994 -·
1761 2977 1795 3010 4.
1816 2968 1957 3003 Comet

316 3034 426 3063 vestes.
455 3051 501 3054 —
530 3040 559 3073 5.
589 3029 651 3063 Ms.
674 3028 905 3075 :quiquiderm
933 3047 978 3052 —
999 3028 1034 3063 6.
1056 3027 1146 3061 Ibid.
1175 3039 1184 3059 .·
1205 3026 1323 3062 oblati.
1351 3047 1397 3051 —
1413 3037 1444 3071 7.
1468 3027 1552 3061 Ibid.
1580 3039 1590 3060 .·
1607 3039 1695 3073 qnos.
1720 3048 1762 3051 -—
1782 3027 1815 3061 8.
1838 3027 1925 3062 Ilrid.
1945 3039 1956 3061 :

319 3091 412 3134 ipsos.
436 3110 480 3113 —
498 3100 530 3134 9.
554 3089 654 3129 Ibat„
678 3088 727 3125 id,
754 3109 799 3112 —
830 3098 882 3122 10.
910 3088 952 3129 U,
974 3087 1035 3121 tol.
1057 3097 1111 3131 32,
1130 3096 1181 3120 νο.

2052 3313 2080 3356 «3⁵
2047 3120 2086 3302 {f'v'yfhssng--d
2074 3079 2090 3089 ι,

2069 2638 2087 2664 ⁴¹
2067 2212 2099 2630 '‘NA7.*WWWQM<

2068 2736 2089 2788 μὴν
2068 2675 2089 2729 γῇς,
