2099 3356
383 186 541 231 PRoclzs
584 202 640 232 DE
686 202 1042 232 CONDAMNATION
1079 202 1135 232 DE
1165 203 1329 244 JEANNE
1361 188 1490 232 D'ARc
1675 203 1750 246 371

115 296 506 360 blasphemando
522 300 683 346 Deum
705 311 749 347 et
772 300 987 357 Sanctas,
1005 301 1363 364 praevaricando
1380 301 1554 364 legem,
1569 318 1752 349 sacram

115 386 413 449 Scripturam
447 399 493 434 et
520 390 781 436 canonicas
807 391 1102 446 sanctiones,
1124 391 1493 438 contemnendo
1520 393 1682 438 Deum
1705 393 1753 438 in

113 477 216 523 suis
235 479 566 531 sacramentis,
600 478 868 525 seditiones
900 479 1171 533 moliendo,
1199 481 1537 543 apostatando,
1570 482 1753 528 crimen

115 565 395 613 schismatis
422 573 430 589 ¹
465 567 777 624 incurrendo,
820 579 865 615 et
913 570 960 614 in
994 569 1089 616 fide
1134 569 1372 617 catholica
1416 570 1758 634 multipliciter

114 654 332 702 errando.
362 656 546 703 Verum
566 657 695 719 quia,
726 659 904 720 saepius
929 659 1172 706 caritative
1196 661 1383 706 monita
1401 671 1445 706 et
1473 660 1663 707 diutius
1684 677 1757 707 ex-

113 756 339 808 spectata,
376 746 592 804 tandem,
614 747 717 793 Deo
755 747 1046 810 opitulante,
1084 748 1141 795 ad
1177 750 1422 811 gremium
1449 762 1626 797 sanctae
1660 767 1756 797 ma-

113 837 196 882 tris
219 836 444 884 Ecclesiae
471 837 678 895 rediens,
710 850 854 900 prout
877 839 1138 893 credimus,
1173 840 1314 887 corde
1347 842 1558 887 contrito
1585 853 1630 888 et
1657 841 1751 888 fide

113 941 213 972 non
245 925 354 972 ficta
377 937 492 972 tuos
520 942 702 973 errores
725 943 805 973 ore
829 939 995 991 aperto
1016 930 1264 984 revocasti,
1294 930 1410 993 ipsis
1442 930 1684 978 erroribus
1702 932 1750 977 in

111 1015 306 1079 publica
347 1015 691 1079 praedicatione
731 1017 1042 1081 propulsatis,
1082 1030 1141 1075 et,
1185 1035 1266 1082 per
1305 1030 1447 1066 tuum
1497 1021 1751 1084 proprium

112 1121 372 1169 organum,
406 1122 519 1152 cum
551 1107 691 1152 omni
721 1105 907 1159 ha‘resi,
936 1108 1054 1154 vivae
1084 1109 1217 1155 vocis
1252 1108 1451 1156 oraculo
1483 1109 1713 1172 abjurasti
1743 1127 1752 1165 ;

111 1195 388 1242 secundum
414 1196 625 1242 formam
655 1188 992 1244 ecclesiasticis
1015 1199 1354 1246 sanctionibus
1378 1211 1751 1262 congruentem,

110 1285 169 1332 ab
186 1286 720 1332 excommunicationis
746 1286 958 1333 vinculis
982 1287 1164 1349 quibus
1190 1288 1430 1335 tenebaris
1455 1288 1680 1335 adstricta
1708 1299 1752 1336 te

110 1374 416 1422 absolvimus
445 1391 527 1437 per
551 1386 828 1438 praesentes,
848 1377 885 1423 si
915 1388 1075 1423 tamen
1100 1377 1156 1424 ad
1174 1377 1436 1425 Ecclesiam
1471 1394 1584 1424 vero
1610 1377 1752 1433 corde

110 1475 156 1512 et
176 1464 272 1512 fide
306 1481 404 1512 non
435 1464 545 1512 ficta
571 1464 781 1521 redieris,
809 1466 1093 1529 injuctaque
1120 1466 1207 1514 tibi
1247 1478 1293 1514 et
1330 1467 1635 1531 injungenda
1673 1484 1755 1531 per

110 1571 200 1600 nos
218 1556 495 1601 servaveris.
518 1554 778 1607 Quoniam
793 1556 968 1602 veroin
989 1556 1152 1603 Deum
1169 1568 1216 1604 et
1237 1568 1453 1605 sanctam
1471 1557 1751 1615 Ecclesiam,

112 1655 165 1692 ut
193 1644 455 1707 praefertur,
495 1655 674 1691 temere
715 1643 981 1707 deliquisti,
1011 1645 1067 1692 ad
1108 1647 1441 1709 peragendum
1490 1648 1751 1695 salutarem

111 1735 473 1796 poenitentiam,
507 1736 555 1781 in
594 1746 886 1797 perpetuum
911 1751 1165 1791 carcerem,
1190 1752 1302 1782 cum
1340 1753 1462 1799 pane
1490 1737 1675 1784 doloris
1708 1750 1754 1784 et

109 1841 235 1887 aqua
258 1825 479 1879 tristitiae‚
504 1835 556 1871 ut
574 1824 638 1871 ibi
656 1825 923 1871 commissa
946 1824 1128 1876 defleas,
1152 1836 1197 1871 et
1219 1825 1443 1873 deflenda
1465 1838 1632 1890 postea
1650 1844 1750 1874 non

110 1915 408 1969 committas,
431 1915 581 1977 gratia
626 1925 672 1961 et
717 1913 1055 1961 moderatione
1101 1916 1280 1961 nostris
1319 1931 1512 1979 semper
1537 1922 1549 1939 ²
1589 1916 1749 1971 salvis,

110 2003 464 2050 sententialiter
488 2010 498 2035 ³
530 2015 576 2051 et
606 2003 857 2051 definitive
880 2011 896 2035 ⁴
928 2003 1339 2051 condemnamus,
1367 2024 1388 2048 ))

620 2214 757 2253 EADEM
780 2226 845 2251 DIE
876 2226 970 2252 POST
994 2226 1189 2252 MERIDIEM
1215 2220 1242 2252 5.

168 2359 292 2411 Item,
316 2357 466 2402 eadem
494 2357 562 2402 die
587 2359 710 2413 jovis,
738 2371 833 2416 post
865 2356 1105 2407 meridiem,
1129 2373 1225 2410 nos,
1251 2356 1377 2401 frater
1412 2358 1632 2413 Johannes
1658 2360 1755 2402 Ma—

107 2444 243 2500 gistri,
270 2443 452 2486 vicarius
470 2441 728 2496 antedictus,
759 2441 1054 2486 assistentibus
1079 2440 1204 2483 uobis
1231 2440 1420 2485 dominis
1448 2455 1489 2485 et
1517 2444 1749 2499 magistris,

108 2517 289 2571 Nicolao
331 2526 456 2576 Midi,
494 2526 674 2569 Nicolao
698 2526 915 2569 Loisellem·
940 2526 971 2577 ⁶,
996 2524 1171 2567 Thoma
1214 2524 1264 2567 de
1302 2524 1539 2568 Courcellis
1566 2538 1605 2568 et
1630 2525 1755 2569 fratre

160 2742 267 2787 Iliun,
301 2740 369 2779 illa
399 2740 468 2788 dia,
502 2745 578 2794 pos!
607 2739 826 2793 prandium.
856 2738 1026 2776 dominns
1058 2737 1221 2776 vii-arius
1251 2738 1489 2791 Inquisitoris
1522 2743 1552 2776 cl
1587 2738 1754 2791 magistri

108 2812 284 2852 Nicolaus
307 2812 419 2859 Midi,
440 2825 480 2850 ac
505 2812 660 2850 Thomas
680 2810 721 2848 dc
738 2809 953 2853 Courcellis,
974 2808 1152 2848 Nicolaus
1174 2809 1389 2862 Loyseleur
1409 2809 1576 2863 etplnrae‘s
1595 2810 1664 2849 alii
1679 2811 1756 2849 viri

166 3039 195 3063 1.
218 3028 249 3062 A
272 3040 281 3062 :
302 3028 479 3062 scismatis.
498 3048 544 3052 —
566 3037 597 3061 2.
617 3025 651 3070 Q
668 3034 766 3060 omer
785 3031 919 3071 semper.
942 3045 988 3050 —
1013 3034 1040 3068 3.
1058 3024 1092 3068 Q
1115 3024 1301 3069 :fimzlitmz
1323 3045 1369 3049 -
1389 3036 1423 3067 4.
1446 3025 1507 3059 BC
1530 3038 1539 3059 :
1560 3024 1754 3071 dtffinitive.

112 3109 157 3113 --
179 3098 207 3131 j.
232 3088 282 3121 En
306 3099 425 3134 inargc
447 3088 488 3121 de
508 3086 604 3120 ABG
620 3086 666 3130 (B
692 3085 808 3131 ajoutc·
829 3085 946 3129 jovis).
970 3105 1014 3109 —
1035 3083 1068 3118 6.
1091 3083 1148 3118 C:
1173 3083 1350 3118 Lais-clear.
