2099 3356
420 215 577 259 PROCizs
611 229 665 258 DE
698 229 1050 259 CONDAMNATION
1084 229 1139 259 DE
1171 229 1338 271 JEANNE
1370 217 1497 259 D’ARC
1722 229 1775 273 27

134 328 298 367 latenter
327 328 528 381 simplices
572 327 771 375 interficit,
818 329 892 366 nisi
915 341 1006 367 cum
1050 328 1234 380 diligenti
1280 329 1462 367 examine
1497 328 1774 381 inquisitionis

130 398 283 438 sarculo
302 399 589 452 praescindatur
611 413 617 437 :
650 400 743 438 hinc
773 409 831 439 est
851 399 974 453 quod,
1009 400 1056 438 de
1077 409 1217 438 vestrae
1237 399 1329 438 fidei
1352 399 1454 448 zelo,
1473 399 1711 439 discretione
1731 413 1775 439 ac

131 470 323 524 probitate
348 470 503 519 confisi,
556 470 788 510 auctoritate
812 470 1032 524 apostolica
1071 485 1146 524 qua
1170 470 1377 524 fungimur
1425 471 1464 510 in
1489 471 1563 510 hac
1585 480 1708 524 parte,
1733 472 1772 510 in

129 542 284 582 civitate
307 551 345 581 et
380 543 542 582 dioecesi
567 543 897 596 Rothomagensi‚
931 552 1112 582 nostrum
1139 542 1322 591 fecimus,
1347 543 1567 582 creavimus
1608 552 1645 582 et
1672 556 1771 582 con-

128 614 328 653 stituimus
343 615 551 662 vicarium,
587 628 630 653 ac
652 615 910 667 praesentium
935 624 1074 654 tenore
1091 614 1274 662 facimus,
1302 628 1481 654 creamus
1506 623 1544 654 et
1561 615 1774 654 constitui-

128 699 242 734 mus3
264 685 398 724 dantes
421 695 458 724 et
479 686 744 725 concedentes
767 685 880 725 vobis
912 687 951 725 in
983 687 1085 725 dicta
1122 687 1280 725 civitate
1299 696 1337 725 et
1360 686 1527 726 dioecesi
1552 686 1769 740 plenariam

125 766 363 811 potestatem
384 767 521 796 contra
533 759 1032 811 quoscumquehaereticos
1047 767 1113 797 aut
1131 758 1178 797 de
1191 759 1331 798 haeresi
1350 768 1554 812 suspectos
1566 772 1610 798 ac
1632 772 1772 798 eorum

127 828 346 876 credentes,
368 829 558 877 fautores,
582 829 810 869 defensores
837 839 874 869 et
901 839 1179 883 receptatores,
1216 830 1460 884 inquirendi,
1484 830 1646 879 citandi,
1674 840 1774 870 con-

128 901 330 948 veniendi,
349 902 953 955 excommunicandi,capiendi,
982 902 1436 954 detinendi,corrigendi
1461 912 1499 942 et
1519 901 1613 941 alias
1637 912 1772 942 contra

128 973 235 1025 ipsos
263 973 392 1011 modis
426 974 665 1026 opportunis
693 974 949 1027 procedendi,
1003 988 1130 1027 usque
1175 974 1221 1013 ad
1253 974 1500 1013 definitivam
1535 975 1773 1014 sententiam

125 1044 318 1083 inclusive
343 1060 352 1093 3
381 1058 536 1083 necnon
589 1045 822 1084 absolvendi
851 1055 888 1084 et
925 1046 1184 1098 poenitentias
1221 1045 1410 1085 salutares
1444 1046 1697 1099 injungendi,
1737 1055 1775 1086 et

124 1116 361 1168 generaliter
382 1117 517 1155 onmia
539 1117 611 1155 alia
636 1127 673 1156 et
712 1117 869 1170 singula
889 1117 1061 1157 faciendi
1093 1128 1131 1157 et
1161 1118 1387 1166 exercendi,
1408 1131 1496 1172 quae
1536 1118 1582 1157 ad
1617 1118 1770 1158 dictum

127 1188 401 1241 Inquisitoris¹
424 1188 604 1228 officium
644 1190 969 1242 pertinent,·tam
993 1190 1040 1229 de
1066 1191 1148 1243 jure
1186 1203 1303 1243 quam
1336 1190 1384 1229 de
1405 1191 1697 1229 consuetudine
1729 1203 1774 1230 ac

125 1259 332 1312 privilegio
366 1260 542 1313 speciali,
585 1275 674 1314 quae
720 1261 941 1300 faceremus
979 1270 1017 1300 et
1061 1262 1188 1301 facere
1216 1268 1443 1315 possemuS,
1479 1263 1511 1300 si
1556 1271 1773 1316 praesentes

124 1345 315 1370 essemus.
341 1333 384 1370 In
407 1346 580 1386 quorum
594 1334 777 1372 omnium
799 1334 1093 1382 testimonium,
1112 1334 1289 1386 sigillum
1304 1343 1504 1382 nostrum,
1520 1348 1599 1388 quo
1621 1335 1772 1374 utimur

125 1405 162 1442 in
183 1403 610 1457 officio,praesentibus
640 1405 827 1444 duximus
861 1407 1162 1459 apponendum.
1190 1408 1336 1446 Datum
1378 1407 1636 1460 Rothomagi,
1663 1421 1769 1446 anno

128 1477 293 1516 Domini
313 1477 530 1517 millesimo
556 1478 709 1517 CCCC.
740 1479 931 1527 XXIIII„
958 1479 1149 1518 vicesima
1173 1479 1301 1532 prima
1332 1480 1480 1518 mensis
1494 1479 1666 1532 augusti.
1697 1495 1716 1516 »

176 1704 301 1733 ΙἸῈΜ2
344 1702 570 1740 SEQUITUR3
613 1707 747 1735 TENOR
778 1708 1044 1743 LITTERARUM,
1076 1709 1181 1740 QUAS
1211 1708 1285 1736 NOS
1315 1708 1525 1736 PRAEFATUS
1555 1709 1767 1736 EPISCOPUS

122 1775 439 1806 TRANSMISIMUS4
470 1780 628 1807 DOMINO
659 1779 909 1811 INQUISITORI
942 1780 1156 1808 HAERETICAE
1186 1780 1432 1808 PRAVITATIS.

175 1959 193 1979 ‹<
227 1944 379 1990 Petrus,
404 1943 660 1982 miseratione
693 1943 827 1982 divina
858 1943 1108 1982 Belvacensis
1143 1944 1374 1997 episcopus,
1403 1943 1632 1982 venerando
1666 1945 1767 1998 patri

120 2015 308 2067 magistro
329 2015 503 2064 Jolianni
521 2016 743 2061 Graverent,
768 2029 887 2054 sacrae
903 2015 1122 2069 theologiae
1149 2017 1345 2064 doctori5,
1381 2017 1614 2069 Inquisitori
1641 2016 1768 2055 haere-

119 2087 206 2125 ticae
229 2088 444 2140 pravitatiS,
460 2087 643 2135 salutem,
659 2097 695 2126 et
712 2088 751 2125 in
772 2088 931 2127 Christo
954 2087 1211 2127 dilectionem
1234 2089 1444 2127 sinceram.
1459 2089 1561 2127 Cum
1579 2088 1768 2127 dominus

120 2169 254 2197 noster
273 2160 367 2205 Rex,
391 2158 478 2197 zelo
500 2159 591 2198 fidei
618 2160 852 2198 orthodoxae
872 2170 909 2198 et
922 2160 1148 2198 christianae
1169 2159 1375 2213 religionis
1401 2173 1604 2208 accensus,
1629 2174 1767 2214 quam-

121 2229 210 2269 dam
233 2230 442 2269 mulierem
462 2232 627 2269 nomine
644 2232 887 2280 Joliannam,
915 2245 1004 2286 quae
1028 2232 1163 2270 Puella
1192 2232 1604 2285 vulgaricognomine
1629 2232 1767 2285 appel-

121 2300 235 2351 latur,
263 2303 310 2341 de
334 2303 452 2341 variis
476 2303 711 2342 criminibus
742 2303 929 2342 adversus
960 2303 1080 2343 fidem
1111 2313 1148 2343 et
1170 2305 1295 2357 ipsam
1327 2305 1566 2357 religionem
1589 2305 1768 2344 christia-

121 2387 210 2413 nam
230 2375 463 2427 perpetratis
501 2376 657 2414 notorie
688 2374 930 2415 diffamatam
954 2390 998 2415 ac
1041 2376 1089 2415 de
1135 2377 1277 2416 haeresi
1302 2386 1544 2430 suspectam,
1567 2377 1607 2415 in
1633 2387 1766 2415 nostra

120 2445 284 2485 dioecesi
307 2446 537 2485 Belvacensi
556 2456 710 2500 captam
736 2447 1088 2500 etdeprehensam,
1116 2447 1233 2487 nobis
1253 2457 1442 2502 tanquam
1465 2448 1587 2501 judici
1605 2448 1762 2487 ordina-

119 2518 176 2556 rio
201 2518 438 2557 reddidisset
474 2532 517 2556 ac
542 2519 808 2572 expedivisset
833 2534 842 2567 3
874 2520 1199 2573 territoriumque
1239 2521 1354 2559 nobis
1378 2521 1417 2558 in
1448 2521 1520 2559 hac
1545 2521 1703 2559 civitate
1729 2529 1766 2559 et

119 2588 281 2628 dioecesi
318 2590 648 2643 Rothomagensi,
691 2604 762 2643 pro
787 2591 1028 2630 deductione
1050 2605 1259 2644 processus
1281 2592 1320 2630 in
1358 2606 1402 2630 ea
1420 2606 1459 2631 re
1482 2592 1669 2639 habendi,
1697 2605 1765 2644 per

119 2660 347 2713 Capitulum
389 2662 725 2714 Rothomagensis
745 2663 937 2711 ecclesiae,
962 2664 1053 2702 sede
1075 2663 1407 2716 archiepiscopali
1426 2673 1605 2711 vacante,
1627 2663 1765 2702 fuisset

115 2745 350 2772 concessum
387 2743 425 2772 et
447 2734 689 2787 assignatum
709 2749 717 2782 ;
749 2736 957 2787 cupientes
976 2749 1138 2774 omnem
1162 2736 1305 2774 erroris
1329 2737 1572 2788 impietatem
1599 2749 1618 2774 a
1641 2749 1762 2788 grege

117 2803 322 2844 dominico
356 2805 501 2858 depelli
546 2816 661 2859 atque
690 2807 896 2845 catholica:
917 2808 1089 2846 veritatis
1114 2808 1379 2860 integritatem
1424 2809 1566 2861 jugiter
1597 2807 1760 2848 illaesam

169 3030 198 3053 1.
226 3019 323 3053 AC:
346 3020 593 3067 Inqm'sitionis.
623 3043 669 3047 —
697 3033 727 3057 2.
758 3022 823 3057 AC
852 3035 896 3058 en
933 3035 1053 3069 marge
1087 3037 1092 3058 :
1122 3023 1230 3057 Tenoa·
1257 3024 1450 3058 litterarum
1482 3025 1759 3059 lransmissarmn

114 3078 315 3124 Inquisitori
335 3093 345 3119 ;
366 3080 396 3114 C
428 3092 471 3114 en
495 3092 613 3127 marge
636 3093 642 3115 z
667 3082 774 3116 Tenor
802 3083 991 3117 litterarum
1014 3084 1287 3117 transmissarum
1314 3082 1448 3117 domino
1470 3084 1683 3129 Inquisitori.
1714 3105 1757 3110 —

121 3147 150 3181 3.
180 3137 315 3173 Comet
340 3140 420 3173 Ilem
447 3142 608 3186 sequitur.
633 3162 678 3166 —-
699 3153 732 3184 Δι.
764 3142 793 3175 C
813 3143 929 3188 ajoute
949 3143 1043 3176 dicto.
1067 3164 1109 3167 —
1136 3154 1164 3185 5.
1195 3143 1251 3176 C:
1274 3144 1467 3188 professori.
