2099 3356
355 202 513 247 PRocizs
545 216 601 246 DE
633 215 988 246 CONDAMNATION
1023 217 1079 246 DE
1110 218 1277 260 JEANNE
1309 205 1438 249 D'ARC
1639 219 1718 262 117

73 319 122 364 ad
137 317 564 375 Pontem-Episcopi¹
587 332 595 359 t
618 314 838 374 respondit
857 315 1231 375 quod,postquam
1250 317 1397 362 habuit
1410 318 1717 362 revelationem

74 417 198 461 supra
221 400 376 445 fossata
391 399 613 444 Meleduni
632 398 750 458 quod
779 400 867 457 ipsa
886 412 1122 458 caperetur,
1144 402 1231 459 ipsa
1254 417 1297 445 se
1319 401 1464 446 retulit
1484 413 1533 445 ut
1554 403 1598 445 in
1621 402 1712 460 plu-

73 486 188 530 ribus
208 484 259 529 ad
282 485 526 542 capitaneos
547 482 599 527 de
640 482 751 527 facto
776 498 940 542 guerrae
965 502 976 538 3
1029 496 1070 528 et
1109 497 1254 528 tamen
1282 500 1370 529 non
1393 483 1559 529 dicebat
1585 487 1644 529 eis
1670 502 1713 530 se

75 568 227 614 habere
242 568 552 612 revelationem
573 566 691 625 quod
707 579 940 625 caperetur.

133 653 395 709 Interrogata
430 663 579 694 utrum
607 650 734 694 fuerit
759 649 867 694 bene
904 650 1064 694 factum
1097 649 1149 694 de
1170 651 1316 695 eundo
1348 651 1400 695 ad
1423 651 1716 697 invadendum

74 735 220 779 villam
242 735 524 778 parisiensem
544 735 588 777 in
622 733 689 778 die
710 734 955 778 Nativitatis
988 735 1128 778 Beatae
1159 735 1323 788 Mariae,
1349 751 1449 779 cum
1489 749 1597 779 esset
1634 735 1719 780 fes—

74 833 192 864 tum:
222 816 443 876 respondit
464 817 583 876 quod
604 829 666 861 est
692 816 799 861 bene
820 816 981 862 factum
1002 833 1166 862 servare
1188 817 1290 862 festa
1317 819 1456 863 Beatae
1470 820 1619 863 Mariae
1637 838 1648 874 ;
1671 833 1713 864 et

75 901 243 947 videtur
267 903 305 945 ei
344 902 388 945 in
413 903 502 958 ejus
526 902 787 944 conscientia
830 899 949 960 quod
975 914 1083 945 esset
1110 900 1216 945 bene
1234 902 1396 946 factum
1421 918 1584 947 servare
1612 902 1715 948 festa

73 984 208 1031 Beatae
235 986 381 1028 Mariae
401 1001 423 1028 a
444 985 655 1043 principio
671 1001 809 1044 usque
830 984 881 1029 ad
905 984 1055 1029 finem.

130 1070 394 1128 Interrogata
431 1081 579 1113 utrum
616 1068 826 1112 dixeritne
856 1084 1001 1112 coram
1025 1068 1135 1113 ,villa
1163 1070 1418 1114 Parisiensi:
1465 1088 1485 1110 «
1515 1070 1718 1115 Reddatis

74 1153 234 1207 villam,
262 1152 395 1209 Jhesu
421 1153 429 1196 l
465 1170 484 1193 ³>
518 1170 525 1196 :
550 1151 771 1212 respondit
798 1151 916 1213 quod
942 1169 1047 1208 non,
1065 1151 1137 1199 sed
1162 1152 1269 1198 dixit
1301 1171 1308 1198 :
1339 1171 1358 1194 ‹<
1390 1153 1593 1200 Reddatis
1620 1171 1714 1200 eam

76 1238 160 1297 regi
187 1237 388 1282 Franciae.
412 1255 430 1276 »

640 1430 830 1458 MERCURII
851 1431 935 1459 XIV.
963 1428 1143 1459 MART112.

130 1559 256 1612 Item,
285 1558 355 1602 die
389 1559 588 1602 mercurii
616 1557 866 1603 immediate
899 1572 1121 1618 sequente,
1145 1573 1256 1603 XIIII.
1288 1558 1390 1604 dicti
1417 1561 1575 1604 mensis
1601 1577 1714 1604 mar-

71 1643 132 1697 tii,
157 1658 234 1686 nos
252 1641 379 1686 frater
404 1642 625 1699 Johannes
659 1643 853 1700 Magistri
879 1642 1134 1695 antedictus,
1169 1644 1351 1687 vicarius
1372 1642 1541 1688 domini
1565 1644 1714 1703 Inqui-

70 1727 224 1780 sitoris,
248 1726 517 1771 confidentes
551 1725 602 1770 de
631 1725 840 1771 industria
864 1739 906 1770 et
946 1726 1155 1786 probitate
1181 1727 1435 1771 venerabilis
1461 1741 1502 1772 et
1544 1727 1712 1772 discreti

68 1812 162 1864 viri,
186 1810 357 1855 domini
395 1811 562 1855 Nicolai
593 1811 762 1870 Taquel,
808 1810 1042 1869 presbyteri
1080 1811 1446 1870 Rothomagensis
1497 1811 1707 1863 dioecesis,

67 1897 320 1939 auctoritate
352 1894 562 1953 imperiali
609 1894 767 1954 publici
816 1911 862 1939 ac
894 1896 1021 1939 curiae
1069 1895 1439 1954 archiepiscopalis
1463 1896 1710 1941 Rotlioma—

64 1980 206 2036 gensis
255 1979 411 2022 notarii
470 1980 613 2036 jurati,
660 1979 831 2037 plenam
881 1981 924 2023 in
979 1980 1176 2023 Domino
1239 1978 1445 2024 fiduciam
1497 1994 1710 2039 gerentes,

68 2158 175 2210 pond
199 2172 292 2212 que,
313 2159 403 2212 puis
428 2172 471 2198 ce
493 2158 639 2213 qu'elle
671 2159 756 2198 oult
781 2159 1007 2199 reve'lacion
1042 2160 1063 2198 a
1087 2159 1225 2198 Melun
1257 2159 1402 2213 qu’elle
1423 2161 1545 2200 seroit
1563 2162 1712 2214 prinse,

68 2229 141 2268 elle
174 2244 214 2269 se
236 2240 390 2284 raporta
416 2231 451 2270 le
475 2230 565 2285 plus
591 2231 641 2270 du
672 2230 742 2270 fait
757 2231 803 2270 de
824 2230 858 2270 la
875 2245 1016 2284 guerre
1039 2231 1058 2270 Ξι
1076 2231 1112 2273 la
1133 2231 1323 2271 voulente':
1342 2232 1410 2271 des
1435 2233 1678 2286 cappitaines
1703 2248 1712 2282 3

67 2311 104 2344 et
122 2303 369 2343 toutesvoies
396 2317 443 2342 ne
466 2303 552 2342 leur
573 2303 693 2342 disoit
717 2304 832 2356 point
848 2302 993 2356 qu'elle
1016 2304 1124 2342 avoit
1146 2303 1370 2342 reve'lacion
1395 2304 1536 2343 d'estre
1560 2306 1708 2358 prinse.

123 2376 378 2428 Interroguee
401 2388 440 2413 se
456 2388 499 2414 ce
511 2374 570 2414 fut
592 2374 682 2413 bien
708 2374 792 2423 fait,
819 2388 865 2413 au
885 2376 972 2427 jour
994 2375 1041 2414 de
1064 2375 1098 2413 la
1128 2376 1301 2414 Nativite
1325 2376 1372 2414 de
1396 2376 1542 2415 Nostre
1562 2378 1702 2425 Daine,

68 2447 162 2501 qu'il
183 2448 301 2486 estoit
319 2447 430 2494 feste,
453 2447 500 2485 de
523 2445 798 2485 allerassaillir
820 2447 926 2485 Paris
947 2461 955 2485 :
981 2447 1169 2500 respond,
1189 2446 1283 2486 c’est
1305 2447 1395 2486 bien
1413 2448 1481 2486 fait
1501 2447 1549 2486 de
1572 2448 1714 2497 garder

23 2552 26 2557 .
68 2519 122 2558 les
143 2518 260 2571 festes
283 2519 330 2557 de
363 2519 506 2557 Nostre
532 2519 683 2567 Dame;
731 2527 768 2557 et
792 2532 840 2557 en
861 2532 900 2557 sa
925 2519 1163 2558 conscience
1196 2518 1265 2571 luy
1286 2518 1436 2558 semble
1460 2533 1538 2573 que
1559 2519 1712 2559 c'estoit

69 2600 106 2630 et
129 2591 250 2630 seroit
271 2591 360 2629 bien
392 2590 460 2629 fait
485 2590 531 2629 de
553 2590 692 2643 garder
711 2590 766 2629 les
789 2589 906 2629 festes
927 2591 974 2629 de
996 2591 1138 2629 Nostre
1175 2592 1316 2640 Darne,
1343 2591 1483 2644 depuis
1504 2605 1589 2644 ung
1610 2591 1708 2631 bout

70 2663 229 2716 jusques
245 2662 265 2700 a
284 2662 432 2701 l'autre.

122 2735 378 2787 Interrogue'e
404 2733 512 2772 s’elle
546 2734 622 2772 dist
647 2734 761 2786 point
782 2734 925 2772 devant
949 2733 997 2789 lar
1012 2734 1105 2773 ville
1122 2734 1169 2773 de
1190 2735 1318 2773 Paris:
1337 2751 1354 2771 «
1374 2735 1532 2775 Rendez
1553 2734 1588 2774 la
1609 2735 1701 2774 ville

71 2805 117 2844 de
139 2819 207 2858 par
228 2806 371 2854 Jhesus
398 2822 416 2842 »
444 2820 450 2843 :
479 2805 652 2857 respond
690 2818 766 2858 que
788 2819 869 2843 non
898 2820 907 2854 3
949 2806 1046 2844 mais
1068 2806 1146 2844 dist
1170 2820 1177 2844 :
1202 2822 1220 2841 «
1254 2807 1411 2846 Rendez
1434 2806 1467 2845 la
1490 2820 1538 2845 au
1561 2820 1633 2859 roy
1658 2806 1704 2846 de

71 2877 230 2916 France.
266 2894 284 2913 »

120 3066 147 3089 1.
169 3056 264 3091 ΑΒΕ
283 3069 326 3091 cn
346 3069 465 3102 marge
486 3070 491 3090 :
524 3058 573 3091 De
597 3057 697 3091 Ponte
719 3058 883 3104 Episcopi.
901 3080 945 3083 —
963 3069 994 3092 2.
1013 3059 1063 3092 En
1083 3071 1202 3103 margo
1220 3060 1263 3094 dc
1278 3059 1376 3094 ΑΒΕ
1395 3060 1442 3103 (C
1462 3059 1578 3105 ajoute
1595 3061 1712 3093 mensis

71 3115 200 3149 devant
223 3117 370 3158 martel).
