2099 3356
331 177 413 218 228
608 174 765 217 PRocfzs
798 187 854 216 DE
886 186 1235 216 cONDAMNA1·1c>N
1271 186 1326 214 DE
1357 185 1525 227 JmNNE
1558 170 1684 214 D’ARc

329 289 556 342 transiisse,
571 286 747 331 eosdem
762 287 890 330 etiam
912 286 1086 344 spiritus
1103 285 1412 343 genuflectens,
1429 282 1754 342 amplectando¹
1783 294 1824 326 et
1847 269 1970 326 oscu-

329 371 474 425 lando,
504 383 545 415 et
568 371 668 414 alias
695 370 951 413 reverentias
973 367 1132 412 eisdem
1160 367 1374 422 faciendo,
1408 368 1564 425 junctis
1591 365 1790 410 manibus
1826 380 1970 423 regra-

329 454 492 509 tiando,
521 452 819 499 contrahendo
852 452 1189 496 familiaritatem
1215 468 1315 496 cum
1354 453 1413 495 eis
1439 468 1450 505 3
1475 467 1575 495 cum
1611 462 1758 494 tamen
1790 449 1969 492 nesciret

327 556 380 583 an
404 550 544 582 essent
560 538 663 582 boni
682 537 874 596 spiritus,
913 538 1019 589 imo,
1047 536 1221 580 attentis
1240 535 1570 579 circumstantiis
1596 533 1734 586 dictis,
1764 548 1839 591 per
1875 546 1969 576 eam

328 623 471 681 potius
493 621 593 666 mali
614 629 627 646 ²
650 622 823 678 spiritus
850 635 983 679 quam
1011 619 1114 663 boni
1139 618 1330 675 judicari,
1355 618 1539 662 habeant
1551 631 1592 662 et
1613 633 1700 661 esse
1725 615 1967 660 videantur.

329 707 422 759 Qui
450 706 656 764 praemissi
681 704 820 748 cultus
840 716 881 747 et
908 704 1206 747 venerationes
1232 702 1436 747 videntur
1482 701 1533 745 ad
1570 700 1814 745 idolatriam
1845 699 1972 757 perti-

330 806 444 840 nere,
468 801 508 832 et
532 787 582 833 ad
622 789 868 847 pactionem
883 803 983 831 cum
1005 785 1279 830 daemonibus
1307 786 1474 829 initam.
1500 802 1519 825 »

388 873 406 893 *
430 872 499 916 Ad
523 873 669 916 hunc³
709 871 956 920 articulum,
995 869 1061 914 die
1105 870 1322 923 mercurii,
1353 883 1503 912 xxvm.
1535 869 1691 921 martii,
1713 865 1970 925 respondet4

330 956 381 1001 de
402 957 615 1016 principio
640 972 647 999 :
678 971 698 993 <‹
735 956 824 1013 Ego
849 953 1048 1012 respondi
1076 973 1093 991 »
1116 971 1128 1007 ;
1155 965 1195 997 et
1216 952 1267 997 de
1293 953 1571 997 conclusione
1596 965 1604 991 ε
1650 969 1670 991 «
1700 950 1857 996 Refero
1902 964 1970 993 me

330 1039 382 1084 ad
403 1041 647 1084 Dominum
678 1052 894 1083 nostrum.
925 1055 944 1078 ›>

390 1123 713 1178 Item‚sabbati‚
750 1137 888 1167 xxnn.
923 1121 1139 1175 februarii,
1170 1109 1430 1179 interrogata
1457 1133 1605 1165 utrum
1639 1120 1862 1176 regratiata
1891 1116 1974 1162 fuit

333 1209 426 1252 voci
451 1207 529 1252 sibi
575 1208 812 1266 apparenti,
837 1218 878 1249 et
914 1207 947 1249 si
984 1205 1100 1249 flexit
1125 1221 1291 1263 genua:
1334 1204 1553 1263 respondit
1574 1203 1691 1263 quod
1714 1205 1803 1262 ipsa
1836 1217 1974 1259 regra-

333 1293 432 1335 tiata
470 1290 566 1345 fuit,
606 1292 695 1348 ipsa
728 1291 957 1334 exsistente
988 1291 1030 1332 in
1065 1289 1174 1333 lecto
1200 1305 1296 1340 suo,
1326 1301 1365 1332 et
1389 1287 1498 1332 sedit
1518 1289 1561 1331 in
1597 1286 1751 1331 eodem
1774 1287 1901 1340 lecto,
1932 1296 1975 1328 et

334 1376 472 1433 junxit
500 1390 654 1419 manus
677 1392 687 1428 3
711 1386 750 1418 et
778 1373 885 1417 dixit
917 1372 1035 1431 quod
1064 1372 1144 1417 hoc
1193 1372 1289 1425 fuit,
1317 1385 1546 1431 postquam
1572 1371 1795 1430 requisivit
1819 1368 1974 1413 habere

332 1459 558 1503 auxilium.

391 1543 517 1595 Item,
551 1541 727 1595 sabbati,
759 1541 924 1585 decima
947 1541 1102 1590 martii,
1140 1542 1413 1597 interrogata,
1440 1538 1615 1597 quando
1643 1539 1817 1596 signum
1853 1537 1971 1580 venit

335 1625 386 1670 ad
415 1641 558 1684 regem
598 1642 746 1679 suum,
787 1625 959 1684 qualem
995 1625 1280 1668 reverentiam
1309 1625 1396 1682 ipsa
1429 1623 1486 1666 ibi
1515 1622 1627 1675 fecit,
1661 1635 1702 1666 et
1723 1623 1756 1665 si
1781 1622 1899 1665 venit
1922 1636 1974 1664 ex

335 1722 448 1768 parte
476 1710 556 1753 Dei
582 1727 590 1753 :
634 1708 856 1768 respondit
879 1707 995 1767 quod
1020 1709 1119 1766 =ipsa
1146 1708 1382 1765 *regratiata
1407 1719 1468 1750 est
1513 1707 1623 1759 Deo,
1651 1722 1702 1749 ex
1741 1705 1823 1749 hoc
1855 1703 1973 1764 quod

334 1794 422 1851 ipse
453 1794 597 1851 posuit
634 1808 728 1836 eam
760 1805 878 1836 extra
907 1808 1081 1850 poenam
1119 1790 1197 1835 sibi
1234 1789 1474 1834 faciendam
1503 1805 1575 1848 per
1611 1789 1786 1833 clericos
1816 1787 1867 1832 de
1891 1787 1975 1831 illis

333 1875 536 1934 partibus,
591 1878 666 1934 qui
701 1875 934 1933 arguebant
968 1888 1114 1919 contra
1143 1890 1271 1928 eam3
1316 1887 1356 1918 et
1384 1873 1542 1932 pluries
1568 1872 1686 1916 flexit
1722 1887 1878 1930 genua.
1916 1897 1974 1901 —

332 1961 456 2011 Item,
480 1959 630 2004 eadem
657 1959 741 2013 die,
773 1961 1031 2017 interrogata
1055 1960 1088 2002 si
1117 1975 1187 2001 rex
1213 1974 1316 2002 suus
1343 1971 1384 2001 et
1415 1958 1507 2015 ipsa
1540 1956 1732 2000 fecerunt
1772 1970 1976 1999 reveren-

333 2045 439 2087 tiam
463 2044 629 2101 angelo‚
655 2042 831 2102 quando
852 2043 1091 2101 apportavit
1111 2043 1285 2099 signum
1311 2059 1317 2085 :
1350 2040 1571 2099 respondit
1595 2039 1713 2098 quod
1742 2040 1815 2093 sic,
1842 2054 1977 2098 quan-
2038 2068 2042 2071 -
2097 2046 2099 2050 ⁴

334 2142 429 2171 turn
457 2140 517 2171 est
541 2135 551 2160 5
582 2127 633 2170 de
654 2128 742 2184 ipsa
765 2144 775 2180 ;
802 2140 842 2169 et
870 2126 987 2169 flexit
1006 2141 1147 2183 genua
1167 2141 1214 2169 ac
1238 2126 1420 2169 removit
1447 2125 1691 2181 capucium.

394 2212 518 2263 Item,
547 2210 676 2263 lunae,
698 2224 770 2253 ΧΠ.
795 2211 953 2262 martii,
982 2211 1255 2267 interrogata,
1285 2207 1459 2267 quando
1480 2208 1675 2267 promisit
1696 2208 1791 2251 Deo
1809 2222 1973 2250 servare

335 2295 624 2352 virginitatem
646 2309 785 2346 suam,
811 2307 956 2336 utrum
980 2294 1068 2350 ipsa
1093 2292 1351 2350 loquebatur
1374 2293 1410 2335 ei
1435 2309 1442 2335 :
1473 2290 1695 2349 respondit
1721 2289 1839 2349 quod
1864 2289 1974 2333 bene

336 2377 515 2421 debebat
530 2377 723 2421 sufficere
749 2376 800 2420 de
823 2377 903 2420 hoc
925 2374 1220 2434 promittendo
1260 2376 1341 2419 illis
1365 2376 1439 2433 qui
1467 2387 1587 2419 erant
1622 2375 1737 2418 missi
1767 2389 1818 2418 ex
1857 2386 1973 2432 parte

338 2462 469 2517 ipsius
494 2461 590 2514 Dei,
619 2459 815 2504 videlicet
840 2461 993 2503 sanctis
1017 2459 1263 2503 Katharinae
1287 2471 1328 2502 et
1349 2460 1608 2517 Margarctae.
1636 2484 1695 2488 —
1723 2459 1831 2501 Item
1869 2455 1976 2501 dixit

338 2543 471 2601 quod,
499 2544 636 2602 prima
656 2544 747 2586 vice
782 2559 863 2601 qua
887 2542 1051 2586 audivit
1078 2558 1229 2586 vocem
1254 2558 1392 2596 suam,
1424 2543 1511 2598 ipsa
1539 2543 1660 2585 vovit
1688 2557 1811 2585 suam
1849 2541 1976 2597 virgi—

406 2748 422 2765 *
439 2749 626 2800 Respond
659 2748 709 2786 du
735 2758 1083 2787 commanccmcnt
1106 2762 1112 2785 :
1152 2765 1168 2783 «
1193 2747 1275 2796 J'cn
1299 2761 1346 2800 ay
1372 2746 1572 2800 respondu
1597 2761 1642 2793 »3
1685 2755 1721 2784 et
1746 2746 1793 2784 dc
1815 2745 1850 2784 la
1882 2759 1976 2784 con-

337 2819 511 2867 clusion,
533 2819 613 2858 s'en
637 2819 776 2858 actend
793 2819 814 2857 a
833 2829 966 2858 nostre
983 2820 1067 2858 Sirc
1083 2820 1111 2857 ⁶.

391 3027 418 3050 1.
440 3016 507 3050 AC
527 3028 537 3050 :
564 3015 791 3062 amplectendo.
818 3037 860 3040 —
886 3025 918 3049 2.
942 3015 1008 3050 AC
1030 3027 1040 3049 .·
1060 3015 1218 3060 maligni.
1242 3035 1285 3040 —
1304 3025 1334 3059 3.
1357 3015 1388 3048 A
1411 3027 1421 3048 .·
1443 3014 1735 3060 quadragesimum
1763 3025 1899 3048 nonum.
1927 3034 1974 3038 —-

338 3087 372 3117 4.
402 3076 466 3109 AB
486 3087 495 3108 :
512 3075 731 3122 respondit—
746 3085 776 3119 5.
792 3075 827 3119 Q
855 3083 952 3109 omet
972 3080 1028 3109 est.
1049 3081 1096 3099 4
1113 3073 1147 3109 6.
1171 3073 1213 3117 U,
1232 3073 1295 3108 fol.
1319 3084 1377 3119 29,
1395 3083 1438 3107 ro.
