2099 3356
389 185 545 229 vizocizs
592 201 648 230 DE
696 201 1046 231 CONDAMNATloN
1084 201 1136 230 nr:
1170 202 1335 244 JEANNE
1368 189 1494 233 n'ARc
1678 202 1755 247 375

174 298 297 351 Item,
325 299 426 356 quia
450 298 500 343 ab
528 300 744 358 aliquibus
778 314 872 354 nos,
913 300 1090 358 judices,
1129 301 1402 346 audieramus
1443 302 1560 361 quod
1594 302 1761 348 illusio-

114 380 242 425 nibus
280 396 456 426 suatum
490 384 810 428 revelationum
841 396 1163 442 praetensarum‚
1193 382 1351 444 quibus
1386 398 1509 430 antea
1543 388 1762 431 renuntia-

112 477 247 518 verat,
300 465 441 510 adhuc
477 466 727 521 inhaerebat,
766 470 899 526 ipsam
940 469 1299 525 interrogavimus
1341 485 1414 522 an,
1460 467 1611 528 depost
1648 470 1763 515 diem

112 549 237 605 jovis,
281 551 369 607 ipsa
415 549 636 594 audiverat
676 567 800 595 voces
841 565 1084 596 sanctarum
1126 552 1373 596 Katharinae
1416 566 1456 597 et
1492 555 1760 612 Margaretae.

116 631 357 689 Respondit
383 633 500 691 quod
529 634 602 677 sic.

173 715 436 773 Interrogata
464 716 567 775 quid
596 717 674 761 sibi
704 717 937 772 dixerunt3
974 718 1192 776 respondit
1213 727 1222 744 ¹
1249 719 1367 778 quod
1393 720 1512 763 Deus
1540 720 1762 765 mandavit

113 798 209 851 sibi,
255 815 328 856 per
360 812 524 844 sanctas
570 800 852 845 Katharinam
889 816 930 845 et
970 803 1270 860 Margaretam‚
1311 819 1511 860 magnam
1556 805 1758 862 pietatem

112 881 228 926 illius
271 882 443 939 grandis
496 883 757 942 proditionis
805 885 848 928 in
906 900 1033 943 quam
1082 887 1170 943 ipsa
1212 886 1411 942 Jolianna
1468 900 1757 941 consenserat,

113 966 308 1010 faciendo
336 966 653 1023 abjurationem
683 980 724 1011 et
752 970 1073 1013 revocationem
1104 984 1180 1027 pro
1213 969 1418 1014 salvando
1445 972 1577 1014 vitam
1599 986 1719 1015 suam
1747 987 1758 1025 3

110 1063 150 1094 et
178 1050 295 1108 quod
323 1052 410 1109 ipsa
433 1066 476 1094 se
503 1051 781 1095 damnaverat
810 1067 887 1109 pro
920 1051 1124 1096 salvando
1153 1055 1286 1097 vitam
1322 1069 1461 1097 suam.
1508 1055 1616 1098 Item
1653 1053 1760 1098 dixit

108 1133 357 1192 quod‚ante
385 1134 501 1178 diem
519 1136 641 1191 jovis,
667 1150 794 1179 voces
817 1151 905 1178 suae
932 1136 1010 1179 sibi
1041 1135 1273 1181 dixerunt²
1295 1136 1401 1181 illud
1428 1135 1547 1196 quod
1574 1139 1663 1195 ipsa
1685 1137 1760 1182 illo

113 1217 181 1262 die
203 1217 373 1272 faceret,
396 1231 437 1262 et
460 1218 578 1277 quod
607 1230 790 1277 protunc
818 1221 906 1277 ipsa
939 1219 1052 1263 fecit.
1091 1221 1204 1264 Dicit
1234 1220 1343 1264 ultra
1371 1220 1488 1280 quod
1516 1236 1642 1264 voces
1671 1236 1759 1265 suae

109 1301 188 1345 sibi
213 1301 429 1356 dixerunt,
454 1302 630 1361 quando
670 1314 757 1346 erat
782 1304 824 1346 in
862 1303 1045 1347 scafaldo
1073 1318 1148 1347 seu
1169 1303 1371 1358 ambone,
1397 1319 1539 1348 coram
1576 1304 1758 1362 populo,

109 1385 226 1445 quod
268 1386 467 1430 audacter
503 1385 782 1445 responderet
825 1387 885 1430 illi
924 1386 1188 1444 praedicatori
1226 1389 1300 1446 qui
1340 1401 1442 1431 tunc
1483 1387 1755 1446 praedicabat.

109 1469 376 1529 Dicebatque
401 1469 550 1514 eadem
576 1470 775 1527 Johanna
795 1470 913 1528 quod
939 1470 1008 1514 ille
1029 1482 1116 1514 erat
1133 1471 1260 1515 falsus
1280 1471 1543 1530 praedicator,
1574 1484 1614 1515 et
1636 1470 1754 1530 quod

109 1554 229 1614 plura
257 1554 420 1615 dixerat
439 1569 534 1598 eam
561 1553 710 1598 fecisse
734 1570 830 1613 quae
859 1554 947 1612 ipsa
973 1569 1062 1598 non
1084 1555 1253 1598 fecerat.
1286 1556 1393 1599 Item
1423 1555 1528 1599 dixit
1555 1555 1689 1613 quod,
1721 1557 1755 1598 si

107 1639 196 1696 ipsa
218 1637 374 1682 diceret
395 1637 514 1697 quod
542 1639 660 1681 Deus
682 1654 770 1681 non
794 1639 979 1681 misisset
1006 1653 1116 1690 eam,
1139 1640 1227 1696 ipsa
1249 1637 1471 1683 damnaret
1492 1654 1550 1691 se,
1574 1652 1615 1683 et
1635 1639 1754 1698 quod

105 1724 314 1766 veraciter
341 1723 458 1766 Deus
493 1723 626 1780 ipsam
667 1723 799 1765 misit.
840 1722 950 1765 Item
985 1720 1092 1765 dixit
1122 1722 1239 1780 quod
1279 1737 1404 1766 voces
1437 1737 1526 1767 suae
1552 1722 1756 1767 dixerunt

161 1976 417 2028 Interrogue'e
451 1989 507 2022 se,
540 1974 681 2027 depuis
707 1975 827 2026 jeudi,
855 1974 929 2014 elle
958 1989 976 2013 a
1002 1976 1115 2027 point
1139 1987 1221 2028 ouy
1242 1988 1301 2013 ses
1327 1975 1418 2013 voix
1448 1990 1454 2012 :
1483 1975 1655 2028 respond
1678 1989 1754 2028 que

107 2047 207 2086 ouil.

163 2119 420 2171 Interrogue'e
451 2117 613 2171 qu'elles
648 2118 715 2170 luy
747 2127 817 2156 ont
851 2118 907 2156 dit
944 2131 950 2156 :
988 2118 1161 2170 respond
1190 2117 1354 2168 qu'elles
1386 2117 1452 2170 luy
1488 2127 1559 2156 ont
1588 2118 1645 2156 dit
1675 2131 1753 2171 que

109 2192 210 2230 Dieu
230 2190 298 2243 lu)⁷
328 2204 347 2228 a
379 2190 536 2234 mande,
572 2203 639 2242 pai·
661 2190 830 2228 sainctes
857 2189 1073 2227 lx'atlierine
1097 2198 1134 2227 et
1158 2189 1382 2241 Margarite,
1416 2188 1449 2227 la
1473 2189 1618 2241 grande
1656 2190 1752 2242 pitie'

107 2264 154 2302 de
176 2262 209 2300 la
233 2272 394 2315 trayson
420 2261 565 2314 qu'elle
590 2270 787 2314 consenty
814 2273 862 2299 en
884 2260 1024 2299 faisant
1046 2260 1301 2310 l'abjuracion
1328 2270 1365 2299 et
1391 2261 1626 2298 revocacion
1651 2272 1752 2313 pour

106 2347 246 2373 sauver
271 2348 309 2372 sa
332 2335 422 2381 vie3
452 2342 490 2372 et
513 2346 589 2386 que
612 2332 687 2371 elle
707 2345 745 2371 se
771 2333 980 2389 dampnoit
1003 2345 1104 2385 pour
1126 2345 1266 2370 sauver
1287 2346 1326 2370 sa
1350 2332 1426 2370 vie.

161 2408 269 2451 Item,
295 2405 349 2444 dit
378 2419 470 2458 que,
494 2419 542 2443 au
568 2405 711 2443 devant
741 2405 793 2443 de*
815 2404 936 2456 jeudi,
967 2416 1043 2457 que
1067 2417 1128 2442 ses
1150 2404 1241 2442 voix
1266 2403 1319 2441 lui
1343 2404 1502 2442 avoient
1529 2403 1586 2441 dit
1609 2415 1651 2442 ce
1674 2414 1752 2456 que

105 2478 180 2517 elle
202 2478 334 2525 feroit,
358 2487 395 2516 et
416 2476 561 2530 qu’elle
581 2476 644 2515 fist
678 2490 721 2515 ce
749 2477 849 2528 jour.
880 2476 945 2514 Dit
969 2475 1097 2514 oultre
1121 2488 1199 2529 que
1230 2488 1290 2513 ses
1315 2475 1404 2513 voix
1428 2474 1495 2527 luy
1517 2475 1682 2514 distrent
1703 2489 1752 2514 en

104 2548 371 2588 l'ercliarfault
397 2561 473 2602 que
498 2548 573 2587 elle
605 2548 812 2601 respondit
846 2547 893 2585 ad
928 2561 971 2585 ce
1009 2547 1224 2600 prescheur
1256 2547 1521 2593 hardiement,
1551 2555 1595 2585 et¹
1623 2546 1753 2600 lequel

103 2603 317 2674 presch'eur
353 2620 427 2659 elle
477 2620 670 2673 appelloit
705 2619 808 2658 saulx
855 2619 1082 2672 prescheur,
1115 2628 1153 2656 et
1192 2617 1287 2670 qu'il
1323 2618 1430 2656 avoit
1465 2618 1522 2656 dit
1558 2617 1756 2670 plusieurs

103 2691 248 2731 c'lioses
271 2692 417 2745 qu'elle
440 2692 589 2731 n'avoit
611 2705 678 2744 pas
697 2691 846 2730 fait-tes.

157 2766 266 2811 Item,
291 2764 367 2802 dist
395 2777 487 2817 que,
512 2777 551 2801 se
574 2762 650 2802 elle
675 2763 794 2801 diroit
815 2775 891 2815 que
910 2763 1009 2800 Dieu
1030 2774 1078 2800 ne
1098 2760 1230 2800 l’avoit
1246 2762 1441 2813 envoyt'ae,
1457 2760 1531 2799 elle
1558 2774 1596 2798 se
1619 2761 1756 2813 damp-

104 2837 234 2874 neroit
253 2851 261 2884 ;
288 2849 364 2889 que
389 2848 484 2889 vray
507 2844 565 2874 est
586 2848 662 2888 quc
687 2835 787 2873 Dieu
808 2833 855 2872 l'a
880 2834 1074 2885 envoyee.

164 3108 193 3132 1.
225 3099 321 3133 ABC
338 3111 380 3133 cn
402 3109 525 3145 marge
550 3110 555 3132 :
584 3099 739 3144 Responsi
775 3098 966 3142 mortifera,
995 3116 1039 3123 -——
1068 3107 1099 3131 2.
1124 3096 1435 3132 ARC:ds.w1-‹mt.
