2099 3356
343 179 423 210 110
614 165 772 210 Pnoclzs
805 181 861 209 DE
893 180 1246 210 CONDAMNATtoN
1281 181 1338 209 DE
1368 181 1534 222 JEANNE
1566 166 1693 211 D'ARC

338 278 516 323 traderet
543 278 623 322 sibi
645 291 792 337 gentes
819 294 1057 333 armorum,
1080 279 1273 337 alioquin
1299 295 1389 323 non
1420 291 1527 323 esset
1550 281 1607 323 ita
1631 281 1717 324 cito
1743 293 1975 325 coronatus

336 375 376 406 et
403 374 686 406 consecratus.
994 420 998 424 .

389 447 650 503 Interrogata
689 458 837 489 utrum
877 447 979 503 ipsa,
1017 445 1167 504 depost
1208 445 1323 490 diem
1360 445 1627 500 hesternum,
1662 447 1804 491 locuta
1840 447 1971 491 fuerit

333 546 435 574 cum
465 542 609 574 sancta
642 528 876 572 Katharina
906 546 913 572 :
949 529 1167 586 respondit
1200 528 1333 587 quod,
1369 528 1520 587 depost
1549 528 1665 574 diem
1702 529 1971 585 hesternum,

333 613 496 657 audivit
524 629 645 666 eam3
683 625 724 655 et
758 624 904 656 tamen
932 611 1038 655 dixit
1071 614 1108 655 ei
1145 612 1304 670 pluries
1340 611 1459 670 quod
1492 612 1746 670 respondeat
1774 613 1974 658 audacter

333 695 544 754 judicibus
565 695 616 740 de
638 696 719 739 hoc
740 695 856 754 quod
882 708 1029 753 petent
1048 694 1205 749 eidem,
1236 709 1414 753 tangens
1436 712 1683 754 processum
1707 713 1852 741 suurn.

393 780 652 837 Interrogata
677 778 904 837 quomodo
921 779 1098 836 angelus
1117 780 1203 837 ipse
1224 781 1464 837 apportavit
1483 779 1728 838 praedictam
1748 796 1970 835 coronam,

332 875 373 907 et
401 877 545 907 utrum
569 864 656 920 ipse
682 863 825 920 posuit
845 878 971 920 super
998 875 1122 920 caput
1146 864 1253 920 regis
1273 864 1339 906 sui
1368 877 1375 905 1
1406 862 1626 921 respondit
1644 863 1761 922 quod
1780 863 1974 922 praedicta
2007 860 2040 872 ’”

331 962 489 990 corona
542 945 622 990 fuit
677 945 829 989 tradita
893 947 969 989 uni
1013 946 1349 1004 archiepiscopo,
1409 945 1606 990 videlicet
1653 947 1972 1006 archiepiscopo

334 1030 552 1082 Remensi,
583 1042 709 1086 prout
731 1030 767 1072 ei
793 1028 978 1082 videtur,
1010 1030 1052 1072 in
1091 1031 1313 1087 praesentia
1342 1031 1448 1088 regis
1475 1031 1570 1084 sui;
1612 1043 1652 1074 et
1676 1030 1816 1075 dictus
1839 1030 1973 1075 archi-

331 1114 554 1171 episcopus
575 1128 670 1156 eam
687 1114 843 1170 recepit
869 1125 909 1156 et
928 1111 1102 1156 tradidit
1121 1112 1258 1156 eidem
1281 1114 1366 1171 regi
1385 1129 1492 1167 suo;
1519 1126 1559 1158 et
1581 1114 1972 1171 ipsametJohanna

333 1208 420 1239 erat
447 1211 645 1254 praesens.
673 1196 831 1254 Estque
853 1211 1009 1239 corona
1035 1195 1217 1253 predicta
1243 1197 1378 1254 posita
1404 1198 1448 1240 in
1471 1196 1672 1241 thesauro
1699 1199 1807 1255 regis
1830 1198 1911 1241 sui.

392 1280 655 1336 Interrogata
677 1294 764 1337 quo
791 1278 886 1323 loco
911 1279 991 1322 fuit
1013 1278 1121 1322 dicta
1143 1295 1299 1323 corona
1326 1292 1546 1337 apportata
1577 1297 1585 1323 ;
1617 1279 1837 1338 respondit
1854 1279 1971 1339 quod

334 1363 414 1406 hoc
435 1362 516 1406 fuit
545 1364 585 1405 in
612 1378 778 1405 camera
806 1363 912 1420 regis
937 1364 1019 1415 sui,
1051 1363 1092 1405 in
1121 1375 1258 1406 castro
1283 1361 1334 1406 de
1365 1364 1536 1407 Chinon.

390 1447 652 1503 Interrogata
679 1462 767 1505 quo
800 1445 868 1489 die
903 1458 943 1489 et
971 1462 1055 1505 qua
1081 1446 1184 1490 hora
1215 1465 1222 1490 :
1265 1446 1488 1505 respondit
1521 1446 1638 1505 quod
1670 1446 1721 1490 de
1749 1446 1835 1500 die,
1863 1447 1970 1490 nihil

328 1530 432 1583 scit;
460 1542 500 1573 et
518 1542 731 1588 quantum
753 1542 813 1573 est
829 1529 881 1573 de
904 1529 1021 1583 hora,
1049 1544 1135 1574 erat
1159 1529 1261 1573 hora
1285 1530 1382 1583 alta,
1407 1530 1528 1574 aliter
1544 1547 1632 1574 non
1658 1530 1782 1574 habet
1805 1547 1969 1575 memo—

330 1767 364 1805 la
388 1768 501 1806 meist
523 1781 569 1805 en
593 1767 827 1819 besoingne,
857 1766 948 1806 c'est
975 1768 1149 1806 assavoir
1179 1781 1255 1821 que
1285 1767 1307 1806 il
1333 1767 1399 1820 luy
1419 1767 1572 1806 baillast
1591 1768 1638 1807 de
1660 1781 1757 1821 gens
1783 1769 1965 1818 damnes,

331 1847 550 1877 autrement
574 1846 581 1862 ¹
608 1836 632 1876 il
653 1852 701 1876 ne
721 1838 840 1877 seroit
860 1852 948 1891 mye
973 1838 1002 1876 si
1023 1848 1101 1877 tost
1122 1839 1328 1877 couronne
1348 1849 1384 1877 et
1406 1839 1525 1878 sacre.

385 1910 637 1962 Interroguee
662 1924 700 1948 se
726 1909 866 1962 depuis
887 1910 971 1948 hier
993 1909 1132 1948 ladicte
1150 1910 1327 1958 Jehanne
1347 1924 1365 1948 a
1388 1910 1526 1962 parlea
1549 1909 1696 1949 saincte
1720 1908 1934 1950 Katherine
1956 1924 1963 1949 :

330 1978 500 2033 respond
523 1993 599 2033 que
625 1979 765 2034 depuis
790 1980 863 2019 elle
890 1978 937 2019 l’a
959 1995 1090 2033 ouye3
1115 1991 1151 2020 et
1179 1980 1421 2019 toutesvoies
1447 1978 1514 2033 luy
1542 1995 1561 2019 a
1583 1980 1639 2020 dit
1669 1980 1864 2034 plusieurs
1893 1980 1967 2021 fois

325 2052 466 2105 qu'elle
499 2052 694 2104 responde
716 2053 963 2090 hardiernent
996 2065 1069 2090 aux
1092 2051 1200 2104 juges
1225 2050 1272 2090 de
1305 2065 1347 2090 ce
1370 2051 1488 2105 qu'ilz
1519 2051 1806 2092 demanderont
1834 2054 1854 2092 a
1875 2051 1964 2101 elle,

329 2122 521 2161 touchant
539 2137 609 2161 son
628 2128 784 2176 proces.

384 2192 637 2246 Interroguee
663 2208 711 2232 en
744 2193 875 2247 quelle
901 2193 1074 2233 inaniere
1106 2192 1249 2247 l’angle
1281 2205 1442 2247 apporta
1467 2193 1502 2233 Ia
1532 2209 1753 2244 couronne,
1781 2205 1818 2234 et
1842 2194 1899 2234 s’il
1933 2193 1967 2235 la

327 2264 418 2304 mist
442 2279 506 2303 sur
527 2264 561 2303 la
583 2275 679 2304 teste
706 2264 752 2303 de
785 2279 853 2303 son
885 2277 956 2317 roy
978 2280 984 2303 :
1012 2264 1199 2318 respond,
1222 2265 1296 2304 elle
1319 2264 1375 2304 fut
1397 2265 1536 2304 baillee
1559 2281 1578 2304 a
1603 2280 1686 2319 ung
1712 2280 1964 2320 arcevesque„

327 2334 420 2375 c’est
446 2336 618 2375 assavoir
639 2335 753 2388 celuy
784 2337 830 2374 de
864 2336 996 2381 Rains,
1021 2350 1178 2375 comme
1201 2335 1223 2375 il
1250 2335 1318 2390 luy
1340 2336 1489 2376 semble
1511 2347 1541 2385 ²,
1568 2351 1615 2376 en
1646 2335 1680 2376 la
1701 2339 1888 2391 presence
1913 2336 1963 2377 du

329 2422 426 2460 royg
465 2419 501 2447 et
533 2409 626 2446 ledit
663 2421 900 2460 arcevesque
929 2408 963 2446 la
997 2418 1149 2446 receust
1182 2418 1218 2446 et
1259 2408 1292 2446 la
1313 2407 1424 2446 bailla
1461 2422 1508 2446 au
1539 2422 1631 2461 roy;
1668 2419 1704 2448 et
1738 2407 1854 2448 estoit
1884 2409 1958 2449 elle

331 2490 502 2518 mesmes
525 2480 725 2532 presente3
750 2489 788 2517 et
811 2489 867 2517 est
888 2478 984 2517 misc
1007 2492 1053 2517 en
1074 2481 1198 2517 tre-sor
1220 2479 1270 2517 du
1293 2493 1374 2531 roy.

386 2552 635 2604 Interroguee
667 2549 833 2588 du·lieu
862 2550 913 2588 ou
951 2549 1025 2588 elle
1056 2549 1113 2588 fut
1142 2551 1329 2603 apportee
1363 2564 1370 2588 :
1406 2548 1575 2603 respond
1604 2565 1611 2588 t
1647 2567 1666 2586 «
1701 2551 1754 2591 Ce
1780 2549 1904 2590 futen
1932 2550 1965 2590 la

329 2619 517 2660 chambre
540 2620 590 2659 du
617 2635 702 2673 roy,
725 2635 770 2659 eu
794 2619 941 2659 chastel
965 2619 1010 2659 de
1034 2619 1210 2659 Chinon.
1239 2639 1255 2656 ν

387 2693 640 2744 Interroguee
663 2692 712 2730 du
733 2693 821 2742 jour
841 2701 877 2730 et
897 2692 943 2730 de
965 2691 1082 2730 l’eure
1108 2705 1114 2730 ε
1140 2692 1308 2744 respond
1330 2707 1336 2730 :
1359 2709 1376 2727 «
1405 2694 1466 2731 Du
1488 2693 1590 2744 jour,
1612 2693 1645 2745 je
1663 2706 1711 2732 ne
1730 2706 1835 2745 scay,
1859 2703 1895 2733 et
1914 2693 1961 2733 de

329 2762 464 2809 l’eure,
487 2762 511 2800 il
536 2763 653 2801 estoit
677 2763 810 2801 haulte
844 2763 965 2801 heure
999 2778 1043 2811 »3
1070 2772 1292 2801 autrement
1314 2762 1372 2801 n’a
1396 2764 1589 2802 inemoire
1610 2764 1657 2802 de
1682 2763 1827 2809 l’eure;
1857 2773 1894 2803 et
1912 2765 1963 2803 du

383 3016 409 3039 1.
428 3005 497 3040 Ms.
523 3009 709 3038 nuisement
729 3006 827 3049 apres
850 3016 908 3050 quc
927 3004 1019 3038 :c'esc
1039 3006 1187 3039 assa-wir
1201 3016 1260 3051 que
1273 3010 1468 3038 autrement.
1487 3026 1530 3029 -—
1550 3015 1581 3039 2.
1607 3006 1671 3040 Ms.
1700 3018 1708 3039 .·
1729 3017 1849 3040 comme
1868 3007 1895 3040 il
1908 3007 1963 3053 luy

333 3058 447 3092 semble
464 3067 513 3092 est
531 3060 740 3103 expone-tue.
1506 3057 1512 3070 “
1643 3065 1645 3067 “
