2099 3356
375 197 533 242 PRocizs
566 211 623 241 DE
658 209 1010 249 coNDAMNA‘rloN
1046 210 1102 239 DE
1134 209 1300 252 JEANNE
1334 195 1461 239 D’Anc
1664 208 1736 251 195

90 310 208 354 modi
251 309 522 364 habentibus,
566 309 729 369 aliquid
767 309 931 354 adversi
973 311 1016 353 in
1054 310 1141 352 suis
1174 308 1516 367 aggressionibus
1550 320 1590 351 et
1620 307 1736 350 factis

87 409 210 452 posse
233 395 500 452 contingere,
527 406 600 438 aut
632 395 747 452 ipsos
780 392 956 453 aliquod
982 391 1275 437 infortunium
1301 394 1401 450 pati.
1427 390 1561 446 Quod
1581 392 1739 449 specia-

90 475 185 520 liter
206 476 346 534 palam
375 489 416 520 et
443 476 612 534 publice
640 475 872 534 publicavit
904 473 1185 533 Compendii,
1215 474 1349 533 pridie
1379 489 1512 533 quam
1545 473 1598 517 de
1633 472 1744 517 dicta

92 559 191 603 villa
210 559 491 618 Compendii,
515 575 616 604 cum
635 561 841 613 exercitu,
869 559 967 603 fecit
983 560 1149 602 exitum
1171 570 1320 603 contra
1341 557 1575 601 dominum
1589 556 1743 601 ducem

96 642 372 701 Bmgundiae,
403 645 446 686 in
474 659 579 702 quo,
616 644 866 697 vulneratis,
899 642 1128 686 interfectis
1151 655 1192 686 et
1225 643 1356 700 captis
1391 642 1538 686 multis
1564 640 1616 685 de
1642 642 1744 694 suis,

95 739 215 785 capta
241 739 304 770 est
330 739 370 771 et
407 727 687 786 deprehensa.
728 728 778 770 Et
811 726 926 771 idem
966 726 1252 785 publicaverat
1278 738 1319 770 et
1341 724 1494 769 fecerat
1519 727 1562 768 in
1592 726 1747 769 Sancto

100 812 331 869 Dionysio,
377 827 479 855 cum
518 813 720 856 excitaret
761 813 997 855 exercitum
1039 808 1089 854 ad
1121 809 1313 854 dandum
1355 809 1567 854 insultum
1601 821 1748 853 contra

101 896 298 939 Parisius.
334 912 354 935 ³>

158 977 258 1022 *Ad
289 978 405 1022 hunc
433 988 440 1004 ¹
478 979 721 1032 articulum,
753 978 820 1022 die
855 979 1018 1032 martis,
1047 992 1184 1021 xxvn.
1217 978 1374 1032 martii,
1417 977 1524 1021 dixit
1557 977 1676 1036 quod
1706 992 1749 1020 se

98 1060 225 1105 refert
248 1061 299 1106 ad
323 1078 370 1106 ea
393 1078 492 1120 quae
522 1077 650 1121 super
672 1062 754 1106 hoc
781 1062 881 1106 alias
921 1061 1156 1120 respondit.
1184 1063 1234 1105 Et
1261 1061 1442 1105 ulterius
1478 1060 1593 1105 addit
1613 1059 1769 1119 quod,.

97 1143 148 1189 de
166 1146 309 1204 aliqua
336 1160 378 1190 re
397 1162 529 1204 quam
552 1146 713 1199 fecerit,
752 1162 841 1190 non
867 1158 954 1190 erat
984 1145 1273 1203 sortilegium,
1309 1161 1386 1189 nec
1416 1145 1495 1189 alia
1520 1145 1631 1188 mala
1655 1160 1746 1198 arsg

96 1229 169 1274 sed
205 1229 257 1274 de
297 1230 413 1274 bono
448 1229 642 1274 fortunio
665 1231 731 1273 sui
766 1231 986 1283 astundam,
1021 1246 1064 1274 se
1106 1229 1232 1273 refert
1271 1229 1321 1273 ad
1349 1229 1595 1273 fortunium
1632 1228 1750 1287 quod

101 1314 320 1358 Dominus
353 1327 498 1358 noster
516 1316 559 1357 in
588 1329 640 1358 eo
661 1315 912 1358 transmisit.

162 1398 244 1441 Die
271 1399 435 1451 martis,
461 1412 601 1441 xxvu.
633 1398 848 1451 februarii,
879 1398 1137 1456 interrogata
1165 1399 1199 1440 si
1224 1398 1415 1455 posuerit
1447 1412 1592 1440 ensem
1623 1412 1751 1440 suum

59 1524 63 1526 ,
103 1496 228 1539 supra
254 1481 430 1540 aliquod
457 1482 586 1526 altare
620 1499 626 1522 :
660 1481 879 1540 respondit
899 1489 912 1506 ²
950 1467 1068 1540 duod
1100 1496 1207 1534 non,
1232 1480 1350 1539 quod
1374 1482 1491 1534 sciat,
1522 1496 1601 1524 nec
1634 1479 1751 1539 quod

106 1567 297 1624 posuerit
336 1579 382 1610 ut
422 1578 530 1609 esset
550 1567 685 1624 magis
710 1566 953 1610 fortunatus
975 1573 1003 1607 3.
1035 1566 1299 1622 Interrogata
1321 1566 1354 1608 si
1392 1563 1572 1609 habebat
1606 1580 1753 1608 ensem

103 1665 251 1703 suum,
274 1649 450 1708 quando
478 1649 561 1694 fuit
585 1662 707 1707 capta
731 1666 739 1692 ε
767 1648 992 1707 respondit
1019 1648 1136 1708 quod
1163 1664 1274 1703 non;
1301 1648 1374 1692 sed
1413 1647 1592 1692 habebat
1612 1664 1753 1692 unum

104 1735 178 1791 qui
201 1732 338 1778 fuerat
363 1746 510 1792 captus
537 1749 665 1791 supra
688 1748 829 1777 unum
857 1731 1162 1791 Burgundum.

163 1818 289 1871 Item,
316 1816 383 1861 die
409 1819 533 1875 jovis,
552 1819 689 1876 prima
718 1819 874 1870 martii,
902 1818 1162 1874 interrogata
1181 1817 1277 1875 quis
1301 1814 1473 1860 dederat
1500 1817 1536 1859 ei
1565 1815 1747 1860 anulum

103 1917 233 1960 quem
265 1901 422 1945 habent
446 1900 667 1960 Burgundi
698 1918 706 1944 τ
731 1900 954 1958 respondit
981 1900 1098 1959 quod
1127 1913 1243 1958 pater
1277 1916 1380 1944 suus
1409 1900 1473 1944 vel
1499 1913 1635 1944 mater
1661 1916 1753 1953 sua,

103 1997 145 2029 et
168 1987 206 2029 ei
247 1985 417 2029 videtur
443 1984 560 2044 quod
589 1987 632 2028 in
661 1985 738 2028 illo
769 1998 858 2028 erat
881 1986 1090 2042 scriptum
1104 1986 1266 2040 JHESUS
1302 1985 1475 2037 MAR1A3
1518 1983 1591 2028 sed
1620 1984 1755 2027 nescit

105 2070 202 2128 quis
223 2068 319 2113 fecit
348 2085 395 2113 ea
424 2069 573 2123 scribi3
601 2084 679 2113 nec
705 2070 860 2113 eratin
890 2085 942 2113 eo
971 2069 1088 2126 lapis,
1118 2082 1166 2112 ut
1192 2067 1363 2112 videtur
1384 2069 1443 2122 ei3
1479 2080 1520 2111 et
1559 2067 1638 2111 sibi
1675 2067 1757 2111 fuit

107 2152 231 2197 datus
250 2152 363 2211 apud
378 2154 609 2211 Dompremi
627 2163 657 2196 ⁴.
680 2153 799 2197 Dixit
820 2154 949 2196 etiam
975 2152 1092 2210 quod
1115 2152 1243 2195 frater
1263 2168 1367 2196 suus
1386 2150 1503 2195 dedit
1519 2152 1557 2194 ei
1575 2151 1757 2195 anulum

108 2253 239 2296 quem
268 2253 363 2292 noS,
392 2239 634 2296 episcopus,
666 2237 889 2288 habemus,
920 2235 972 2280 de
1009 2252 1099 2294 quo
1134 2252 1212 2280 nos
1239 2248 1388 2279 onerat
1422 2247 1470 2279 ut
1497 2235 1621 2278 illum
1650 2234 1759 2278 offe-

108 2336 253 2365 ramus
271 2320 470 2365 ecclesiae.
497 2322 624 2374 Item,
655 2320 761 2364 dixit
785 2319 904 2379 quod
940 2319 991 2364 de
1025 2320 1148 2364 nullo
1172 2320 1407 2363 anulorum
1432 2334 1613 2362 suorum
1636 2333 1760 2361 cura—

110 2406 172 2448 vit
196 2420 271 2449 seu
299 2406 465 2449 sanavit
495 2405 686 2463 aliquam
715 2420 960 2462 personam.

161 2621 178 2638 *
199 2620 330 2668 Quoad
356 2619 584 2666 vicesimum,
615 2634 648 2659 se
679 2619 789 2673 reffert
809 2618 857 2658 ad
888 2633 929 2658 ea
960 2633 1043 2673 quse
1073 2625 1181 2673 supet·
1202 2618 1261 2657 hoc
1293 2617 1488 2671 respondit.
1522 2611 1571 2656 Et
1608 2617 1764 2656 ulterius

108 2691 210 2731 addi!
229 2706 305 2746 que
331 2692 378 2731 de
404 2693 524 2731 chose
545 2691 692 2745 qu’elle
717 2693 769 2729 ait
787 2692 868 2739 fait,
895 2691 919 2729 il
941 2691 1008 2744 n’y
1027 2691 1133 2729 avoit
1158 2704 1206 2729 ne
1233 2691 1420 2737 sorcerie,
1447 2705 1495 2729 ue
1522 2700 1630 2728 autre
1654 2703 1763 2728 mau-

109 2765 176 2803 ves
199 2773 269 2803 art.
297 2765 344 2803 Et
377 2764 429 2802 du
455 2763 533 2803 bon
557 2777 625 2802 eur
651 2762 697 2802 de
725 2776 798 2801 son
821 2762 1050 2809 estaindart‚
1078 2763 1135 2801 dit
1164 2776 1240 2816 que
1276 2761 1322 2800 de
1349 2760 1458 2808 l'eur,
1490 2761 1571 2800 s'eu
1607 2771 1763 2813 raporte

116 2834 136 2873 Ξι
157 2835 254 2874 l'eur
279 2849 355 2889 que
378 2844 510 2875 nostre
535 2835 731 2888 Seigneur
756 2848 779 2887 y
804 2847 824 2873 a
849 2835 1004 2887 envoye'
1030 2840 1060 2873 ³.

1068 2979 1092 2992 Q

173 3061 201 3085 1.
221 3051 252 3085 A
276 3063 286 3084 .·
307 3052 515 3086 vicesimum.
546 3070 593 3076 ——
620 3061 652 3084 2.
680 3049 741 3084 BC
761 3062 772 3083 .·
801 3049 978 3096 respondet.
1001 3071 1038 3074 -—
1076 3059 1108 3095 3.
1137 3050 1171 3094 Q
1187 3058 1285 3084 ornet
1312 3060 1350 3083 ce
1377 3049 1536 3083 membre
1560 3049 1603 3083 de
1630 3049 1767 3095 phrase.

124 3120 157 3152 4.
181 3110 238 3144 C:
267 3111 480 3158 Dompremrv.
503 3132 547 3135 μ-
574 3120 600 3152 5.
633 3110 673 3151 U,
696 3109 758 3144 fol.
790 3110 846 3152 28,
874 3119 919 3143 r0.
