2099 3356
307 144 387 187 168
581 143 740 186 Pnocus
771 157 828 186 DE
859 156 1213 187 CONDAMNATION
1247 158 1302 187 DE
1331 159 1499 201 1EANNE
1531 146 1658 191 D’ARC

301 255 603 300 testationibus
623 257 667 299 in
716 255 970 313 hujusmodi
996 256 1159 301 actibus
1182 256 1273 301 fieri
1321 260 1553 314 consuetis,
1602 273 1643 304 et
1677 261 1778 305 alias
1809 262 1940 306 etiam

301 343 394 399 jure
415 339 616 392 addendi,
639 338 896 397 corrigendi,
920 339 1134 394 mutandi,
1152 342 1474 399 interpretandi,
1504 356 1545 388 et
1571 345 1696 388 omni
1721 344 1805 389 alio
1829 360 1942 404 quo-

301 439 506 482 cumque,
537 436 623 467 tam
652 423 755 480 juris
781 438 912 482 quam
937 422 1051 475 facti,
1074 423 1153 468 sibi
1181 424 1311 469 salvo.
1346 443 1366 466 »

363 563 395 604 I.
425 579 444 601 «
470 562 530 604 ET
551 575 684 605 PRIMO
709 561 844 620 quod,
878 574 966 605 tam
987 561 1039 606 de
1061 564 1152 620 jure
1179 562 1328 607 divino
1349 580 1481 623 quam
1509 566 1718 610 canonico
1739 578 1780 609 et
1805 566 1940 620 civili,

301 645 354 689 ad
373 661 465 695 VOS,
494 657 701 702 tanquam
729 645 889 702 judices
916 644 1203 690 Ordinarium
1228 659 1269 690 et
1292 648 1599 706 Inquisitorem
1639 648 1754 703 fidei,
1782 662 1943 708 spectat

302 742 344 772 et
373 729 556 787 pertinet
599 728 794 782 haereses,
839 728 1068 787 sortilegia,
1118 731 1442 788 superstitiones
1496 744 1538 776 et
1573 731 1654 776 alia
1687 732 1943 790 hujusmodi

303 813 484 856 crimina
509 812 703 870 superius
742 811 948 856 declarata
999 829 1020 856 a
1048 812 1157 857 dicta
1185 813 1359 858 dioecesi
1396 827 1438 858 et
1466 828 1560 859 toto
1584 830 1718 874 regno
1755 817 1942 861 Franciae

305 895 453 955 procul
477 895 648 953 pellere,
703 895 937 949 destruere,
965 897 1055 940 imo
1084 896 1284 942 radicitus
1329 900 1586 957 exstirpare,
1640 899 1864 944 haereticos
1903 913 1946 944 et

303 993 454 1024 contra
491 978 623 1023 fidem
670 993 859 1023 nostram
888 979 1142 1024 catholicam
1191 981 1352 1040 aliquid
1391 996 1698 1041 proponenteS,
1737 983 1941 1037 dicentes,

307 1063 594 1122 propalantes,
648 1078 721 1106 seu
767 1063 1059 1121 quovismodo
1115 1077 1302 1121 agenteS,
1365 1065 1606 1123 sortilegos,
1662 1066 1942 1121 divinatores,

307 1146 562 1191 daemonum
587 1148 870 1197 invocatores,
918 1147 1028 1191 male
1073 1147 1125 1190 de
1151 1147 1233 1191 fide
1260 1149 1470 1206 sapientes
1497 1162 1537 1193 et
1563 1148 1818 1207 hujusmodi
1844 1149 1948 1194 faci-

307 1245 489 1274 norosos
514 1243 555 1274 et
582 1231 838 1274 criminosos
857 1243 895 1273 et
941 1246 1093 1274 eorum
1128 1231 1316 1275 fautores
1342 1233 1385 1275 in
1402 1231 1524 1276 dictis
1551 1232 1726 1277 dioecesi
1747 1247 1788 1277 et
1815 1234 1944 1290 juris-

307 1314 498 1358 dictione
521 1313 825 1372 deprehenSOS,
858 1315 1023 1357 etiamsi
1047 1314 1146 1358 alibi
1178 1317 1220 1358 in
1247 1317 1477 1373 praemissis
1503 1329 1574 1360 aut
1595 1317 1741 1375 aliquo
1757 1318 1946 1375 praemis-

307 1413 452 1441 sorum
500 1396 777 1455 deliquerint,
822 1399 992 1455 punire,
1035 1399 1245 1455 corrigere
1297 1412 1336 1442 et
1384 1398 1628 1454 emendare,
1658 1413 1786 1457 prout
1817 1401 1947 1444 etiam

310 1495 487 1539 possunt
533 1494 573 1524 et
606 1480 762 1524 debent
801 1481 871 1524 alii
911 1481 1072 1538 judices
1117 1494 1411 1539 competentes
1453 1484 1496 1526 in
1539 1484 1627 1527 suis
1675 1483 1947 1537 dioecesibus,

310 1566 457 1608 metis¹
483 1578 523 1608 et
544 1563 998 1622 jurisdictionibusEt
1023 1565 1165 1624 quoad
1191 1565 1290 1619 hoc,
1317 1567 1446 1610 etiam
1470 1567 1514 1609 in
1543 1572 1770 1625 personam
1799 1566 1948 1611 laicam

306 1650 619 1706 cuiuscumque
642 1661 792 1703 status,
842 1664 980 1701 sexus,
1025 1635 1240 1707 qualitatis
1275 1662 1347 1693 aut
1382 1651 1717 1708 praeeminentiae
1760 1651 1947 1704 exsistat,

308 1733 408 1776 estis
431 1731 589 1787 judices
614 1746 908 1790 competentes
930 1732 1147 1785 censendi,
1176 1731 1350 1776 tenendi
1373 1746 1414 1776 et
1437 1733 1716 1792 reputandi.»

370 1814 464 1859 *Ad
488 1816 679 1872 primum
724 1816 968 1869 articulum,
1007 1816 1205 1872 Johanna
1254 1816 1482 1876 respondet
1524 1817 1642 1876 quod
1684 1816 1791 1861 bene
1815 1816 1946 1861 credit

308 1899 426 1958 quod
451 1898 657 1943 dominus
685 1912 828 1942 noster
855 1901 963 1958 Papa
994 1916 1213 1953 romanus,
1236 1915 1275 1944 et
1303 1902 1506 1959 episcopi,
1533 1915 1574 1944 et
1601 1901 1672 1945 alii
1701 1903 1780 1944 viri
1821 1901 1950 1945 eccle-

309 1984 465 2027 siastici
491 1997 592 2026 sunt
632 2000 707 2041 pro
730 1983 1026 2028 conservando
1053 1983 1180 2028 fidem
1232 1984 1484 2028 catholicam
1523 1997 1563 2028 et
1597 1984 1818 2042 puniendo
1847 1983 1951 2028 defi-

309 2068 469 2110 cientes
496 2085 506 2120 3
534 2066 607 2110 sed
646 2080 859 2125 quantum
885 2067 935 2111 ad
984 2069 1135 2125 ipsam,
1180 2067 1231 2110 de
1257 2069 1345 2111 suis
1368 2066 1488 2111 factis
1529 2084 1618 2111 non
1640 2083 1682 2111 se
1706 2067 1950 2122 submittet,

312 2152 392 2195 nisi
432 2150 717 2195 solummodo
764 2151 958 2194 Ecclesia¹
995 2151 1172 2204 coelesti,
1221 2150 1415 2194 videlicet
1452 2151 1562 2203 Deo,
1608 2151 1778 2208 Virgini
1804 2152 1953 2194 Mariae

311 2248 353 2278 et
379 2235 543 2278 Sanctis
560 2234 753 2292 paradisi.
782 2235 832 2277 Et
853 2234 985 2279 credit
1001 2234 1180 2278 firmiter
1198 2233 1316 2293 quod
1337 2250 1424 2278 non
1449 2233 1602 2278 defecit
1627 2235 1669 2277 in
1693 2234 1775 2278 fide
1792 2247 1951 2285 nostra,

313 2334 389 2362 nec
411 2318 538 2362 vellet
561 2317 754 2361 deficere.

366 2466 456 2503 *Ad
487 2465 657 2519 primum
692 2465 910 2504 Articulum
940 2481 947 2504 :
981 2466 1153 2518 respond
1173 2480 1221 2504 au
1245 2467 1415 2518 premier
1442 2464 1585 2517 qu'elle
1617 2466 1736 2504 croist
1763 2464 1852 2504 bien
1878 2478 1954 2518 que

314 2547 448 2575 nostre
475 2538 576 2575 saint
613 2542 705 2589 pere
736 2537 770 2575 le
803 2539 903 2589 Pape
934 2537 982 2576 de
1015 2538 1198 2584 Romme,
1226 2547 1263 2575 et
1304 2536 1358 2575 les
1395 2538 1602 2589 e'vesques,
1637 2546 1675 2574 et
1695 2546 1825 2574 autres
1856 2549 1954 2587 gens

314 2608 476 2659 d'eglise
500 2617 590 2646 sont
603 2622 703 2660 pour
717 2608 857 2661 garder
878 2608 911 2646 la
927 2608 994 2661 foy
1015 2609 1281 2654 chrestienne,
1297 2618 1334 2646 et
1352 2608 1499 2661 pugnir
1516 2620 1614 2646 ceux
1635 2607 1703 2660 qui
1723 2606 1952 2653 defaillent3

316 2680 429 2724 mais,
456 2689 577 2731 quant
600 2680 619 2716 a
654 2679 743 2726 elle,
770 2680 817 2718 de
839 2694 898 2718 ses
920 2679 1007 2726 fais,
1033 2679 1107 2718 elle
1143 2694 1190 2718 ne
1228 2693 1267 2718 se
1301 2679 1523 2717 submectra
1556 2678 1635 2717 fors
1662 2677 1898 2716 seullement
1935 2679 1957 2716 a

316 2749 464 2802 l’eglise
499 2750 550 2788 du
585 2750 674 2796 ciel,
711 2750 802 2789 c'est
840 2752 1014 2789 assavoir
1045 2753 1065 2789 a
1103 2752 1219 2798 Dieu,
1244 2751 1263 2788 a
1287 2750 1322 2788 la
1358 2752 1500 2802 Vierge
1534 2750 1658 2788 Marie
1680 2758 1718 2787 et
1742 2750 1897 2788 Saincts
1920 2758 1958 2787 et

316 2822 492 2860 Sainctes
517 2821 566 2859 de
601 2821 770 2873 paradis
800 2823 845 2860 Et
882 2822 1002 2860 croist
1027 2821 1263 2860 fermemcnt
1293 2821 1436 2874 qu'elle
1472 2820 1564 2859 n'ait
1583 2821 1698 2873 point
1723 2819 1883 2875 de‘failly
1904 2833 1953 2858 en

317 2901 448 2930 nostre
471 2891 538 2944 foy
563 2892 827 2940 chrestienne,
855 2902 892 2931 et
914 2892 979 2945 n'y
998 2893 1202 2931 vouldroit
1223 2891 1407 2938 defaillir,
1431 2901 1469 2930 et
1486 2892 1709 2945 requiert...
1734 2900 1762 2929 ².

372 3058 399 3079 1.
424 3046 453 3079 C
478 3060 486 3079 .·
510 3047 635 3081 methis.
658 3068 700 3071 *-
722 3035 754 3080 2⁶.
783 3047 823 3083 U.
847 3047 907 3081 fol.
923 3057 964 3092 27
988 3058 1039 3082 vo.
