2099 3356
354 198 513 242 PRocizs
545 213 602 241 DE
634 212 990 243 CONDAMNATION
1024 214 1081 248 DE
1110 214 1278 255 JEANNE
1310 200 1438 244 D’ARC
1633 213 1714 257 253

75 310 295 369 respondit
327 324 335 353 :
370 328 389 350 «
424 311 513 368 Ego
541 325 630 355 non
660 310 797 354 dicam
830 311 952 355 vobis
979 328 1047 356 eas
1072 330 1083 366 ;
1111 311 1252 356 adhuc
1283 312 1481 357 nondum
1505 325 1566 356 est
1599 312 1722 357 vobis

73 410 329 453 responsum
352 395 396 438 in
427 394 532 447 hoc3
563 394 635 438 sed
662 395 839 438 mittatis
866 394 917 439 ad
946 411 1105 453 regem,
1133 409 1174 440 et
1198 398 1286 454 ipse
1307 396 1418 441 dicet
1445 397 1567 441 vobis
1593 413 1676 441 eas.
1700 415 1719 437 »

133 479 258 532 Item,
282 477 440 522 sabbati
458 490 553 536 post
574 477 837 532 Brandones,
863 493 1003 522 xxl111.
1024 479 1239 533 februarii,
1266 496 1359 534 nos,
1378 481 1602 539 episcopus
1619 496 1723 539 prze-

74 561 212 606 dictus
231 571 260 615 ¹,
284 563 564 620 exposuimus
597 560 738 606 eidem
765 562 977 617 Johannae
1001 563 1119 620 quod
1150 565 1307 621 juraret
1332 580 1450 622 pure,
1473 564 1724 623 simpliciter

76 654 148 690 et²
188 645 398 697 absolute,
429 658 470 689 et
494 647 614 689 sine³
655 645 932 701 conditione3
961 659 1002 690 et
1032 646 1084 690 de
1109 647 1191 691 hoc
1215 647 1296 691 fuit
1322 649 1433 691 trina
1462 650 1554 692 vice
1583 650 1723 707 requi-

75 730 152 773 sita
179 742 218 773 et
235 730 416 773 monita.
451 730 571 773 Dixit
602 747 610 772 ;
640 745 660 769 «
687 729 809 773 Detis
836 730 943 773 mihi
968 730 1185 774 licentiam
1209 731 1417 790 loquendi
1443 749 1490 786 »;
1520 745 1561 776 et
1588 731 1723 775 dixit4

77 814 281 857 ulterius:
304 830 325 853 «
355 814 435 856 Per
452 813 583 857 fidem
604 829 763 867 meam,
780 829 857 857 vos
883 815 1077 872 poteritis
1093 813 1201 858 bene
1217 831 1239 858 a
1261 831 1330 859 me
1352 829 1492 873 petere
1515 816 1612 859 talia
1626 832 1725 875 quae

78 913 158 956 ego
194 912 283 940 non
318 895 456 940 dicam
490 895 627 940 vobis.
675 913 695 937 »
742 898 853 940 Item
885 896 995 941 dixit
1026 915 1035 941 :
1083 915 1103 938 «
1139 898 1264 942 Forte
1306 898 1359 943 de
1405 899 1554 944 multis
1599 898 1725 943 rebus

78 981 270 1039 poteritis
310 980 418 1023 mihi
461 992 618 1038 petere,
665 979 717 1024 de
758 980 915 1039 quibus
964 997 1054 1025 non
1098 981 1236 1026 dicam
1285 983 1406 1027 vobis
1456 999 1625 1037 verum,
1672 982 1725 1027 de

78 1064 152 1108 illo
185 1062 303 1123 quod
331 1064 467 1121 tangit
494 1063 798 1117 revelationes;
828 1066 928 1123 quia
952 1062 1038 1109 'vos
1060 1081 1129 1109 me
1157 1067 1335 1124 possetis
1361 1082 1510 1125 cogere
1543 1066 1652 1111 forte
1672 1066 1724 1111 ad

76 1147 310 1192 dicendum
354 1148 482 1192 talem
525 1163 632 1201 rem,
681 1147 732 1191 de
774 1164 858 1207 qua
899 1164 979 1206 ego
1019 1150 1154 1206 juravi
1201 1166 1290 1193 non
1334 1149 1471 1195 dicere
1510 1166 1630 1204 eam;
1684 1164 1726 1195 et

73 1233 132 1276 sic
158 1248 296 1275 essem
318 1233 484 1290 perjura
509 1238 538 1284 5,
567 1231 685 1290 quod
723 1248 813 1276 non
841 1231 1052 1276 deberetis
1080 1233 1201 1277 velle.
1233 1250 1253 1274 »
1284 1235 1393 1278 Item
1424 1252 1432 1278 :
1463 1252 1483 1274 «
1515 1235 1605 1293 Ego
1629 1233 1724 1278 dico

77 1314 223 1370 vobis;
248 1315 447 1359 advisetis
471 1332 548 1359 vos
563 1315 670 1360 bene
686 1315 737 1360 de
753 1316 835 1360 hoc
858 1315 976 1375 quod
995 1316 1134 1361 dicitis
1152 1334 1229 1361 Vos
1244 1334 1332 1361 esse
1348 1317 1535 1376 judicem
1558 1335 1722 1363 meum.

77 1400 167 1443 Vos
195 1400 382 1457 accipitis
411 1415 552 1443 unum
585 1416 795 1457 magnum
830 1416 956 1451 onus,
989 1413 1030 1445 et
1061 1417 1131 1445 me
1160 1403 1347 1446 oneratis
1382 1403 1526 1446 nimis.
1561 1419 1581 1443 »
1617 1403 1723 1446 Item

78 1482 186 1528 dixit
212 1484 331 1542 quod
359 1482 439 1528 sibi
464 1483 633 1527 videtur
659 1484 779 1542 quod
810 1485 909 1528 satis
933 1498 995 1528 est
1021 1484 1083 1529 bis
1113 1487 1288 1542 jurasse.
1318 1512 1377 1517 —-
1403 1487 1667 1545 Interrogata
1692 1488 1727 1530 si

78 1569 166 1626 ipsa
181 1567 275 1612 vult
290 1569 428 1625 jurare
447 1568 699 1625 simpliciter
714 1580 755 1612 et
768 1567 962 1612 absolute
985 1586 992 1612 :
1015 1568 1272 1627 respondet:
1294 1571 1420 1614 «Vos
1435 1572 1613 1628 potestis
1629 1569 1730 1614 inde

81 1650 188 1695 bene
204 1652 447 1696 contentari
461 1669 472 1705 ;
487 1668 566 1710 ego
584 1653 684 1695 satis
698 1653 834 1709 juravi
847 1651 1013 1697 duabus
1032 1653 1197 1697 vicibus
1219 1670 1238 1693 »
1257 1671 1268 1707 3
1284 1666 1326 1697 et
1338 1652 1446 1697 dixit
1459 1655 1591 1698 etiam
1608 1653 1727 1713 quod

78 1748 196 1780 totus
217 1736 352 1780 clerus
374 1735 743 1794 Rothomagensis
758 1749 831 1780 aut
848 1737 1094 1781 Parisiensis
1110 1739 1289 1781 nesciret
1305 1754 1400 1781 eam
1419 1737 1726 1792 condemnare,

78 1820 158 1863 nisi
183 1820 271 1878 ipse
298 1819 436 1864 clerus
467 1819 641 1864 haberet
660 1821 705 1863 in
734 1820 815 1876 jus.
846 1820 897 1864 Et
920 1820 1028 1865 dixit
1055 1820 1165 1865 ultra
1191 1820 1310 1879 quod
1338 1822 1426 1880 ipsa
1450 1838 1541 1866 non
1569 1821 1728 1865 diceret

77 1904 226 1947 omnia
245 1905 289 1946 in
316 1916 414 1947 octo
439 1902 605 1947 diebus.
634 1905 742 1948 Item
762 1903 870 1948 dixit
888 1904 1023 1963 quod,
1052 1904 1104 1948 de
1131 1921 1210 1949 suo
1234 1905 1438 1960 adventu,
1460 1905 1571 1950 dicet
1594 1905 1728 1949 liben-

78 2000 140 2031 ter
167 1989 416 2041 veritatem;
441 1986 514 2030 sed
543 2002 632 2030 non
661 1987 772 2032 dicet
799 1989 962 2032 omnia.
993 1989 1101 2032 Item
1130 1988 1210 2034 fuit
1236 1990 1273 2033 ei
1301 1989 1467 2033 dictum
1494 1988 1614 2048 quod
1640 1990 1728 2048 ipsa

80 2071 252 2115 haberet
282 2071 515 2115 consilium
542 2087 642 2115 cum
667 2072 965 2116 assistentibus
984 2073 1019 2115 si
1041 2073 1129 2131 ipsa
1147 2072 1319 2117 deberet
1339 2074 1474 2130 jurare
1502 2073 1569 2116 vel
1597 2089 1685 2117 non
1717 2089 1725 2115 :

81 2154 313 2213 respondet
346 2154 480 2214 quod,
510 2153 562 2198 de
589 2171 670 2199 suo
701 2154 907 2209 adventu,
938 2155 1050 2200 dicet
1080 2155 1263 2200 libenter
1288 2157 1530 2211 veritatem,
1564 2169 1606 2200 et
1640 2172 1730 2200 non

81 2238 180 2282 alias
217 2256 228 2293 ;
261 2250 302 2282 et
328 2237 447 2297 quod
473 2254 562 2282 non
590 2250 761 2296 oportet
782 2238 834 2283 de
864 2255 916 2283 eo
943 2240 1129 2298 amplius
1156 2256 1259 2284 cum
1287 2256 1333 2284 ea
1361 2240 1495 2299 loqui.
1527 2241 1728 2294 —Item‚

80 2335 226 2381 postea
252 2323 417 2366 monita
441 2323 472 2375 ⁶,
500 2321 684 2366 dicendo
712 2322 830 2382 quod
858 2324 946 2382 ipsa
972 2340 1015 2367 se
1035 2336 1275 2382 suspectam
1301 2323 1495 2368 redderet
1525 2342 1533 2368 :
1556 2340 1731 2383 respon-

82 2405 153 2450 det
175 2414 189 2440 7
217 2407 326 2450 sieut
348 2407 481 2464 prius.
511 2432 566 2437 ——
595 2406 718 2450 Ultra
746 2423 841 2461 nos,
869 2408 1095 2466 episcopus
1117 2408 1401 2459 Belvacensis‚
1426 2409 1731 2467 requisivimus

84 2506 178 2534 eam
203 2489 254 2534 de
282 2489 466 2547 jurando
495 2491 693 2548 praecise:
726 2490 976 2549 respondit:
1014 2508 1034 2531 «
1061 2491 1150 2549 Ego
1174 2490 1314 2536 dicam
1342 2491 1523 2536 libenter
1552 2508 1599 2536 ea
1635 2507 1732 2550 quae

83 2590 162 2632 ego
178 2575 304 2617 sciam
326 2592 337 2628 ;
362 2589 451 2617 non
473 2586 619 2618 tamen
644 2575 808 2618 omnia,
829 2591 850 2614 »
869 2600 926 2605 —
945 2575 1070 2629 Item,
1098 2588 1243 2634 postea
1259 2577 1461 2634 requisita
1479 2575 1531 2620 de
1546 2574 1731 2633 jurando

82 2670 123 2702 et
142 2659 306 2702 monita
329 2658 360 2712 ⁸,
391 2671 430 2701 et
457 2657 536 2701 sub
565 2674 694 2716 poena
721 2660 906 2703 convicti
932 2657 983 2703 de
1017 2658 1099 2703 illis
1128 2676 1224 2718 quae
1251 2659 1330 2704 sibi
1356 2660 1695 2718 imponebantur
1720 2676 1729 2703 z

84 2741 341 2800 respondet9
367 2759 374 2785 :
400 2758 419 2782 «
437 2743 527 2799 Ego
542 2743 640 2785 satis
658 2743 793 2800 juravi
815 2759 855 2796 ³),
873 2742 1082 2787 dicendo:
1104 2760 1123 2782 (<
1139 2744 1283 2800 Ραςςε(
1295 2745 1435 2788 oultre.
1454 2762 1473 2783 »
1494 2771 1546 2775 -
1563 2745 1731 2798 Item¹⁰,

140 2996 171 3020 1.
191 2986 221 3020 A
244 2995 343 3020 ornet
354 2986 549 3032 praedictus.
572 3007 618 3012 —
639 2997 672 3021 2.
698 2987 729 3021 A
748 2995 847 3021 omet
867 2992 920 3028 et;
950 2986 980 3021 C
996 2995 1095 3022 omet
1109 2992 1137 3021 et
1156 2988 1310 3022 absolute.
1337 3009 1382 3014 —
1412 2999 1442 3033 3.
1465 2989 1519 3024 C:
1537 2989 1664 3036 absque.
1687 3010 1733 3015 ——

87 3053 125 3086 4.
157 3046 214 3080 A:
235 3046 374 3080 ulterius
388 3046 489 3081 dixit.
510 3067 553 3072 —
578 3057 608 3090 5.
627 3047 694 3081 AC
711 3049 881 3094 .·parjzcrtz.
903 3068 946 3071 —
968 3046 1002 3080 6.
1022 3047 1115 3082 AC.-
1135 3049 1332 3082 ammonita.
1360 3069 1388 3073 —-
1419 3059 1451 3093 7.
1470 3049 1500 3083 C
1520 3062 1531 3083 .·
1554 3050 1731 3096 respondit.

88 3124 133 3128 —-
164 3105 195 3138 8.
220 3106 250 3139 Α
275 3117 284 3138 .·
314 3107 513 3140 ammonita.
534 3126 581 3131 -—
601 3117 634 3152 9.
656 3106 686 3139 C
704 3119 714 3140 :
736 3105 912 3152 respondit.
932 3126 977 3130 —
1004 3117 1057 3140 10.
1081 3107 1112 3140 A
1134 3116 1233 3141 omet
1251 3107 1348 3141 Item.
