2099 3356
344 177 398 232 76
627 175 786 218 PRocEs
817 190 873 219 DE
905 189 1259 222 CONDAMNATION
1293 193 1347 222 DE
1378 194 1544 235 JEANNE
1577 180 1705 224 D'ARc

400 295 663 353 Interrogata
685 309 853 350 utrum,
879 298 923 340 in
954 296 1087 342 domo
1121 298 1303 356 hospitis
1327 298 1432 351 suis,
1467 299 1512 341 in
1539 298 1640 344 villa
1666 299 1980 353 Aurelianensi,

342 391 428 422 erat
448 394 534 422 una
553 379 694 423 tabula
717 379 790 424 ubi
816 379 992 438 depictae
1016 394 1135 425 erant
1155 394 1237 425 tres
1258 382 1475 434 mulieres,
1503 395 1544 425 et
1564 383 1608 426 in
1632 398 1680 427 ea
1705 382 1982 441 descriptum,

335 462 497 517 Justice,
521 465 636 520 paix,
665 465 786 507 union
813 480 821 506 :
850 463 1069 522 respondit
1095 463 1214 522 quod
1241 463 1292 509 de
1321 465 1403 509 hoc
1430 448 1538 508 nihil
1561 467 1654 510 scit.

400 546 660 602 Interrogata
686 560 836 590 utrum
863 548 950 605 ipsa
974 549 1074 591 sciat
1095 547 1212 606 quod
1236 547 1297 591 illi
1325 547 1377 592 de
1404 561 1518 606 parte
1541 565 1616 593 sua
1647 549 1823 594 fecerint
1849 559 1858 576 ¹
1891 549 1983 594 fieri

342 629 582 683 servitium,
606 631 779 673 missam
800 643 841 674 et
863 632 1081 675 orationes
1103 630 1155 675 ad
1182 630 1396 675 honorem
1420 633 1553 689 ipsius
1581 649 1589 676 :
1617 633 1837 691 respondit
1863 634 1983 692 quod

343 712 451 754 nihil
475 714 580 766 scit,
613 726 670 767 et,
707 714 743 757 si
772 713 852 772 ipsi
879 713 1069 758 fecerunt
1095 714 1271 772 aliquod
1306 717 1546 769 servitium,
1577 733 1667 760 non
1700 730 1763 761 est
1801 716 1853 761 de
1876 734 1985 776 prae-

341 808 463 853 cepto
488 798 600 853 ejus3
627 810 770 840 tamen
789 798 822 841 si
849 799 1065 841 oraverint
1091 814 1168 856 pro
1190 799 1292 856 ipsa,
1316 798 1486 843 videtur
1507 798 1586 843 sibi
1614 799 1731 858 quod
1756 817 1846 845 non
1875 801 1985 845 male

342 878 515 922 faciunt.
589 880 592 882 ’

400 963 659 1021 Interrogata
695 977 843 1008 utrum
884 965 944 1007 illi
981 964 1032 1008 de
1066 978 1181 1023 parte
1210 982 1285 1009 sua
1317 965 1490 1010 credant
1526 966 1705 1011 firmiter
1734 969 1868 1025 ipsam
1897 984 1985 1012 esse

342 1047 515 1089 missam
533 1062 554 1089 a
573 1047 667 1091 Deo
688 1064 696 1090 :
725 1047 944 1106 respondit
972 1066 979 1091 ;
1011 1065 1029 1087 «
1052 1049 1140 1106 Ego
1157 1050 1300 1093 nescio
1322 1062 1471 1094 utrum
1485 1050 1676 1105 credant,
1701 1064 1743 1095 et
1764 1067 1833 1095 me
1849 1051 1984 1096 refero

343 1128 393 1173 ad
420 1131 617 1174 animum
646 1133 866 1189 ipsorum,
905 1132 977 1177 sed
1005 1134 1038 1176 si
1072 1149 1161 1177 non
1189 1132 1376 1187 credant,
1413 1146 1558 1178 tamen
1582 1151 1662 1193 ego
1685 1151 1783 1179 sum
1810 1137 1936 1180 missa
1962 1152 1985 1179 a

343 1214 438 1257 Deo
464 1222 493 1256 ².
527 1231 547 1253 »

401 1298 661 1356 Interrogata
688 1311 838 1342 utrum
866 1301 954 1358 ipsa
987 1299 1128 1344 credat
1158 1300 1275 1359 quod
1308 1301 1367 1344 illi
1408 1301 1591 1346 habeant
1627 1301 1786 1346 bonam
1811 1302 1985 1347 creden-

341 1382 461 1434 tiam,
483 1380 698 1425 credendo
726 1383 861 1440 ipsam
884 1400 972 1427 esse
1001 1385 1174 1427 missam
1199 1401 1220 1427 a
1252 1385 1346 1429 Deo
1370 1402 1378 1428 :
1403 1384 1623 1443 respondit
1653 1403 1660 1428 :
1685 1402 1705 1425 «
1730 1386 1771 1429 Si
1800 1387 1877 1444 ipsi
1899 1402 1985 1430 cre-

342 1464 444 1508 dant
465 1465 583 1522 quod
611 1481 707 1509 sum
736 1467 865 1510 missa
888 1483 909 1510 a
938 1467 1048 1520 Deo,
1078 1484 1167 1511 non
1201 1482 1302 1512 sunt
1330 1467 1380 1512 de
1410 1468 1493 1528 hoc
1515 1468 1695 1513 abusati.
1724 1487 1743 1509 »

401 1549 663 1606 Interrogata
681 1566 791 1593 anne
811 1551 1093 1608 cognoscebat
1114 1552 1283 1596 animos
1305 1552 1481 1596 illorum
1505 1552 1557 1597 de
1575 1566 1690 1611 parte
1705 1569 1794 1607 sua,
1811 1553 1986 1612 quando

398 1843 653 1894 Interroguee
689 1842 783 1881 d'un
819 1842 934 1882 tablel
966 1844 1108 1882 chieux
1145 1858 1216 1882 son
1249 1844 1377 1890 hoste,
1410 1845 1461 1883 oti
1496 1844 1522 1882 il
1556 1845 1664 1884 avoit
1690 1846 1786 1884 trois
1817 1845 1984 1885 femmes

345 1913 538 1965 painctes‚
567 1923 603 1952 ct
627 1914 770 1966 escript
796 1930 814 1949 «
840 1915 1004 1963 Justice,
1033 1916 1139 1967 paix,
1163 1916 1288 1954 union
1316 1932 1334 1951 >›
1365 1930 1372 1954 :
1406 1916 1575 1969 respond
1601 1916 1746 1969 qu’elle
1774 1917 1864 1956 n'cn
1889 1919 1984 1966 scait

343 1986 442 2023 rien.

399 2058 653 2110 Interroguee
675 2057 781 2096 s’elle
804 2059 896 2106 scait
921 2060 1034 2111 point
1059 2072 1134 2112 que
1155 2059 1270 2098 ceulx
1296 2059 1343 2098 de
1367 2073 1439 2098 son
1465 2070 1580 2113 party
1600 2060 1705 2099 aient
1726 2060 1793 2099 fait
1817 2061 1983 2109 service,

344 2143 486 2177 messe,
513 2130 677 2168 oroison
702 2144 805 2182 pour
834 2130 910 2169 elle
938 2139 947 2163 3
974 2145 981 2168 ε
1010 2131 1184 2183 respond
1204 2130 1348 2184 qu'elle
1379 2131 1469 2170 n'en
1500 2132 1595 2180 scait
1625 2132 1737 2180 rien3
1770 2142 1806 2171 et
1831 2131 1911 2171 s'ilz
1935 2146 1984 2171 en

343 2200 430 2239 font
454 2202 617 2249 service,
641 2216 689 2240 ne
714 2201 810 2240 l'ont
836 2203 948 2254 point
972 2202 1039 2241 fait
1064 2216 1132 2255 par
1155 2216 1227 2241 son
1243 2203 1620 2251 commandement3
1645 2213 1683 2242 et
1707 2203 1789 2242 s’ilz
1811 2214 1881 2243 ont
1902 2205 1985 2257 prie

344 2286 448 2325 pour
465 2272 555 2320 elle,
582 2273 607 2310 il
633 2273 700 2326 luy
724 2283 782 2312 est
805 2274 913 2312 advis
935 2274 1053 2327 qu'ilz
1075 2287 1123 2313 ne
1143 2274 1231 2313 font
1251 2275 1366 2326 point
1386 2275 1434 2313 de
1454 2274 1546 2313 mal.

400 2345 655 2396 Interroguee
689 2359 727 2384 se
761 2345 873 2384 ceulx
912 2346 959 2384 de
990 2359 1062 2384 son
1099 2355 1210 2399 party
1246 2346 1399 2384 croient
1434 2345 1695 2386 fermeement
1730 2347 1873 2400 qu'elle
1910 2348 1987 2386 soit

346 2416 524 2468 envoy&
546 2416 592 2454 de
615 2430 683 2468 par
705 2417 806 2455 Dieu
832 2431 839 2454 :
864 2418 1035 2470 respond
1060 2432 1067 2455 ε
1097 2434 1116 2453 (ε
1142 2418 1202 2456 Ne
1226 2430 1317 2469 scay
1332 2417 1411 2455 s’ilz
1434 2417 1468 2455 le
1481 2419 1649 2465 croient,
1669 2428 1706 2456 et
1724 2418 1829 2457 m'en
1845 2419 1984 2457 actend

347 2487 365 2524 31
390 2487 476 2525 leur
497 2489 710 2540 couraige3
735 2489 832 2527 mais
854 2489 885 2527 si
914 2502 962 2527 ne
988 2489 1022 2527 le
1051 2489 1217 2537 croient‚
1242 2490 1273 2527 si
1301 2489 1440 2540 suis-je
1463 2490 1630 2528 envoie'e
1653 2490 1700 2528 de
1729 2504 1797 2543 par
1819 2491 1936 2529 Dieu.
1962 2506 1981 2526 »

400 2560 654 2611 Interrogue'e
674 2560 780 2598 s'elle
806 2561 919 2599 cuide
944 2574 1012 2613 pas
1040 2574 1130 2613 que,
1157 2574 1205 2599 en
1228 2561 1359 2599 cre'ant
1377 2560 1520 2613 qu'elle
1548 2561 1626 2599 soit
1644 2563 1822 2613 envoyee
1843 2561 1891 2600 de
1916 2575 1985 2614 par

349 2631 465 2678 Dieu,
501 2631 618 2681 qu'ilz
659 2632 763 2670 aient
794 2631 926 2670 bonne
957 2633 1143 2680 creance3
1177 2631 1363 2684 respond,
1408 2631 1488 2670 s’ils
1527 2633 1679 2685 croient
1725 2632 1866 2685 qu'elle
1909 2634 1986 2672 soit

346 2698 524 2748 envoyee
547 2696 594 2734 de
617 2710 684 2748 par
709 2698 825 2744 Dieu,
853 2697 898 2734 ils
921 2697 1011 2735 n’cn
1032 2706 1123 2735 sont
1143 2698 1258 2749 point
1279 2697 1436 2735 abusez.

402 2763 655 2814 Interroguee
678 2762 783 2800 s'elle
803 2763 952 2809 scavoit
971 2763 1085 2814 point
1109 2762 1199 2800 bien
1224 2762 1257 2800 le
1280 2763 1466 2814 couraige
1484 2762 1532 2801 de
1556 2762 1668 2801 ceulx
1688 2763 1734 2801 de
1759 2777 1832 2801 son
1856 2773 1982 2816 party,

402 3040 429 3062 1.
449 3029 484 3073 Q
507 3029 689 3074 :secerunl-
709 3035 804 3063 Q‘2.
829 3029 855 3062 B
870 3041 913 3063 en
932 3040 1052 3074 marge
1070 3041 1075 3062 z
1091 3029 1242 3072 Jolmmza
1265 3030 1365 3062 missa
1389 3034 1434 3062 est
1454 3040 1472 3062 α
1489 3029 1571 3072 Deo,
1592 3034 1628 3062 ut
1645 3029 1747 3064 dicit.
1779 3050 1825 3054 —-
1854 3040 1885 3073 3.
1913 3029 1980 3063 Ms.

348 3101 392 3122 en
424 3100 542 3133 margo
564 3101 570 3121 :
596 3100 663 3122 une
688 3089 795 3122 main.
