2099 3356
394 168 554 213 PRoc'Es
587 184 642 213 DE
674 184 1030 214 CONDAMNATION
1065 185 1121 213 DE
1153 184 1320 226 JEANNE
1352 171 1480 215 D'ARC
1678 174 1755 228 361

114 280 324 338 judicium
357 294 398 325 et
431 281 841 328 determinationem
868 285 974 340 ejus,
1002 283 1145 342 quoad
1176 283 1388 342 praedicta.
1420 285 1469 328 Et
1492 286 1550 329 sic
1575 285 1757 343 agendo,

113 363 328 409 salvabitis
354 366 546 409 animam
567 378 768 421 vestram,
803 366 1038 422 redimetis,
1067 380 1115 411 ut
1139 369 1322 418 aestimo,
1351 383 1505 426 corpus
1535 384 1557 412 a
1590 381 1758 423 morte3

113 449 147 491 si
171 464 272 492 vero
298 448 380 493 hoc
399 465 490 493 non
516 448 715 505 feceritis,
740 450 813 495 sed
837 460 846 477 ¹
875 452 1258 509 perseveraveritis,
1287 452 1428 496 sciatis
1453 453 1645 496 animam
1665 468 1763 496 ves-

114 544 223 575 tram
247 531 371 577 obrui
398 532 696 588 damnatione,
722 547 764 578 et
790 534 841 579 de
868 534 1158 579 destructione
1185 537 1374 594 corporis
1401 534 1569 580 dubito.
1598 537 1636 580 A
1660 537 1762 595 qui-

110 613 193 658 bus
220 632 296 660 vos
319 619 563 674 praeservari
591 617 793 676 dignetur
814 618 968 675 Jhesus
989 618 1204 663 Christus.
1237 636 1257 659 »

173 698 440 759 *Postquam
469 717 571 746 vero
596 703 684 759 ipsa
710 702 909 758 Johanna
934 704 977 746 in
1001 702 1118 746 hunc
1145 702 1330 747 modum
1358 702 1579 747 admonita
1599 704 1761 748 exstitit

113 795 154 826 et
174 783 429 840 hujusmodi
459 785 780 829 exhortationes
803 785 984 840 audivit,
1009 799 1327 845 consequenter
1352 786 1403 830 ad
1431 788 1509 830 ista
1538 786 1763 845 respondit

112 866 191 911 sub
213 867 291 911 hac
314 867 453 911 forma
481 886 488 912 :
522 886 541 909 «
573 870 807 922 Quantum
835 882 897 913 est
926 869 978 914 de
1014 869 1136 914 dictis
1169 882 1209 914 et
1239 870 1357 914 factis
1393 872 1514 925 meis,
1546 887 1644 929 quae
1680 886 1761 928 ego

113 937 201 995 dixi
229 952 272 995 in
295 967 514 1009 processu,
540 968 619 1010 ego
647 952 697 997 ad
720 952 811 997 haec
832 962 847 979 ²
876 969 945 997 me
966 954 1104 998 refero
1129 962 1158 1007 ³,
1187 967 1228 998 et
1255 954 1357 998 volo
1379 970 1426 997 ea
1450 955 1659 998 sustinere
1680 964 1711 997 4.
1740 972 1760 994 »

172 1035 302 1098 Item,
325 1036 586 1094 interrogata
610 1049 760 1080 utrum
788 1036 986 1082 credatne
1017 1036 1135 1096 quod
1163 1039 1254 1096 ipsa
1283 1051 1478 1082 teneatur
1507 1038 1762 1082 submittere

113 1117 225 1162 dicta
250 1132 291 1163 et
319 1118 427 1163 facta
445 1135 522 1163 sua
546 1120 741 1164 Ecclesiae
770 1121 976 1165 militanti
1006 1121 1074 1164 vel
1105 1121 1223 1166 alteri
1256 1138 1388 1180 quam
1414 1123 1508 1166 Deo
1543 1139 1551 1165 :
1589 1138 1765 1180 respon-

113 1201 205 1247 dit:
235 1203 326 1261 Ego
352 1203 452 1247 volo
481 1217 765 1248 manutenere
789 1204 915 1249 illum
943 1204 1142 1259 modum,
1175 1219 1391 1264 quantum
1421 1205 1473 1249 ad
1501 1205 1600 1260 hoc,
1629 1221 1762 1265 quem

113 1301 193 1344 ego
220 1302 390 1345 semper
415 1287 502 1331 dixi
535 1300 577 1331 et
603 1290 725 1332 tenui
752 1290 796 1332 in
826 1305 1040 1346 processu.
1068 1304 1088 1327 ›>
1127 1290 1235 1333 Item
1275 1289 1382 1334 dixit
1406 1297 1416 1323 5
1447 1289 1582 1348 quod,
1613 1291 1647 1333 si
1674 1291 1763 1347 ipsa

111 1382 220 1415 esset
247 1371 291 1414 in
313 1369 474 1427 judicio
497 1384 540 1415 et
558 1371 720 1416 videret
744 1373 890 1430 ignem
909 1389 1151 1427 accensum,
1179 1373 1294 1431 ligna
1319 1387 1459 1432 parata
1483 1386 1524 1417 et
1550 1386 1762 1417 tortorem

110 1467 183 1498 aut
210 1454 335 1498 illum
361 1457 438 1514 qui
458 1454 630 1500 deberet
650 1457 884 1500 immittere
910 1458 1074 1515 ignem,
1093 1470 1287 1516 paratum
1315 1456 1367 1501 ad
1390 1457 1471 1501 hoc
1494 1456 1759 1511 faciendum,

169 1706 186 1722 *
203 1708 317 1745 Anno
344 1707 501 1746 Domini
528 1706 722 1746 millesimo
749 1707 1108 1761 qnadringonsesinio
1132 1708 1311 1747 tricesimo
1329 1708 1465 1762 primo,
1500 1708 1557 1747 die
1587 1708 1764 1747 'tumturn

112 1777 283 1817 vicesima
308 1778 415 1817 tertia
446 1779 577 1817 mensis
599 1779 704 1826 nnn'i,
727 1793 850 1818 rorant
880 1780 1039 1818 dominis
1059 1779 1259 1832 jndicibus,
1285 1779 1532 1819 assisnntibus
1558 1779 1762 1818 reverendis

107 1849 296 1903 patribus,
323 1850 483 1889 dominis
514 1850 724 1889 Morinensi
743 1852 758 1877 ⁶
791 1856 821 1890 el
857 1851 1097 1890 No‘zn'omensi
1117 1861 1131 1886 7
1161 1851 1340 1905 episcopis,
1376 1865 1509 1890 necnon
1539 1851 1698 1889 dominis
1729 1856 1761 1890 et

115 1921 300 1974 magistris
321 1921 490 1970 ]0lmnne
521 1922 562 1960 de
588 1922 852 1969 Chasteillon,
885 1923 1051 1972 Iohanne
1084 1924 1297 1975 Beaupere,
1327 1922 1481 1962 Nicolno
1512 1923 1628 1970 Midi,
1655 1924 1761 1961 Petro

112 1993 311 2041 iMauricii,
340 1994 493 2032 Andron
507 1995 732 2047 Marguerie
755 1999 787 2033 et
805 1994 959 2034 Nicoloo
978 1994 1020 2033 do
1045 1994 1265 2042 Venderez,
1291 1994 1494 2033 Guillelnzo
1513 1996 1528 2021 8
1549 1994 1704 2033 Erardi.

165 2065 417 2119 Adprimlnn
440 2070 473 2104 et
496 2065 587 2105 alios
606 2066 795 2113 articulos,
822 2066 1111 2120 qnali'ficaliomfs
1127 2073 1196 2120 per
1224 2066 1442 2119 magistrum
1467 2068 1621 2104 Petrum
1642 2067 1760 2104 Mon-

113 2137 198 2176 ricii
217 2136 331 2175 eidem.
350 2137 530 2186 Johcnznae
552 2138 760 2177 solemniter
777 2138 965 2192 exposl'tczS,
992 2143 1024 2176 et
1048 2138 1261 2176 monitiones
1283 2143 1315 2176 et
1341 2137 1590 2191 reqm'sitiones
1619 2138 1758 2176 carita-

113 2209 208 2248 tivas
229 2209 344 2248 eidem
366 2209 547 2258 sohannae
561 2210 683 2262 factas
710 2225 716 2248 :
739 2210 914 2263 respond
939 2224 946 2248 :
976 2226 995 2246 «
1014 2211 1152 2254 Quant
1173 2210 1194 2247 a
1216 2223 1298 2248 mes
1325 2209 1397 2248 fais
1429 2220 1467 2248 et
1491 2223 1574 2248 mes
1599 2210 1661 2248 diz
1683 2223 1759 2262 que

113 2280 186 2333 j'ay
210 2281 270 2320 diz
292 2294 342 2319 eu
360 2282 516 2334 proces',
540 2282 575 2334 je
601 2282 681 2335 m'y
702 2291 858 2334 raporte
877 2291 915 2320 et
938 2282 993 2320 les
1010 2282 1100 2320 veul
1125 2283 1336 2320 soustenir.
1363 2298 1381 2318 »

166 2353 276 2399 Item,
301 2353 553 2406 interroguee
578 2353 684 2392 s'elle
703 2353 817 2392 cuide
842 2364 879 2392 et
901 2354 1022 2392 croist
1042 2352 1186 2406 qu'elle
1213 2367 1261 2392 ne
1282 2354 1359 2392 soit
1380 2354 1495 2406 point
1520 2362 1639 2392 tenue
1658 2353 1762 2391 sub-

113 2425 275 2463 meictre
300 2438 359 2462 ses
378 2424 439 2462 diz
460 2435 495 2463 et
518 2424 589 2463 fais
621 2426 641 2463 a
672 2425 832 2478 l’Eglise
857 2425 1029 2463 militant
1059 2438 1111 2463 ou
1143 2426 1163 2463 a
1197 2434 1325 2463 autres
1350 2438 1427 2478 que
1451 2426 1470 2463 a
1508 2425 1609 2463 Dieu
1642 2440 1649 2463 :
1685 2438 1761 2463 res-

113 2496 223 2549 pond
248 2510 255 2533 :
281 2512 300 2532 «
335 2497 387 2534 La
411 2497 586 2535 maniere
623 2510 700 2550 que
734 2496 793 2549 j’ai
821 2498 1023 2549 tousjours
1045 2497 1147 2535 dicte
1169 2506 1207 2534 et
1237 2506 1355 2535 tenue
1390 2510 1437 2535 eu
1472 2501 1626 2549 proces,
1661 2498 1695 2547 je
1725 2496 1760 2535 la

112 2567 219 2606 vueil
238 2568 453 2607 maintenir
476 2578 597 2621 quant
620 2568 667 2606 ad
696 2582 754 2607 ce.
781 2585 799 2604 »

164 2640 274 2688 Item,
302 2640 357 2678 dit
390 2653 483 2693 que,
509 2640 617 2678 s'elle
642 2641 758 2679 estoit
791 2653 839 2678 en
867 2641 1088 2691 jugement,
1127 2648 1165 2678 et
1191 2640 1299 2678 veoit
1331 2639 1365 2678 le
1394 2639 1456 2678 feu
1481 2640 1612 2678 alume
1635 2649 1672 2678 et
1705 2639 1760 2679 les

112 2711 300 2750 bourrees
328 2711 495 2757 ammes,
528 2721 566 2750 et
590 2711 624 2750 le
664 2711 858 2750 bourreau
896 2720 1002 2764 prest
1032 2711 1080 2749 de
1114 2710 1255 2749 bouter
1288 2711 1322 2749 le
1355 2710 1436 2757 feu,
1461 2721 1498 2749 ct
1531 2710 1606 2749 elle
1643 2712 1761 2750 estoit

166 2967 193 2989 1.
214 2955 244 2990 C
263 2968 272 2989 :
287 2961 328 2990 et.
351 2977 397 2981 ἥ
418 2967 451 2990 2.
471 2956 506 3000 Q
536 2970 544 2992 :
566 2956 631 2990 hoc.
656 2977 698 2981 —-
734 2967 763 2999 3.
788 2956 817 2990 C
841 2968 850 2989 .·
871 2968 926 3001 ego
954 2968 1001 2989 me
1025 2955 1067 2989 ad
1089 2956 1153 2990 haec
1171 2956 1285 3001 refero,
1313 2977 1356 2981 —
1389 2966 1424 2998 4.
1452 2955 1512 2990 BC
1531 2968 1574 2990 en
1603 2967 1724 3001 marge
1746 2968 1755 2988 .·

114 3015 288 3061 Responsio
312 3015 471 3059 johanna:
498 3016 647 3061 superba.
665 3036 710 3040 —
735 3026 764 3059 5.
783 3015 849 3049 AC
879 3028 889 3048 .·
919 3016 1016 3050 dicit.
1041 3037 1085 3040 ——
1104 3016 1137 3049 6.
1162 3015 1228 3049 Ms.
1253 3028 1261 3048 :
1282 3016 1500 3050 Moriniensi.
1521 3036 1566 3040 —
1589 3026 1619 3060 7.
1641 3015 1726 3049 [hid.
1750 3028 1760 3049 .-

115 3074 327 3110 Novinz'ensi.
353 3097 395 3100 --Δ
418 3077 450 3110 S.
475 3075 558 3109 [laid.
586 3089 591 3110 ;
612 3075 825 3109 Guillermo.
