2099 3356
340 156 421 198 190
617 143 772 185 PROCf-:s
805 156 862 185 DE
894 154 1245 185 CONDAMNArioN
1279 154 1334 183 DE
1365 153 1533 196 JEANNE
1566 138 1692 182 D'Anc

395 256 475 299 Die
522 254 698 307 sabbati,
761 255 883 297 tertia
929 254 1086 306 martii,
1142 255 1400 309 interrogata
1440 252 1473 296 si
1511 250 1664 295 habeat
1713 252 1970 295 memoriam

335 351 485 383 utrum
507 338 696 395 magistri
720 338 795 396 qui
821 339 865 380 iu
908 337 987 380 alia
1013 335 1259 380 obedientia
1285 351 1379 379 earn
1401 336 1770 389 examinaverunt,
1794 333 1973 393 quidam

335 438 407 480 per
430 437 569 466 unum
600 436 814 474 mensem,
837 432 879 464 et
905 420 975 464 alii
1018 435 1092 478 per
1120 432 1204 463 tres
1247 418 1553 472 hebdomadas,
1604 412 1973 476 interrogaverant

337 520 431 549 eam
456 504 508 549 de
529 505 774 548 mutatione
801 505 868 547 sui
903 502 1072 547 habitus
1095 520 1102 546 :
1141 501 1362 561 respondit
1381 501 1500 560 quod
1523 518 1611 546 non
1644 502 1934 545 reminiscitur
1961 515 1969 553 3

336 601 480 633 tamen
508 589 884 645 interrogaverunt
927 603 1022 631 eam
1050 585 1123 631 ubi
1149 588 1237 644 ipsa
1263 599 1429 644 ceperat
1457 585 1561 630 illud
1592 584 1972 629 habilitamentum

336 674 413 716 viri
432 689 443 726 ;
469 671 626 729 quibus
647 670 753 715 dixit
776 670 894 729 quod
918 683 1083 728 ceperat
1108 669 1220 728 apud
1251 669 1504 713 Vaucoulour
1528 678 1555 712 ¹,
1585 670 1920 726 —Interrogata
1939 669 1973 712 si

338 757 540 814 petierint
574 754 625 799 ab
646 771 693 799 ea
719 770 772 798 an
804 756 961 812 ceperit
994 769 1067 812 per
1109 769 1234 798 voces
1273 769 1369 797 suas
1392 761 1434 793 ²:
1465 751 1685 811 respondit
1723 751 1840 811 quod
1886 767 1975 796 non

337 839 606 893 recordatur;
631 855 708 883 nec
730 837 976 883 recordatur
1001 839 1033 881 si
1062 839 1208 895 regina
1231 852 1307 881 sua
1334 835 1375 880 id
1398 838 1539 895 ipsum
1562 837 1730 895 petierit
1755 834 1806 880 ab
1833 851 1895 879 ea.
1920 861 1977 866 —-

338 923 500 967 Iterum
524 923 783 980 interrogata
802 923 836 965 si
859 937 931 965 rex
953 937 1073 975 suus,
1094 933 1135 964 et
1162 921 1321 977 regina,
1343 936 1389 964 ac
1410 920 1549 963 caeteri
1574 918 1626 964 de
1651 932 1766 977 parte
1805 918 1978 963 adversa

338 1007 610 1065 requisierint
648 1022 742 1050 eam
783 1005 997 1063 deponere
1033 1004 1229 1048 habitum
1278 1020 1408 1047 suum
1457 1016 1498 1047 et
1567 1018 1737 1047 sumere
1778 1002 1974 1046 habitum

341 1090 596 1135 muliebrem
621 1108 629 1134 :
658 1088 878 1147 respondit
905 1102 912 1128 :
939 1105 959 1127 «
985 1089 1080 1132 Hoc
1108 1103 1195 1131 non
1225 1100 1286 1131 est
1307 1085 1359 1131 de
1386 1102 1584 1146 processu
1612 1098 1769 1130 vestro.
1801 1102 1821 1125 ³>

402 1174 589 1218 Ulterius
611 1175 868 1231 interrogata
901 1174 933 1216 si
956 1171 1007 1216 de
1036 1171 1116 1216 hoc
1147 1171 1276 1215 fuerit
1315 1171 1518 1229 requisita
1553 1169 1665 1229 apud
1713 1171 1977 1214 Beaurevoir:

340 1258 560 1318 respondit
586 1274 683 1302 vere
722 1256 840 1315 quod
882 1258 978 1311 sic3
1017 1268 1059 1300 et
1104 1269 1206 1299 tunc
1247 1254 1467 1314 respondit
1500 1253 1618 1313 quod
1659 1270 1747 1303 non
1794 1266 1978 1298 mutaret

338 1343 495 1401 absque
523 1342 692 1386 licentia
720 1342 902 1385 Domini
932 1341 1080 1384 nostri.
1106 1341 1212 1383 Item
1241 1339 1347 1383 dixit
1368 1338 1486 1397 quod
1502 1337 1725 1382 domicella
1742 1339 1787 1381 de
1809 1339 1980 1382 Luxem-

339 1428 460 1484 burgo
477 1427 697 1484 requisivit
712 1424 944 1469 dominum
962 1425 1007 1468 de
1027 1423 1299 1468 menbourc
1319 1422 1437 1481 quod
1460 1424 1547 1481 ipsa
1569 1423 1767 1478 Jolianna
1788 1438 1876 1466 non
1899 1434 1979 1465 tra-

339 1510 510 1555 deretur
540 1510 741 1568 Anglicis.
769 1509 876 1552 Item
903 1508 1008 1552 dixit
1035 1507 1154 1565 quod
1178 1506 1375 1565 praedicta
1398 1505 1626 1549 domicella
1647 1518 1687 1549 et
1726 1504 1903 1549 domina
1929 1504 1980 1548 de

340 1596 579 1639 Remu-evm}
623 1592 877 1636 obtulerunt
919 1593 956 1634 ei
1010 1590 1202 1634 habitum
1243 1590 1518 1643 muliebrem,
1563 1589 1627 1632 vel
1665 1605 1857 1647 pannum
1904 1604 1980 1646 pro

342 1677 536 1722 faciendo
572 1677 713 1727 illum,
738 1678 1002 1734 requirentes
1027 1676 1062 1718 ei
1089 1673 1205 1733 quod
1236 1674 1358 1717 illum
1388 1673 1595 1727 deferret3
1632 1671 1789 1730 quibus
1808 1687 1980 1730 respon-

342 1761 404 1805 dit
431 1777 473 1805 se
500 1777 587 1804 non
611 1759 763 1803 habere
788 1759 1003 1802 licentiam
1023 1774 1044 1801 a
1064 1758 1259 1801 Domino
1284 1770 1447 1807 nostro,
1471 1769 1511 1800 et
1531 1755 1647 1814 quod
1666 1755 1864 1800 nondum
1886 1754 1980 1799 ade-

343 1858 405 1889 rat
428 1858 612 1902 tempus.
644 1845 763 1887 Dixit
791 1844 968 1900 insuper
990 1840 1107 1900 quod
1129 1840 1335 1886 dominus
1352 1840 1571 1896 Johannes
1592 1839 1643 1884 de
1660 1840 1816 1898 Pressy,
1838 1838 1977 1892 miles,

306 1978 312 1983 ,
342 1942 383 1972 et
408 1928 610 1972 nonnulli
647 1928 715 1970 alii
743 1926 996 1970 obtulerunt
1024 1927 1060 1969 ei
1103 1925 1295 1968 habiturn
1338 1923 1609 1977 muliebrem,
1650 1922 1858 1966 Attrebati
1884 1930 1914 1976 3,
1941 1934 1981 1966 et

342 2013 500 2070 pluries
546 2012 759 2069 petierunt
802 2010 852 2053 ab
889 2025 934 2053 ea
959 2010 991 2052 si
1021 2009 1148 2052 vellet
1186 2020 1353 2052 mutare
1385 2007 1594 2051 habitum.
1628 2007 1834 2050 Praeterea
1876 2005 1982 2052 dixit

343 2098 476 2157 quod,
540 2099 571 2141 si
610 2096 825 2141 debuisset
862 2108 1026 2139 mutare
1077 2093 1329 2152 hujusmodi
1377 2093 1591 2146 habitum,
1647 2093 1735 2151 ipsa
1778 2103 1982 2136 mutasset

342 2184 467 2226 citius
488 2181 538 2225 ad
570 2194 808 2239 requestam
844 2178 1142 2237 praedictarum
1177 2177 1358 2221 duarum
1385 2177 1663 2221 dominarum
1708 2192 1840 2234 quarn
1879 2175 1982 2219 alia-

344 2282 440 2310 rum
460 2276 472 2298 ⁴
508 2266 804 2308 exsistentium
833 2265 876 2306 in
905 2278 1037 2320 regno
1061 2262 1262 2311 Franciae‚
1287 2273 1458 2319 excepta
1489 2260 1631 2318 regina
1657 2275 1746 2303 sua.
1774 2259 1978 2302 —Inter-

345 2361 486 2407 rogata
515 2349 693 2392 ulterius
721 2359 883 2400 utrum,
913 2346 1017 2390 dum
1046 2347 1163 2390 Deus
1187 2346 1224 2388 ei
1253 2344 1454 2388 revelavit
1481 2342 1598 2402 quod
1622 2343 1818 2386 habitum
1851 2357 1981 2386 suum

346 2446 546 2485 mutaret,
562 2433 593 2474 si
617 2432 695 2474 hoc
718 2431 798 2474 fuit
818 2446 889 2488 per
910 2446 1061 2474 vocem
1075 2430 1207 2474 sancti
1234 2427 1454 2472 Michaelis
1475 2427 1540 2471 vel
1562 2439 1803 2470 sanctarum
1821 2425 1983 2469 Katha-

347 2519 449 2559 rinae
473 2529 514 2560 et
542 2517 790 2573 Margaretae
814 2527 822 2556 2
849 2512 1068 2571 respondit
1097 2526 1104 2552 :
1139 2528 1157 2549 «
1187 2513 1276 2556 Vos
1304 2527 1392 2555 non
1422 2510 1629 2555 habebitis
1669 2509 1720 2553 de
1743 2510 1824 2553 hoc
1867 2524 1983 2552 nunc

345 2586 476 2632 aliud.
508 2604 525 2626 ›>

407 2725 543 2768 XVII.
580 2743 599 2765 «
640 2724 764 2776 ITEM,
792 2739 890 2767 cum
925 2721 1036 2766 dicta
1079 2721 1277 2777 Johanna
1305 2719 1478 2764 devenit
1499 2718 1549 2764 ad
1580 2720 1851 2777 praesentiam
1881 2717 1983 2762 dicti

350 2806 511 2859 Karoli,
537 2808 593 2849 sic
622 2805 771 2849 induta
799 2818 841 2848 et
867 2818 1043 2857 armata,
1073 2817 1120 2847 ut
1143 2806 1413 2862 praemissum
1441 2816 1519 2857 est,
1544 2804 1655 2848 inter
1681 2803 1774 2856 alia,
1802 2803 1880 2846 tria
1903 2801 1982 2844 sibi

403 2997 431 3020 1.
454 2985 484 3020 C
507 2997 516 3018 .·
552 2984 769 3042 Vaucouleus.
790 3003 838 3009 --
860 2993 893 3016 2.
922 2982 988 3016 AC
1019 2994 1029 3015 :
1052 2993 1126 3016 suas
1156 2993 1253 3016 voces.
1283 3002 1327 3007 —-
1359 2991 1388 3025 3.
1415 2980 1511 3015 ΑΒΕ
1531 2993 1540 3013 .·
1567 2980 1752 3015 Attrabatl.
1787 3001 1831 3005 —-
1859 2989 1893 3022 4.
1917 2979 1952 3023 Q
1972 2991 1981 3012 .-

350 3045 509 3078 illiorum⁴
