2099 3356
346 151 424 192 192
619 135 775 178 PROCES
808 149 865 178 DE
897 147 1248 178 CONDAMNATION
1283 148 1339 177 DE
1369 133 1688 189 JEANNE'D’ARC

336 248 447 308 apud
479 249 516 291 V
515 249 730 291 auconlour
748 255 777 300 ¹,
802 248 889 304 ipsa
909 247 1113 304 cognovit
1132 245 1370 291 Robertum
1393 245 1444 289 de
1465 247 1748 298 Baudricourt,
1773 258 1813 289 et
1830 257 1975 289 tamen

331 349 431 376 eum
459 345 581 376 antea
618 346 844 389 nunquam
871 329 1053 383 viderat3
1083 341 1123 373 et
1148 330 1229 373 hoc
1269 329 1351 372 fuit
1379 345 1452 387 per
1487 345 1639 372 vocem
1666 345 1763 387 quae
1803 327 1908 372 dixit
1935 331 1973 372 ei

331 415 448 474 quod
477 417 563 472 ipse
590 427 676 458 erat
706 413 790 457 ille.
815 414 922 457 Item
951 412 1058 457 dixit
1084 412 1201 471 quod
1230 414 1318 470 ipsa
1351 413 1504 470 reperit
1534 427 1672 470 regern
1697 428 1826 456 suum
1860 411 1973 469 apud

337 500 510 550 Chinon,
540 497 611 541 ubi
634 497 836 555 applicuit
861 497 980 554 quasi
1003 497 1045 538 in
1072 495 1267 549 meridie,
1296 508 1337 539 et
1366 495 1577 552 hospitata
1603 494 1683 539 fuit
1717 497 1760 538 in
1782 494 1973 553 quodam

335 583 549 639 hospitio,
572 593 629 634 et,
648 593 743 638 post
763 578 1014 638 prandium,
1038 580 1116 623 ivit
1132 578 1246 637 apud
1267 594 1411 637 regern
1435 595 1564 623 suum
1585 580 1628 622 in
1650 591 1802 632 castro,
1825 594 1972 638 quem,

334 664 439 707 dum
464 665 637 707 intravit
664 678 892 715 cameram,
924 664 1011 721 ipsa
1031 663 1236 720 cognovit
1260 663 1372 705 inter
1397 674 1571 706 caeteros
1588 674 1629 706 et
1650 677 1723 720 per
1742 662 1974 705 consilium

336 764 517 800 vocu1n3
553 748 619 790 cui
660 746 835 805 quidem
877 747 964 804 regi
1005 745 1112 789 dixit
1144 744 1262 804 quod
1299 746 1388 803 ipsa
1411 744 1580 789 volebat
1617 746 1675 789 ire
1715 745 1973 789 debellatum

336 831 559 888 Anglicos.

396 915 475 957 Die
499 915 658 966 martis,
684 928 774 957 xm.
800 914 959 969 martii,
978 914 1236 971 interrogata
1257 911 1308 956 de
1326 912 1517 971 quodam
1532 912 1749 957 sacerdote
1769 912 1977 956 concubi-

336 999 471 1051 nario,
497 1010 537 1041 et
562 996 612 1040 de
637 1013 722 1041 una
738 1009 844 1040 tassa
871 1009 1069 1053 argentea
1096 994 1276 1054 perdita,
1303 1009 1381 1040 etc.
1410 1013 1416 1039 :
1442 995 1661 1054 respondit
1694 994 1745 1039 de
1773 995 1856 1039 hoc
1882 1007 1975 1039 toto

330 1097 372 1124 se
394 1089 407 1105 ²
435 1082 596 1124 nescire
623 1079 805 1137 aliquid,
835 1096 912 1124 nec
927 1079 978 1123 de
1007 1079 1088 1123 hoc
1114 1095 1311 1138 unquam
1333 1078 1545 1123 audivisse
1569 1079 1704 1137 loqui.

391 1230 549 1273 XVIII.
589 1248 608 1270 «
625 1230 748 1282 ITEM,
780 1229 889 1272 dicta
912 1229 1127 1284 johanna,
1153 1228 1363 1286 quamdiu
1391 1230 1507 1272 stetit
1532 1244 1629 1271 cum
1659 1227 1774 1272 dicto
1793 1228 1971 1281 Karolo,

332 1315 433 1357 totis
448 1313 608 1357 viribus
624 1312 702 1356 sibi
719 1326 759 1356 et
786 1314 874 1356 suis
904 1311 1102 1356 dissuasit
1129 1328 1182 1355 ne
1204 1311 1472 1356 attenderent
1506 1311 1824 1370 quoquomodo
1847 1311 1974 1355 alicui

334 1398 525 1440 tractatui
550 1398 660 1454 pacis
680 1412 753 1440 seu
773 1408 1174 1454 appunctuamento
1194 1412 1292 1439 cum
1316 1394 1566 1439 adversariis
1585 1396 1687 1447 suis,
1711 1411 1879 1453 semper
1901 1411 1974 1439 eos

335 1480 552 1524 incitando
576 1480 626 1524 ad
648 1481 906 1524 occisionem
931 1492 970 1522 et
989 1479 1247 1523 effusionem
1270 1480 1490 1536 sanguinis
1512 1479 1718 1533 humani;
1746 1478 1974 1523 asserendo

333 1564 451 1622 quod
474 1580 550 1621 pax
574 1563 715 1607 haberi
741 1579 829 1606 non
858 1575 1014 1621 posset,
1044 1564 1123 1606 nisi
1147 1579 1244 1607 cum
1269 1562 1375 1607 buto
1397 1563 1551 1606 lanceae
1578 1575 1618 1606 et
1645 1563 1778 1617 ensis3
1801 1574 1842 1606 et
1856 1561 1973 1620 quod

334 1664 355 1690 a
380 1648 474 1691 Deo
507 1660 593 1691 erat
620 1649 677 1691 sic
704 1655 712 1676 ³
737 1646 1002 1700 ordinatum,
1032 1649 1131 1704 quia
1159 1646 1385 1690 adversarii
1414 1648 1522 1704 regis
1542 1646 1642 1690 alias
1666 1662 1754 1689 non
1783 1645 1973 1689 dimitte-

333 1744 426 1774 rent
454 1730 558 1774 illud
586 1730 703 1788 quod
720 1742 929 1787 occupant
957 1731 1000 1773 in
1022 1746 1179 1787 regno;
1199 1746 1309 1788 quos
1326 1731 1384 1773 sic
1410 1729 1619 1774 debellare
1646 1742 1733 1773 erat
1758 1745 1897 1773 unum
1923 1727 1973 1772 de

332 1816 498 1872 magnis
532 1813 656 1858 bonis
701 1813 818 1872 quod
853 1826 993 1871 posset
1026 1815 1275 1871 contingere
1309 1815 1389 1856 toti
1428 1813 1742 1867 christianitati,
1778 1825 1826 1856 ut
1858 1811 1973 1856 dice-

332 1897 415 1941 bat.
446 1916 465 1937 »

389 1981 485 2024 *Ad
519 1981 633 2025 hunc
656 1992 668 2013 ⁴¹
709 1981 939 2024 articulum
974 1981 1202 2038 respondet
1231 1981 1445 2036 johanna,
1487 1992 1700 2038 quantum
1732 1978 1783 2023 ad
1816 1978 1971 2023 ducem

330 2063 604 2122 Burgundiae,
632 2066 720 2122 ipsa
747 2065 966 2122 requisivit
993 2080 1091 2107 eum
1122 2080 1195 2122 per
1221 2064 1379 2108 litteras
1403 2077 1443 2107 et
1470 2080 1572 2107 suos
1608 2063 1917 2107 ambaxiatores
1942 2071 1970 2116 5,

331 2148 450 2207 quod
471 2162 579 2192 esset
599 2165 676 2206 pax
705 2149 814 2191 inter
835 2163 975 2205 regern
996 2163 1125 2191 suum
1153 2161 1193 2190 et
1226 2147 1388 2192 dictum
1417 2147 1595 2201 ducem;
1621 2159 1834 2206 quantum
1871 2161 1972 2190 vero

331 2232 380 2276 ad
410 2232 629 2289 Anglicos,
657 2248 735 2289 pax
755 2247 885 2290 quam
908 2244 1077 2290 oportet
1098 2230 1155 2274 ibi
1181 2247 1284 2284 esse,
1307 2244 1368 2274 est
1391 2230 1508 2289 quod
1534 2231 1690 2275 vadant
1714 2229 1764 2274 ad
1793 2231 1970 2288 patriam

330 2332 452 2359 suam
486 2316 529 2358 in
564 2314 734 2372 Anglia.
766 2315 815 2357 Et
838 2313 889 2358 de
930 2313 1099 2358 residuo
1135 2314 1317 2368 articuli,
1347 2314 1447 2358 alias
1480 2313 1716 2371 respondit,
1759 2312 1809 2357 ad
1839 2329 1969 2372 quam

330 2400 656 2456 responsionem
685 2414 728 2441 se
757 2396 898 2441 refert.

383 2540 546 2589 *Quoad
566 2540 747 2579 decimum
764 2545 933 2578 (maltum
969 2553 975 2578 :
1001 2540 1072 2587 dit,
1109 2550 1232 2594 quant
1257 2540 1276 2578 a
1302 2539 1335 2578 la
1375 2541 1478 2592 paix,
1506 2540 1578 2588 dit,
1605 2548 1727 2593 quant
1751 2553 1797 2579 au
1823 2539 1899 2578 duc
1920 2539 1968 2578 de

330 2614 615 2665 Bourgongne,
653 2611 726 2650 elle
754 2611 801 2650 I’a
834 2612 967 2664 requis
1001 2611 1035 2649 le
1068 2611 1143 2650 duc
1169 2612 1215 2650 de
1242 2613 1498 2664 Bourgogne,
1533 2625 1603 2664 par
1639 2611 1776 2650 lectres
1800 2620 1838 2649 et
1859 2611 1879 2649 ὲ
1910 2624 1969 2649 ses

328 2684 640 2729 ambassadeurs‚
673 2697 747 2735 que
784 2683 808 2721 il
842 2696 866 2734 y
900 2693 986 2721 eust
1011 2684 1114 2735 paix.
1147 2684 1284 2728 Quant
1310 2697 1382 2721 aux
1418 2682 1614 2735 Angloys,
1642 2682 1675 2720 la
1701 2683 1788 2735 paix
1819 2681 1914 2735 qu’il
1945 2695 1970 2733 y

328 2755 441 2802 fault,
468 2754 559 2793 c'est
584 2755 652 2807 qui
678 2754 760 2792 s’en
786 2764 954 2806 voysent
976 2768 1023 2792 en
1052 2753 1154 2792 leurs
1186 2768 1294 2807 payS,
1322 2769 1371 2792 cn
1403 2753 1650 2806 Angleterre.
1679 2755 1725 2792 Et
1743 2753 1794 2792 du
1817 2753 1966 2800 residu,

330 2825 472 2879 qu’elle
498 2839 517 2863 a
537 2826 765 2878 respondu3
789 2825 808 2862 a
833 2838 941 2878 quoy
956 2824 1030 2863 elle
1054 2838 1093 2863 se
1115 2835 1299 2878 rapporte
1318 2826 1347 2863 ⁶.

384 2992 414 3014 1.
443 2980 473 3014 C
490 2991 501 3014 .·
525 2979 739 3013 Vamoulem.
760 3000 803 3004 —
820 2989 852 3013 2.
867 2979 897 3014 C
916 2988 1014 3014 omet
1030 2992 1073 3014 se.
1095 3000 1142 3004 --
1162 2991 1190 3024 3.
1210 2979 1304 3014 AC:
1324 2981 1371 3014 sic
1387 2990 1406 3012 α
1421 2979 1490 3013 Deo
1506 2984 1588 3013 erat.
1604 2990 1695 3022 -4,
1721 2979 1752 3013 Α
1778 2978 1965 3013 :decimum

331 3046 493 3073 octavum.
510 3060 555 3064 —
578 3049 607 3082 5.
637 3040 667 3073 A
693 3051 703 3072 .·
723 3035 967 3072 dmbassatores.
991 3059 1038 3064 ——-
1058 3042 1090 3073 6.
1110 3039 1150 3081 U,
1170 3038 1236 3074 fol.
1263 3039 1319 3081 28,
1339 3048 1385 3072 r0.
