2099 3356
295 189 377 243 380
561 185 720 229 PRocbs
762 192 818 228 DE
862 199 1215 229 CONDAMNATION
1249 200 1304 229 DE
1334 201 1498 242 JEANNE
1531 187 1656 231 D’ARC

287 298 425 343 fuerat
451 298 674 342 admonita
703 310 751 341 ut
781 299 825 341 in
862 297 976 342 bono
1011 299 1232 357 proposito
1259 300 1498 357 persisteret
1530 313 1572 344 et
1603 317 1626 345 a
1655 301 1820 359 relapsu
1847 301 1927 347 sibi

288 395 469 426 caveret.
500 381 627 425 Tunc
660 396 853 439 quoque,
884 380 1072 439 parendo
1105 383 1323 441 praeceptis
1354 382 1565 437 Ecclesiae,
1595 383 1791 428 habitum
1821 387 1926 429 viri-

288 467 372 511 lem
404 464 570 508 dimisit
600 466 688 522 ipsa
718 464 917 521 Johanna
953 478 993 509 et
1035 465 1293 510 muliebrem
1338 467 1515 525 accepit,
1553 466 1924 526 quemadmodum

286 565 415 608 supra
447 548 571 592 latius
598 547 761 592 dictum
801 560 876 592 est.
917 549 1099 603 Verum,
1130 549 1336 594 suadente
1362 550 1564 601 Diabolo,
1595 553 1753 596 iterum
1780 567 1925 597 coram

288 632 480 692 pluribus
506 632 690 676 narravit
710 631 828 690 quod
862 648 986 677 voces
1011 649 1100 677 suae
1133 646 1174 677 et
1201 635 1373 691 spiritus
1402 635 1481 678 sibi
1517 649 1765 693 apparentes
1800 652 1928 682 vene-

289 729 382 760 rant
429 714 480 759 ad
523 731 618 768 eam
651 727 693 759 et
731 715 851 774 plura
887 714 1027 760 eidem
1069 715 1270 760 dixerunt
1295 726 1322 760 ¹.
1362 718 1453 776 Ipsa
1496 734 1673 777 quoque
1709 719 1924 776 Johanna,

287 801 442 857 rejecto
472 797 618 843 habitu
641 798 858 853 muliebri,
881 800 1039 844 iterum
1062 799 1257 844 habiturn
1278 801 1445 845 virilem
1467 803 1639 860 accepit.
1671 803 1806 854 Quod
1826 821 1926 849 cum

291 883 415 928 nobis
436 882 647 940 judicibus
675 883 857 928 relatum
882 883 1045 937 fuisset,
1075 883 1284 928 rediimus
1307 884 1358 928 ad
1388 901 1483 929 eam
1514 898 1555 930 et
1586 887 1720 944 ipsam
1748 889 1928 933 interro-

289 969 502 1026 gavimus,
525 967 644 1011 velut
666 979 790 1011 antea
815 967 980 1011 dictum
1005 981 1081 1012 est.

347 1051 474 1096 Tunc
502 1066 694 1110 quoque,
715 1067 860 1095 coram
881 1051 1043 1096 eisdem
1069 1051 1259 1096 dominis
1280 1065 1321 1096 et
1348 1054 1562 1111 magistris
1588 1056 1928 1113 prcenominatis,

290 1137 333 1179 in
361 1135 471 1180 dicta
497 1135 683 1194 cappella
711 1134 868 1179 domus
894 1136 1264 1194 archiepiscopalis
1291 1137 1608 1193 exsistentibus,
1644 1137 1824 1182 fecimus
1848 1139 1929 1197 legi

289 1220 581 1264 confessiones
613 1233 655 1264 et
693 1220 947 1264 assertiones
986 1221 1117 1277 ipsius
1152 1220 1364 1276 Johannae
1397 1222 1646 1276 novissime,
1676 1222 1833 1267 scilicet
1861 1223 1929 1267 die

291 1304 502 1357 hesterna,
539 1319 612 1362 per
638 1319 732 1347 eam
760 1319 905 1347 coram
937 1303 1060 1348 nobis
1086 1303 1232 1358 dictas,
1258 1321 1355 1363 quae
1388 1306 1583 1364 superius
1609 1303 1853 1350 scribuntur
1879 1315 1926 1362 ²3

291 1387 476 1446 petendo
503 1388 553 1431 ab
578 1389 677 1445 ipsis
701 1387 1003 1432 exsistentibus
1030 1388 1206 1432 consilia
1233 1401 1274 1432 et
1301 1388 1628 1434 deliberationes
1655 1390 1925 1436 eorumdem.

292 1473 381 1524 Qui
411 1473 453 1515 in
483 1471 600 1516 hunc
628 1472 810 1516 modum
838 1471 1199 1516 deliberaverunt.
1232 1474 1236 1478 '
1281 1527 1285 1534 .

351 1557 552 1614 Magister
590 1556 797 1600 Nicolaus
835 1555 887 1600 de
937 1557 1142 1609 Venderes,
1184 1557 1428 1601 licentiatus
1481 1559 1524 1601 in
1566 1559 1657 1615 jure
1700 1560 1938 1613 canonico,-

291 1639 614 1683 archidiaconus
640 1638 692 1682 de
722 1641 849 1697 Augo
873 1653 913 1683 et
943 1641 1175 1684 canonicus
1207 1641 1392 1684 ecclesiae
1419 1640 1796 1699 Rothomagensis‚
1823 1641 1929 1686 deli-

291 1724 448 1767 beravit
472 1723 588 1782 quod
620 1723 728 1768 dicta
759 1723 958 1780 Johanna
984 1723 1193 1767 censenda
1215 1737 1276 1767 est
1309 1737 1349 1768 et
1385 1738 1581 1768 censetur
1608 1724 1834 1779 haeretica3
1869 1738 1926 1777 et,

289 1909 393 1948 dictae
410 1904 590 1958 Jahannae
609 1909 807 1961 signatam.
833 1910 880 1948 Et
905 1909 980 1963 [sisa
1001 1909 1123 1947 eadem
1144 1908 1201 1947 die
1209 1908 1291 1962 fuit
1310 1908 1492 1958 absoluta,
1516 1908 1582 1948 sub
1608 1909 1807 1949 conditione.
1835 1910 1931 1964 quod

292 1981 467 2035 hacficre!
485 1981 587 2019 corde
610 1981 763 2019 contrito
788 1985 820 2019 el
843 1980 922 2034 fide
948 1994 1017 2019 non
1038 1979 1130 2034 ficta
1149 1994 1161 2026 ;
1191 1985 1222 2019 et
1237 1980 1452 2034 pa’nilentia
1476 1981 1658 2032 injuncta.
1693 1983 1784 2020 Item
1809 1982 1930 2021 eadem
1954 2020 1957 2022 ,

292 2052 488 2091 adi-verant
511 2052 679 2091 dominus
704 2051 867 2091 vicarius
883 2057 913 2090 el
934 2065 1044 2106 quam
1073 2051 1197 2106 plures
1221 2051 1394 2091 notabiles
1417 2052 1586 2098 doctores,
1614 2057 1645 2091 et
1674 2066 1752 2091 eam
1780 2067 1926 2092 monue-

295 2129 382 2162 runt
413 2129 452 2163 ut
481 2128 625 2178 pareret
653 2124 837 2163 mandatis
862 2123 1049 2170 Ecclesia’;
1077 2129 1108 2162 et
1134 2137 1212 2162 eam
1242 2123 1468 2162 induxerunt
1499 2129 1538 2162 ut
1566 2124 1732 2177 reciperet
1766 2123 1932 2163 habitum

295 2196 524 2243 muliebrem,
562 2201 593 2234 et
631 2195 829 2234 dimitteret
875 2195 1043 2234 habitum
1087 2195 1256 2234 virorum
1270 2210 1282 2241 ,·
1331 2209 1438 2248 quenz
1493 2195 1658 2234 habitum
1718 2194 1932 2234 muliebrem

295 2268 439 2321 accepit,
462 2267 581 2306 alium
603 2267 769 2306 habitum
791 2267 1018 2306 dimittendo.
1046 2267 1132 2313 Sed,
1166 2266 1337 2305 suadente
1363 2266 1534 2314 Diabolu,
1558 2267 1595 2305 in
1621 2272 1716 2305 nacte
1735 2266 1899 2321 sequenti
1925 2276 1934 2301 3

295 2345 326 2377 et
356 2339 532 2393 pluribus
567 2338 705 2386 diebus,
741 2339 835 2377 dixit
859 2338 1034 2392 pluribus
1071 2338 1166 2392 quod
1200 2338 1352 2392 spiritus
1379 2338 1438 2376 sui
1471 2343 1502 2376 et
1537 2351 1649 2377 voces.
1672 2337 1853 2376 redierant
1887 2338 1936 2376 ad

294 2424 388 2457 cain,
420 2415 450 2448 cl
482 2411 597 2464 plura
626 2410 736 2449 eidem
762 2410 957 2454 dixerant:
990 2415 1022 2448 el
1044 2409 1218 2448 similiter
1236 2409 1278 2448 de
1299 2409 1426 2448 habitu
1457 2408 1631 2448 muliebri
1654 2423 1723 2447 non
1751 2413 1933 2456 contenta,

292 2496 402 2534 quam
430 2483 597 2535 primum
617 2487 784 2535 patuerat
803 2482 960 2534 accipere
985 2486 1017 2519 el
1046 2481 1174 2519 habere
1198 2480 1364 2520 habitum
1388 2480 1552 2528 virilem,
1570 2480 1686 2525 ‘illum
1710 2481 1854 2534 accepit.
1884 2482 1933 2519 Et

292 2553 346 2590 dic
365 2553 541 2599 hesterna,
567 2553 708 2592 domim·
723 2553 874 2605 judices,
900 2553 1027 2591 audito
1044 2553 1199 2591 clamore
1215 2552 1257 2590 de
1271 2552 1482 2605 prannissis,
1503 2552 1689 2591 redierunt
1704 2552 1752 2590 ad
1779 2566 1875 2599 eam,
1900 2556 1932 2590 et

292 2638 369 2661 eant
406 2625 629 2677 repcricrmil
658 2625 694 2663 in
724 2624 851 2663 lmbilu
882 2624 1016 2669 vir1‘li,·
1056 2629 1087 2662 el
1109 2624 1277 2677 fecerunt
1309 2623 1412 2677 [legi]
1445 2637 1485 2662 ea
1515 2637 1598 2676 quae
1633 2623 1868 2662 continentur
1893 2623 1932 2661 in

289 2695 457 2733 scln‘dula
476 2705 505 2743 ⁴,
523 2703 586 2748 per
612 2696 836 2749 natariosque
861 2695 946 2734 lecta
970 2696 1060 2746 fuit,
1083 2701 1114 2733 et
1134 2695 1243 2733 etiam
1253 2695 1336 2748 fuit
1361 2694 1531 2734 schedula
1556 2704 1565 2728 5
1591 2694 1849 2747 abjurationis.

344 2768 488 2815 Quibus
510 2768 618 2813 lectis,
633 2768 773 2806 domini
791 2767 930 2821 judices
946 2768 1130 2820 petierunt
1144 2767 1334 2806 adonzinis
1352 2766 1599 2806 assistentibus
1613 2765 1887 2805 deliberationes
1898 2768 1929 2804 ⁶.

294 2841 341 2878 Et
363 2839 483 2892 prima
508 2839 684 2878 Nicotaus
707 2839 747 2877 dc
774 2839 978 2878 Venderez
1010 2853 1017 2876 :
1050 2838 1197 2877 videtur
1221 2838 1291 2877 sibi
1318 2838 1413 2891 quod
1438 2842 1600 2877 censetur
1626 2843 1658 2876 et
1682 2842 1730 2877 est
1761 2837 1934 2876 censenda

350 3041 378 3063 1.
401 3030 432 3063 A
456 3042 465 3062 ,·
487 3012 657 3065 dixerant.
680 3050 730 3073 —-,
753 3040 785 3063 2.
816 3029 846 3064 C
870 3041 879 3062 .·
899 3029 1142 3063 describuntur.
1164 3049 1209 3054 --
1232 3039 1261 3074 3.
1296 3029 1362 3063 Ms.
1390 3040 1400 3062 .·
1427 3028 1550 3062 sedenti
1573 3029 1662 3073 (sis).
1690 3048 1730 3053 -—
1750 3038 1785 3070 4.
1808 3027 1896 3062 Ibid.
1921 3039 1931 3061 :

309 3088 430 3121 aulida.
447 3109 492 3113 —
515 3099 543 3131 5.
567 3088 666 3129 Ihm„
687 3088 786 3125 idem,
814 3108 853 3114 —-
880 3089 913 3122 6.
939 3088 990 3122 Ce
1007 3088 1066 3133 qui
1087 3088 1156 3122 suit
1175 3089 1268 3122 omis
1287 3099 1352 3134 par
1371 3088 1578 3128 Quicherat.
