2099 3356
399 178 560 224 PRoci'zs
592 193 648 223 DE
680 191 1030 223 CONDAMNArloN
1066 192 1122 222 DE
1153 193 1321 235 JEANNE
1356 179 1481 223 D’ARc
1705 193 1759 236 47

112 309 245 353 quam
271 308 352 350 ego
390 292 570 337 habeam
612 291 664 335 de
704 290 1010 350 respondendo
1038 291 1173 336 vobis.
1219 292 1270 336 Et
1297 304 1512 350 quantum
1556 291 1607 336 ad
1648 292 1760 337 istud

113 377 512 435 interrogatorium,
543 392 647 434 rogo
670 391 747 420 vos
768 387 815 420 ut
831 374 1010 420 habeam
1032 374 1302 420 dilationem.
1324 393 1344 416 ›>

176 461 438 518 Interrogata
465 461 498 504 si
525 459 658 503 credit
700 458 782 503 hoc
819 458 1040 517 displicere
1075 459 1168 503 Deo
1214 458 1331 517 quod
1371 458 1536 503 dicatur
1576 460 1759 503 veritas:

116 543 355 601 respondit:
386 562 405 586 «
431 544 569 587 Voces
599 542 800 586 dixerunt
823 542 930 585 mihi
968 541 1083 600 quod
1124 542 1266 601 aliqua
1293 542 1434 587 dicam
1475 544 1560 600 regi
1594 555 1636 586 et
1672 558 1763 586 non

114 626 250 672 vobis.
284 643 303 667 »
330 628 438 671 Item
466 625 572 670 dixit
597 625 732 683 quod,
758 626 827 669 illa
856 637 997 679 nocte,
1022 625 1128 669 dixit
1150 625 1228 669 sibi
1252 625 1388 670 multa
1417 642 1492 684 pro
1513 625 1631 670 bono
1654 627 1763 683 regis

113 711 195 764 sui,
225 727 322 768 quae
349 709 476 754 vellet
497 711 638 768 ipsum
663 725 804 766 regem
827 722 929 753 tunc
951 710 1071 763 scire,
1103 721 1144 753 et
1187 708 1306 767 quod
1350 710 1437 768 ipsa
1479 725 1567 753 non
1600 721 1764 767 potaret

114 795 269 838 vinum
292 809 427 851 usque
454 791 506 837 ad
531 793 689 837 Pascha
712 810 719 836 :
752 794 839 849 ipse
861 793 996 843 enim,
1026 804 1074 837 ut
1092 792 1241 837 eadem
1257 792 1438 847 dicebat,
1462 792 1611 837 fuisset
1630 793 1766 838 laetior

121 879 167 922 in
191 893 270 921 suo
299 875 493 934 prandio.

178 962 442 1018 Interrogata
493 959 528 1003 si
570 972 769 1017 possetne
810 972 983 1004 tantum
1023 959 1157 1004 facere
1185 959 1297 1018 apud
1323 960 1442 1005 illam
1471 977 1623 1005 vocem
1645 959 1764 1019 quod

126 1045 235 1089 velle
258 1044 448 1096 obedire,
481 1057 521 1088 et
548 1043 711 1088 deferre
731 1045 936 1088 nuntium
963 1045 1049 1101 regi
1078 1060 1157 1088 suo
1180 1057 1187 1084 τ
1218 1043 1443 1102 respondit
1467 1044 1585 1103 quod
1611 1046 1770 1089 nescie-

123 1128 194 1172 bat
215 1129 247 1172 si
270 1144 354 1171 vox
378 1127 505 1171 vellet
521 1126 695 1172 obedire
711 1128 793 1170 nisi
813 1140 920 1172 esset
936 1127 1136 1171 voluntas
1151 1129 1233 1171 Dei
1255 1141 1295 1172 et
1316 1127 1434 1186 quod
1449 1129 1566 1173 Deus
1585 1144 1763 1173 consen—

113 1214 229 1256 tiret.
264 1231 283 1254 «
306 1212 356 1255 Et
383 1213 416 1255 si
444 1211 603 1269 placeat
618 1211 710 1255 Deo
734 1228 773 1264 n,
799 1212 956 1269 inquit,
984 1228 1003 1250 «
1025 1212 1112 1269 ipse
1133 1210 1238 1255 bene
1253 1212 1410 1269 poterit
1432 1211 1566 1256 facere
1586 1212 1764 1256 revelari

113 1312 193 1340 suo
213 1296 325 1353 regi;
353 1309 395 1339 et
419 1294 470 1339 de
490 1295 573 1339 hoc
599 1311 735 1338 essem
764 1294 871 1338 bene
895 1307 1113 1338 contenta.
1145 1312 1164 1335 »

174 1381 435 1437 Interrogata
461 1395 592 1437 quare
617 1379 686 1423 illa
707 1395 792 1423 vox
822 1395 911 1424 non
933 1380 991 1422 sic
1017 1378 1150 1424 modo
1192 1379 1386 1438 loquitur
1414 1396 1515 1424 cum
1541 1396 1637 1438 rege
1669 1397 1764 1434 suo,

120 1465 231 1508 sicut
254 1462 433 1507 faciebat
463 1461 639 1521 quando
672 1464 761 1521 ipsa
789 1472 798 1488 ¹
840 1462 1039 1518 Johanna
1069 1475 1157 1507 erat
1189 1464 1233 1507 in
1274 1465 1365 1520 ejus
1402 1465 1647 1521 praesentia:
1684 1480 1768 1507 res-

119 1546 273 1606 pondit
299 1546 418 1605 quod
447 1548 580 1591 nescit
600 1548 634 1591 si
656 1547 709 1590 sit
740 1546 941 1592 voluntas
966 1547 1060 1590 Dei.
1095 1548 1145 1591 Et
1174 1545 1338 1591 addidit
1377 1546 1512 1605 quod,
1539 1548 1619 1592 nisi
1659 1560 1768 1591 esset

118 1631 254 1689 gratia
282 1631 379 1683 Dei,
408 1631 498 1689 ipsa
517 1631 697 1674 nesciret
723 1629 962 1688 quidquam
988 1646 1125 1688 agere.

176 1716 439 1772 Interrogata
475 1727 625 1759 utrum
672 1714 906 1759 consilium
951 1730 1081 1758 suum
1119 1713 1370 1758 revelaverit
1408 1714 1487 1759 sibi
1530 1713 1649 1773 quod
1678 1716 1768 1773 ipsa

114 1798 310 1842 evaderet
363 1798 413 1842 de
448 1798 683 1843 carceribus
716 1811 724 1838 2
759 1796 980 1856 respondit
1015 1811 1022 1837 t
1073 1815 1091 1836 «
1124 1799 1213 1856 Ego
1262 1798 1384 1843 vobis
1440 1798 1578 1843 habeo
1643 1798 1726 1844 hoc
1753 1807 1767 1824 ²

117 1881 256 1927 dicere
285 1890 295 1914 ³
316 1883 332 1926 ?
358 1896 379 1919 >³

174 1967 440 2023 Interrogata
467 1966 517 2019 si,
545 1965 615 2010 illa
637 1978 779 2019 nocte,
815 1981 901 2009 vox
930 1964 1102 2009 deditne
1138 1965 1217 2010 sibi
1259 1966 1494 2010 consilium
1532 1979 1573 2010 et
1599 1965 1767 2010 advisa-

118 2062 320 2094 mentum
341 2048 392 2093 de
418 2049 500 2094 hoc
527 2048 646 2107 quod
673 2048 853 2094 debebat
880 2048 1162 2107 respondere:
1188 2050 1410 2108 respondit
1435 2049 1571 2109 quod,
1603 2051 1637 2094 si
1678 2052 1768 2108 ipsa

117 2150 201 2178 vox
222 2135 260 2177 ei
288 2132 553 2185 revelaverit,
579 2134 667 2191 ipsa
692 2149 781 2177 non
804 2132 911 2177 bene
937 2132 1164 2177 intellexit.

174 2218 435 2275 Interrogata
455 2218 505 2270 si,
533 2218 576 2259 in
606 2215 776 2261 duobus
795 2215 946 2260 diebus
975 2217 1223 2261 novissimis
1250 2216 1407 2275 quibus
1432 2217 1598 2262 audivit
1619 2234 1760 2271 voces,

113 2300 332 2346 advenerit
356 2301 412 2344 ibi
439 2299 615 2359 aliquod
631 2300 802 2345 lumen:
827 2299 1049 2358 respondit
1069 2299 1189 2358 quod
1207 2303 1251 2345 in
1278 2302 1459 2345 nomine
1494 2303 1611 2346 vocis
1642 2303 1761 2345 venit

118 2382 301 2426 claritas.

177 2466 442 2523 Interrogata
468 2466 501 2509 si
530 2481 630 2509 cum
658 2465 838 2510 vocibus
861 2464 977 2509 videt
996 2465 1187 2524 aliquam
1215 2465 1342 2510 aliam
1373 2480 1489 2510 rem:
1522 2465 1765 2523 respondit:

118 2566 137 2589 «
167 2550 256 2607 Ego
285 2565 374 2594 non
407 2548 547 2593 dicam
585 2548 706 2593 vobis
744 2561 910 2602 totum;
938 2565 1024 2593 non
1070 2549 1208 2594 habeo
1236 2548 1287 2593 de
1312 2549 1394 2593 hoc
1426 2550 1663 2603 licentiam,
1694 2565 1770 2592 nec

113 2635 410 2690 juramentum
434 2648 581 2677 metim
604 2634 738 2689 tangit
760 2631 883 2676 illud.
916 2633 1015 2677 Vox
1037 2634 1124 2691 ipsa
1152 2646 1214 2677 est
1230 2632 1343 2677 bona
1374 2646 1414 2677 et
1442 2632 1589 2691 digna,
1611 2649 1688 2678 nec
1716 2632 1766 2677 de

116 2716 196 2761 hoc
220 2729 371 2761 teneor
396 2715 666 2773 respondere.
702 2732 721 2756 ³>
752 2717 879 2769 Item,
916 2718 1065 2774 petivit
1106 2730 1153 2761 ut
1182 2717 1262 2761 sibi
1293 2716 1500 2762 darentur
1531 2719 1574 2761 in
1602 2718 1767 2774 scriptis

119 2799 187 2843 illa
216 2813 371 2857 puncta
401 2802 443 2843 in
463 2799 621 2857 quibus
640 2813 743 2843 tunc
769 2816 859 2844 non
890 2799 1192 2857 respondebat.

180 2885 229 2926 Et
257 2896 360 2926 tunc
383 2884 567 2940 petitum
591 2883 669 2926 fuit
696 2883 774 2926 sibi
805 2895 951 2926 utrum
980 2884 1049 2927 illa
1083 2900 1180 2937 vox,
1220 2900 1242 2927 a
1272 2900 1356 2943 qua
1391 2884 1624 2929 consilium
1651 2897 1769 2942 pete-

175 3103 202 3125 1.
235 3091 298 3126 AC
318 3105 326 3125 .·
348 3092 468 3126 mulera.
484 3113 529 3117 ——
547 3102 580 3127 2.
610 3092 641 3127 A
663 3105 672 3126 :
693 3092 747 3127 hoc
765 3092 869 3127 haheo.
890 3113 935 3117 -—
958 3103 986 3137 3.
1016 3093 1072 3128 Cs.
1097 3093 1173 3128 Art.
1195 3093 1266 3127 LX.
