2099 3356
323 227 480 272 PRocEs
514 241 569 270 DE
601 240 951 270 conoAMNATioN
986 240 1042 268 DE
1073 240 1238 281 JliANNE
1272 225 1400 269 D'ARC
1629 239 1680 279 99

101 344 361 399 Interrogata
394 354 542 385 utrum
577 340 667 398 ipsa
700 351 821 383 vocat
845 339 935 382 illas
955 351 1119 382 sanctas
1144 338 1426 381 Katharinam
1451 349 1490 380 et
1516 338 1686 393 Marga—

43 439 191 479 retam,
213 424 278 468 vel
295 437 443 468 utrum
463 424 637 467 veniant
653 425 744 466 sine
763 422 981 467 vocando:
1004 420 1224 479 respondit
1244 420 1362 479 quod
1378 436 1486 478 saepe
1506 421 1688 464 veniunt

43 511 133 554 sine
159 507 355 552 vocando
379 525 388 562 ;
423 519 463 550 et
504 507 595 550 aliis
630 505 809 559 vicibus,
842 507 923 549 nisi
957 507 1169 559 venirent,
1197 504 1303 548 bene
1325 506 1411 548 cito
1434 505 1521 562 ipsa
1549 503 1687 561 requi-

46 604 153 637 reret
177 607 199 635 a
225 592 321 635 Deo
345 590 463 649 quod
485 607 552 634 eas
579 598 587 615 ¹
617 591 818 634 mitteret.

102 676 364 733 Interrogata
410 687 559 718 utrum
605 672 838 732 aliquando
884 673 1096 732 praedictae
1141 674 1305 716 Sanctae
1348 688 1436 716 non
1472 671 1684 721 venerint,

44 758 219 818 quando
241 757 418 802 vocabat
439 774 507 801 eas
538 774 546 800 :
585 756 804 816 respondit
837 756 953 815 quod
979 772 1206 815 nunquam
1231 755 1416 813 indiguit
1439 756 1556 813 ipsis,
1581 754 1687 812 quin

45 858 111 886 eas
134 841 318 886 haberet.

105 927 367 983 Interrogata
389 935 538 969 utrum
553 938 724 969 sanctus
745 925 987 982 Dionysius
1008 931 1020 949 ²
1047 925 1243 982 apparuit
1262 939 1457 982 unquam
1480 923 1559 968 sibi
1579 940 1586 967 :
1606 939 1694 968 res—

47 1008 199 1068 pondit
223 1008 341 1067 quod
365 1025 470 1059 non,
497 1008 617 1067 quod
644 1009 732 1066 ipsa
759 1009 876 1052 sciat.

109 1093 375 1149 Interrogata
394 1104 543 1136 utrum
567 1093 655 1150 ipsa
684 1090 940 1150 loquebatur
961 1091 1071 1145 Deo,
1101 1090 1277 1150 quando
1290 1090 1367 1135 sibi
1394 1093 1592 1150 promisit
1610 1108 1692 1136 ser-

49 1192 145 1220 vare
174 1176 462 1234 virginitatem
491 1191 613 1219 suam
640 1192 647 1218 :
675 1175 895 1233 respondit
918 1174 1038 1234 quod
1067 1174 1173 1219 bene
1194 1174 1375 1219 debebat
1400 1175 1592 1219 sufficere
1614 1175 1697 1219 hoc

52 1261 300 1318 promittere
334 1259 415 1302 illis
437 1259 511 1318 qui
536 1271 655 1303 erant
677 1260 796 1302 missi
824 1275 875 1302 ex
900 1270 1016 1317 parte
1042 1260 1174 1318 ipsius
1201 1260 1297 1311 Dei,
1325 1258 1520 1303 videlicet
1543 1261 1698 1303 sanctis

53 1343 301 1387 Katliarinae
328 1355 369 1386 et
394 1344 659 1401 Margaretae.

111 1428 374 1484 Interrogata
394 1426 499 1485 quid
520 1428 658 1470 movit
682 1443 777 1470 eam
799 1425 851 1470 de
866 1425 1061 1470 faciendo
1083 1427 1199 1470 citari
1214 1426 1450 1485 quemdam
1470 1427 1698 1471 hominem

53 1509 103 1554 ad
132 1511 347 1554 civitatem
373 1509 642 1564 Tullensem‚
684 1511 727 1553 in
764 1526 885 1555 causa
918 1511 1187 1553 matrimonii
1212 1528 1219 1553 :
1266 1511 1485 1568 respondit
1513 1528 1520 1554 ς
1561 1528 1580 1551 «
1611 1512 1700 1569 Ego

46 1610 143 1647 znon
170 1593 249 1637 feci
277 1594 410 1647 citari,
437 1593 510 1638 sed
535 1595 622 1652 ipse
649 1593 730 1637 fuit
758 1595 834 1652 qui
873 1593 971 1657 fecit
1006 1593 1064 1636 ibi
1100 1609 1168 1637 me
1204 1595 1321 1637 citari
1344 1612 1355 1648 3
1398 1607 1440 1638 et
1470 1593 1527 1638 ibi
1567 1596 1700 1652 juravi

54 1691 196 1722 coram
222 1676 361 1735 judice
382 1676 520 1721 dicere
547 1678 787 1721 veritatem.
816 1692 835 1715 ›>
866 1677 916 1720 Et
951 1676 1135 1721 finaliter
1167 1676 1275 1738 dixit
1298 1676 1417 1736 quod
1444 1678 1504 1721 illi
1530 1678 1701 1722 homini

109 1857 364 1909 Interroguee
389 1855 497 1894 s⁷elle
517 1855 572 1894 les
597 1855 768 1908 appelle,
793 1869 846 1894 ou
865 1855 950 1894 s’ilz
968 1856 1161 1895 viennent
1184 1870 1273 1895 sans
1292 1856 1454 1910 appeler
1476 1872 1482 1895 :
1506 1857 1675 1911 respond
1694 1872 1701 1896 :

59 1944 76 1963 (ε
99 1925 152 1966 Ilz
173 1927 363 1966 viennent
388 1936 558 1966 souvent
577 1940 666 1966 sans
690 1926 867 1980 appeller
888 1943 923 1974 »,
947 1935 985 1966 et
1005 1927 1194 1966 autrefois
1223 1927 1304 1966 s'ilz
1331 1942 1379 1967 ne
1402 1930 1592 1968 venoient
1613 1929 1703 1968 bien

56 2009 148 2047 tost‚
172 1997 245 2037 elle
271 1998 492 2052 requerroit
509 2008 641 2037 nostre
665 1998 860 2052 Seigneur
882 1998 977 2052 qu'il
1001 1998 1055 2037 les
1081 2009 1287 2052 envoyast.

113 2072 366 2123 Interroguee
392 2069 499 2109 s'elle
525 2069 580 2109 les
611 2084 631 2108 a
666 2070 922 2109 aucunesfois
947 2070 1162 2123 appendes,
1186 2081 1223 2110 et
1258 2071 1307 2110 ilz
1346 2071 1558 2112 n’estoient
1592 2074 1707 2126 point

58 2156 204 2181 venues
229 2157 236 2180 ;
277 2141 449 2195 respond
475 2139 619 2193 qu'elle
642 2141 730 2180 n’en
755 2141 841 2181 oult
872 2156 1049 2195 oncques
1083 2141 1252 2196 besoing
1273 2157 1370 2196 pou,
1398 2141 1543 2198 qu'elle
1572 2159 1619 2183 ne
1651 2145 1706 2183 les

61 2212 126 2252 ait.

114 2284 367 2338 Interroguee
395 2298 435 2324 se
457 2284 558 2323 saint
585 2284 707 2324 Denis
732 2294 898 2338 apparut
926 2299 1103 2339 oncques
1122 2285 1142 2324 a
1172 2285 1248 2325 elle
1272 2301 1279 2324 :
1306 2288 1477 2340 respond
1505 2301 1581 2341 qne
1607 2302 1704 2336 non,

62 2354 203 2409 qu’elle
226 2354 372 2395 saiche.

119 2428 373 2480 Interroguee
399 2441 454 2475 se,
479 2437 602 2481 quant
623 2427 698 2467 elle
715 2429 885 2481 promist
914 2430 934 2467 a
954 2438 1087 2468 nostre
1115 2430 1310 2482 Seigneur
1335 2430 1382 2468 de
1407 2430 1547 2482 garder
1571 2444 1611 2468 sa
1633 2431 1706 2469 Vir-

64 2499 201 2551 ginite‚
226 2497 332 2538 s’elle
359 2499 501 2552 parloit
526 2500 546 2538 a
567 2498 635 2552 luy
663 2514 670 2538 :
697 2500 868 2552 respond
894 2515 901 2538 :
929 2518 946 2536 α
977 2500 1005 2539 11
1032 2499 1194 2540 debvoit
1220 2502 1309 2539 bien
1327 2501 1462 2540 suffire
1490 2502 1536 2541 de
1556 2502 1591 2540 le
1616 2517 1709 2555 pro-

67 2570 225 2609 meictre
247 2570 267 2609 a
288 2569 401 2610 ceulx
423 2570 489 2624 qui
512 2569 682 2610 estoient
703 2573 879 2625 envoye's
920 2572 966 2611 de
1002 2586 1072 2624 par
1109 2572 1191 2625 luy,
1234 2572 1326 2612 c'est
1350 2574 1524 2612 assavoir
1560 2575 1709 2612 saincte

69 2639 280 2681 Katherine
302 2651 339 2681 et
369 2641 516 2681 saincte
534 2643 786 2695 Marguerite.
821 2659 839 2679 »
1628 2636 1630 2638 ’

117 2712 371 2767 Inter-roguee
387 2713 454 2767 qui
474 2711 508 2752 la
532 2723 640 2753 ment
656 2714 703 2752 de
724 2714 818 2753 faire
841 2715 937 2753 citer
955 2729 1037 2768 ung
1052 2715 1216 2754 homme
1239 2716 1259 2754 a
1276 2714 1434 2770 Tou[l],
1458 2731 1507 2755 en
1529 2730 1644 2756 cause
1662 2716 1709 2756 de

70 2785 238 2837 mariage
265 2799 271 2823 :
299 2784 472 2838 respond
501 2800 508 2823 :
536 2802 553 2821 «
577 2786 621 2834 Je
641 2800 688 2824 ne
712 2783 746 2824 le
771 2784 842 2824 seis
865 2799 932 2838 pas
957 2787 1080 2835 citer3
1104 2788 1202 2826 mais
1227 2801 1270 2826 ce
1292 2787 1371 2826 fust
1395 2797 1404 2821 3
1432 2788 1538 2842 ilqui
1562 2802 1624 2827 me
1650 2789 1711 2827 fist

69 2854 162 2894 citer
189 2873 206 2890 »
229 2871 238 2903 ;
266 2867 303 2895 et
324 2855 359 2895 lii
384 2857 466 2908 jura
488 2856 632 2896 devant
656 2855 691 2895 le
707 2858 798 2910 juge
821 2857 903 2896 dire
928 2858 1048 2896 verite
1065 2873 1073 2905 3
1092 2867 1128 2897 et
1149 2858 1255 2897 enfin
1279 2857 1421 2912 qu'elle
1447 2873 1495 2898 ne
1514 2859 1582 2912 luy
1606 2861 1713 2899 avoit

72 2925 138 2964 fait
158 2927 205 2965 de
230 2941 447 2980 promesse.

77 3048 1705 3062 *ww-,Q—

128 3140 154 3163 1.
173 3130 202 3164 C
222 3142 230 3163 .·
256 3132 351 3177 ipsas.
373 3151 419 3156 --
449 3142 481 3165 2.
505 3132 570 3166 AC
594 3144 602 3164 :
627 3132 821 3169 Dz'oztssius.
850 3153 893 3157 —
917 3142 946 3177 3.
967 3132 1034 3167 Ms.
1063 3145 1071 3166 .·
1093 3133 1164 3179 fist.
