2099 3356
316 175 395 231 138
592 174 750 217 PRocfzs
783 189 838 217 DE
877 188 1228 218 CONDAMNATION
1263 189 1318 218 DE
1345 189 1508 230 JEANNE
1540 174 1669 218 D'ARc

311 286 390 330 sibi
417 286 536 344 quod
581 299 738 330 sanctae
768 286 1002 331 Katharina
1032 299 1072 330 et
1115 288 1346 344 Margareta
1385 287 1580 331 venirent
1610 286 1660 331 ad
1716 288 1868 345 ipsam,
1906 299 1948 332 et

312 369 428 429 quod
451 372 538 428 ipsa
559 381 699 427 ageret
726 386 799 428 per
823 370 1057 415 consilium
1088 371 1293 428 ipsarum,
1329 386 1425 428 quae
1463 383 1583 414 erant
1630 369 1837 414 ordinatae
1869 386 1949 428 pro

313 470 408 498 eam
442 453 726 497 conducendo
763 466 803 497 et
838 455 875 497 ei
903 453 1171 497 consulendo
1207 454 1249 496 in
1284 469 1336 498 eo
1369 452 1487 511 quod
1516 453 1689 498 haberet
1733 469 1870 511 agere,
1910 467 1950 499 et

312 536 430 589 Quod
455 538 543 595 ipsa
573 538 631 580 eis
655 536 843 580 crederet
868 536 920 580 de
942 536 1023 580 hoc
1054 535 1172 595 quod
1201 534 1390 580 dicerent
1420 528 1524 590 sibij
1542 549 1584 581 et
1607 535 1724 595 quod
1759 536 1841 580 hoc
1866 549 1952 582 erat

315 636 387 679 per
414 632 674 678 praeceptum
698 620 796 663 Dei.

373 704 653 760 Interrogata,
697 705 731 747 si
759 702 957 747 diabolus
996 715 1175 762 poneret
1220 719 1263 747 se
1308 705 1349 747 in
1385 702 1522 747 forma
1561 719 1635 747 seu
1680 702 1815 761 figura
1849 703 1950 748 bom

315 786 472 844 angeli,
522 786 749 845 quomodo
790 788 876 844 ipsa
911 774 1187 844 cognosceret
1217 785 1334 844 quod
1371 798 1480 830 esset
1514 785 1654 831 bonus
1680 786 1856 843 angelus
1884 786 1949 831 vel

316 870 454 913 malus
502 888 509 913 ε
553 869 774 928 respondit
822 869 939 929 quod
1010 869 1117 914 bene
1167 883 1443 927 cognosceret
1485 887 1536 915 an
1595 883 1703 914 esset
1774 882 1946 915 sanctus

314 953 515 1006 Michael,
540 954 604 996 vel
633 953 775 1012 aliqua
800 969 864 997 res
893 953 1074 998 conficta
1100 953 1153 998 ad
1190 952 1374 998 modum
1406 955 1512 1010 ejus.
1541 954 1651 997 Item
1682 953 1789 998 dixit
1815 952 1948 1011 quod,

317 1039 452 1095 prima
476 1037 582 1087 vice,
611 1036 760 1081 habuit
788 1053 989 1095 magnam
1014 1036 1331 1081 dubitationem
1359 1053 1412 1081 an
1440 1049 1548 1082 esset
1569 1050 1739 1081 sanctus
1767 1036 1951 1081 Michael

316 1122 389 1178 qui
413 1120 609 1164 veniebat
630 1120 681 1164 ad
709 1122 860 1178 ipsam,
884 1132 924 1164 et
947 1120 1015 1163 illa
1037 1103 1173 1178 prima
1200 1121 1291 1164 vice
1315 1120 1462 1164 habuit
1479 1136 1686 1178 magnum
1716 1122 1918 1165 timorem
1940 1137 1950 1173 ;

317 1216 358 1246 et
409 1202 517 1247 vidit
567 1205 708 1261 ipsum
751 1204 1024 1255 multonem,
1063 1216 1295 1261 antequam
1328 1206 1452 1248 sciret
1486 1203 1603 1262 quod
1631 1216 1739 1248 esset
1780 1215 1951 1248 sanctus

316 1286 516 1330 Michael.

372 1371 633 1426 Interrogata
670 1386 800 1427 quare
844 1371 968 1414 citius
1007 1371 1210 1427 cognovit
1243 1384 1440 1414 sanctum
1478 1369 1735 1415 Michaelem
1764 1370 1832 1416 illa
1859 1371 1951 1415 vice

314 1469 397 1511 qua
424 1452 505 1496 hoc
532 1452 725 1506 credidit,
754 1469 885 1512 quam
905 1467 1165 1511 cognoverat
1181 1455 1318 1511 prima
1346 1456 1435 1498 vice
1465 1470 1549 1513 qua
1573 1463 1582 1481 ¹
1607 1456 1697 1511 ipse
1718 1452 1796 1498 sibi
1824 1469 1950 1512 appa-

315 1538 424 1580 ruit:
454 1535 674 1594 respondit
701 1536 834 1595 quod,
857 1538 994 1595 prima
1018 1538 1124 1590 vice,
1153 1539 1240 1595 ipsa
1268 1550 1355 1582 erat
1380 1538 1549 1594 juvenis
1570 1550 1611 1581 et
1645 1536 1793 1582 habuit
1814 1539 1951 1581 timo-

312 1636 401 1663 rem
421 1637 432 1673 ;
456 1632 496 1664 et
518 1619 669 1678 depost
696 1620 808 1664 idem
841 1633 1011 1664 sanctus
1042 1620 1225 1665 Michael
1255 1622 1296 1664 in
1325 1634 1495 1665 tanturn
1527 1620 1675 1665 docuit
1700 1636 1794 1665 eam
1832 1633 1872 1664 et
1909 1622 1947 1665 ei

313 1705 583 1756 monstravit,
605 1702 720 1761 quod
747 1703 925 1747 credidit
948 1703 1128 1747 firmiter
1151 1704 1269 1762 quod
1299 1706 1386 1761 ipse
1420 1718 1520 1748 erat.

313 1852 528 1892 katherine
564 1861 602 1893 et
640 1853 879 1904 Marguerite
915 1852 1153 1892 vendroient
1177 1853 1196 1892 Ξ]
1233 1852 1323 1901 elle,
1359 1862 1396 1894 et
1428 1853 1572 1907 qu’elle
1614 1852 1734 1893 seist2
1777 1866 1843 1906 par
1867 1852 1951 1894 leur

311 1923 478 1971 conseil,
523 1933 559 1962 et
596 1924 765 1964 estoient
799 1923 1026 1963 ordonnees
1067 1937 1168 1977 pour
1206 1924 1240 1964 la
1264 1925 1456 1963 conduire
1499 1934 1536 1965 et
1579 1924 1791 1964 conseiller
1826 1938 1875 1963 en
1908 1937 1951 1964 ce

310 1994 453 2047 qu'elle
478 1996 585 2034 avoit
607 1995 625 2034 ἐι
651 1994 745 2035 faire
764 2011 773 2044 3
795 2005 832 2034 et
855 1994 999 2048 qu'elle
1022 1995 1077 2034 les
1097 2005 1227 2035 creust
1259 1996 1306 2035 de
1337 2009 1380 2035 ce
1412 1995 1576 2049 qu'elles
1602 1995 1668 2048 luy
1692 1996 1879 2045 diroient,
1915 2005 1951 2035 et

309 2079 384 2119 que
416 2066 571 2106 c'estoit
590 2080 657 2119 par
679 2065 713 2105 le
735 2066 1088 2107 commanderncnt
1103 2067 1150 2106 de
1182 2076 1315 2106 nostre
1338 2067 1548 2119 Seigneur.

365 2139 635 2190 Inter1·0gut'·e,
671 2152 710 2176 se
746 2137 960 2190 l'Annemy
994 2151 1033 2176 se
1069 2139 1229 2178 mec'toit
1265 2151 1314 2178 en
1346 2138 1502 2178 foui-me
1538 2152 1589 2178 ou
1628 2139 1739 2190 signe
1776 2137 1947 2192 d'angle,

309 2221 467 2247 comme
493 2208 564 2247 elle
587 2209 879 2261 congnoistroit
901 2223 975 2262 que
1001 2222 1043 2248 ce
1069 2208 1146 2248 fust
1165 2208 1243 2247 bon
1274 2209 1388 2262 angle
1414 2223 1465 2248 ou
1492 2210 1668 2248 mauvais
1695 2209 1809 2262 angle
1831 2224 1839 2249 ;
1867 2223 1948 2249 res-

309 2280 419 2332 pond
444 2279 588 2333 qu'elle
609 2281 903 2332 congnoistroit
933 2280 1022 2319 bien
1048 2294 1087 2320 se
1127 2294 1170 2320 ce
1192 2281 1311 2321 seroit
1339 2281 1440 2321 saint
1462 2280 1625 2321 Michiel
1649 2294 1701 2322 ou
1731 2294 1807 2320 une
1826 2281 1946 2320 chose

311 2350 566 2391 contrefaicte
584 2364 741 2390 comme
765 2351 846 2404 luy.

364 2424 455 2460 Item
481 2432 643 2475 respont
668 2436 744 2476 que
778 2437 796 2460 a
814 2422 847 2460 la
880 2423 1072 2475 premiere
1113 2422 1202 2470 fois,
1229 2423 1302 2462 elle
1330 2423 1393 2462 fist
1414 2433 1529 2475 grant
1556 2423 1703 2463 doubte
1726 2437 1764 2464 se
1795 2423 1947 2463 c'estoit

311 2493 411 2532 saint
429 2492 606 2533 Michiel.
623 2495 669 2531 Et
691 2494 710 2531 a
724 2493 758 2533 la
779 2495 976 2546 prenitere
999 2493 1076 2533 fois
1096 2493 1181 2534 oult
1199 2495 1322 2548 grand
1346 2507 1495 2548 paour;
1518 2504 1556 2534 et
1579 2495 1610 2534 si
1629 2494 1664 2534 le
1684 2495 1758 2535 vist
1778 2495 1944 2535 maintes

305 2564 380 2604 fois
405 2574 521 2604 avant
545 2564 686 2617 qu'elle
709 2574 838 2604 sceust
860 2579 935 2618 que
957 2579 1000 2604 ce
1027 2565 1104 2605 fust
1123 2566 1224 2605 saint
1240 2565 1417 2605 Michiel.

364 2636 618 2688 Interrognee
657 2649 869 2689 pourquoy
919 2635 994 2674 elle
1036 2646 1259 2689 congneust
1302 2637 1388 2689 plus
1430 2646 1509 2678 tost
1548 2650 1624 2691 que
1664 2637 1818 2678 c’estoit
1850 2638 1951 2677 saint

308 2706 487 2755 Michiel,
514 2707 532 2744 a
558 2706 592 2745 la
617 2705 690 2746 fois
716 2720 791 2759 qne
808 2706 882 2745 elle
913 2717 1041 2747 creust
1063 2721 1139 2761 que
1161 2707 1311 2747 c’estoit
1337 2707 1377 2754 il,
1412 2721 1487 2761 que
1519 2708 1539 2748 a
1563 2707 1598 2747 la
1621 2707 1697 2747 fois
1722 2709 1916 2762 premiere
1938 2723 1944 2746 :

309 2777 482 2829 respond
506 2791 581 2829 que
612 2778 631 2816 a
654 2777 687 2816 la
706 2779 900 2829 premiere
920 2777 1010 2825 fois,
1037 2778 1110 2818 elle
1135 2780 1251 2818 estoit
1280 2780 1396 2831 jeune
1421 2778 1555 2818 enfant
1582 2789 1618 2819 et
1643 2779 1727 2820 oult
1752 2793 1875 2832 paour
1899 2780 1946 2819 de

310 2861 353 2888 ce
372 2863 381 2896 3
401 2849 542 2901 depuis
563 2848 617 2887 lui
648 2849 835 2901 enseigna
863 2858 900 2888 et
931 2859 1106 2889 monstra
1137 2859 1219 2890 tant
1249 2849 1390 2903 qu'elle
1423 2860 1552 2890 creust
1594 2849 1830 2891 fermement
1869 2865 1944 2904 que

310 2918 463 2958 c’estoit
481 2919 525 2958 il.

362 3078 389 3100 1.
404 3067 431 3100 B
445 3076 543 3101 omet
562 3079 636 3113 qna.
659 3087 705 3092 ——
723 3078 759 3104 2.
784 3068 852 3102 Ms.
871 3069 991 3112 :seust.
