2099 3356
309 172 387 215 172
587 157 744 200 PROCl'iS
777 170 833 199 DE
865 169 1218 199 CONDAMNATlON
1255 169 1309 197 DE
1341 169 1507 210 JEANNE
1540 154 1666 198 D'ARC

302 271 648 323 instructionem,
691 268 875 313 didicit¹
929 267 1193 312 credentiam
1221 284 1360 320 suam,
1389 279 1431 311 et
1472 266 1556 311 fuit
1595 266 1703 311 bene
1745 266 1868 311 docta
1903 280 1944 311 et

303 354 443 399 debite
467 354 518 397 ad
545 352 788 397 faciendum
812 353 920 396 sicut
945 351 1085 396 bonus
1110 367 1215 410 puer
1238 350 1364 395 debet
1388 350 1536 394 facere.
1562 351 1612 394 Et
1639 349 1690 394 de
1718 350 1800 395 hoc
1826 349 1945 409 quod

305 439 441 496 tangit
469 438 699 480 matrinam
733 436 975 493 suan]‚ipsa
995 451 1038 479 se
1064 435 1187 479 refert
1220 434 1270 479 ad
1299 433 1382 478 hoc
1399 433 1518 493 quod
1545 434 1645 477 alias
1672 433 1791 478 dixit.

366 522 415 565 Et
436 522 637 579 requisita
661 518 712 563 de
739 518 922 563 dicendo
945 535 1074 563 suum
1105 519 1245 572 Credo,
1262 531 1339 563 etc.
1365 535 1373 562 :
1406 516 1624 576 respondit
1650 534 1658 561 ε
1693 532 1712 556 «
1737 519 1898 562 Petatis
1923 533 1944 561 a

308 621 406 649 meo
428 603 670 648 confessore
689 603 758 646 cui
781 601 883 646 dixi.
911 618 931 641 »
1829 588 1832 589 ⁷

365 744 419 785 V.
439 759 458 781 «
489 743 613 794 ITEM,
632 757 763 799 prope
776 740 933 784 dictam
960 739 1106 783 villam
1125 739 1176 784 de
1204 742 1435 800 Domprcmi
1458 753 1520 785 est
1535 728 1745 798 'quaedam
1774 755 1943 797 magna,

303 842 446 884 grossa
473 838 513 869 et
555 826 733 882 antiqua
776 823 915 875 arbor,
951 823 1182 882 vulgariter
1207 823 1317 868 dicta
1362 824 1502 868 l'arbre
1545 824 1746 867 charmine
1770 825 1860 881 fae'e
1897 824 1943 867 de

312 910 581 962 Rom-lemont,
611 921 652 952 et
680 910 796 965 juxta
822 907 980 951 dictam
1005 906 1202 951 arborem
1232 921 1295 952 est
1319 906 1495 966 quidam
1530 907 1628 951 fons
1653 925 1664 961 ;
1702 909 1810 951 circa
1834 912 1944 966 quos

305 993 543 1037 conversari
571 992 773 1036 dicuntur
793 991 970 1048 maligni
991 992 1183 1049 spiritus,
1214 990 1313 1035 dieti
1339 992 1452 1044 Fata,
1487 990 1635 1049 gallice
1653 991 1761 1048 fae'es
1785 999 1817 1045 ²,
1845 1006 1946 1034 cum

306 1076 462 1136 quibus
494 1088 663 1120 utentes
690 1075 917 1131 sortilegiis
944 1088 1264 1118 consueverunt
1298 1074 1350 1118 de
1385 1087 1509 1118 nocte
1537 1074 1779 1118 choreizare
1805 1082 1834 1125 ³,
1864 1075 1945 1117 cir-

307 1170 562 1202 cumeuntes
589 1157 726 1201 dictos
752 1156 946 1201 arborem
966 1170 1006 1200 et
1028 1156 1211 1200 fontem.
1232 1175 1251 1196 »

365 1241 460 1285 *Ad
489 1228 637 1285 hunc&
662 1240 908 1294 articulum,
926 1239 978 1284 de
999 1239 1149 1284 arbore
1178 1253 1219 1284 et
1247 1240 1380 1294 fonte,
1401 1257 1444 1284 se
1466 1240 1618 1284 refert5
1646 1239 1696 1284 ad
1715 1240 1840 1284 aliam
1865 1256 1946 1284 res-

309 1327 567 1383 ponsionem
591 1340 718 1382 super
737 1324 802 1367 his
827 1323 978 1367 factam
1003 1341 1014 1377 ;
1045 1337 1191 1368 coetera
1220 1337 1366 1381 negat.

369 1409 589 1467 Requisita
614 1408 681 1451 die
709 1407 888 1462 sabbati,
919 1408 1121 1452 vicesima
1145 1420 1295 1465 quarta
1320 1407 1538 1460 februarii,
1561 1406 1613 1450 de
1634 1406 1799 1462 arbore,
1826 1419 1905 1451 etc.
1936 1420 1944 1448 :

307 1492 527 1550 respondit
560 1491 676 1550 quod
713 1493 815 1535 satis
859 1507 1012 1549 propre
1046 1491 1192 1534 villam
1215 1491 1230 1515 ⁶
1279 1490 1330 1534 de
1380 1491 1612 1545 Dompremi
1638 1503 1703 1534 est
1749 1489 1948 1548 quaedam

307 1575 432 1619 arbor
453 1589 601 1619 vocata
623 1575 748 1619 arbor
784 1575 1091 1627 Dominarum,
1113 1590 1243 1633 quarn
1260 1573 1438 1633 quidem
1466 1574 1680 1632 appellant
1716 1573 1859 1617 l’arbre
1883 1574 1947 1618 des

300 1661 407 1718 fades
432 1669 463 1713 7,
499 1662 615 1715 juxta
642 1675 774 1717 quam
807 1672 866 1702 est
893 1658 1063 1716 qnidam
1093 1659 1106 1683 ⁸
1134 1658 1228 1701 fons
1258 1676 1268 1712 ;
1295 1670 1334 1701 et
1352 1656 1514 1703 audivit
1535 1656 1617 1701 dici
1642 1656 1760 1716 quod
1786 1657 1947 1701 infirmi

308 1743 494 1787 febribus
524 1761 573 1786 ex
610 1759 661 1786 eo
707 1742 875 1795 bibunt,
908 1756 947 1786 et
980 1744 1158 1799 ipsamet
1184 1741 1303 1795 bibit,
1339 1754 1379 1785 et
1412 1742 1593 1785 veniunt
1631 1742 1864 1799 quaesitum
1897 1740 1948 1784 de

310 1843 416 1884 aqua
453 1826 584 1870 fontis
631 1825 881 1883 hujusmodi
926 1842 1002 1883 pro
1045 1827 1224 1869 sanitate
1261 1823 1489 1879 habenda3
1524 1823 1596 1868 sed
1638 1826 1769 1868 nescit
1792 1825 1825 1867 si
1850 1823 1949 1869 inde

309 1923 514 1954 sanentur
539 1910 602 1953 vel
623 1926 726 1953 non.
1841 1895 1849 1900 .

368 1995 490 2046 Item,
518 1993 585 2037 die
613 1995 736 2050 jovis,
767 1994 901 2050 prima
927 1993 1084 2045 martii,
1109 1993 1366 2049 interrogata
1408 1992 1440 2035 si
1465 2004 1622 2035 sanctae
1649 1991 1883 2036 Katharina
1908 2005 1949 2036 et

311 2079 545 2135 Margareta
573 2078 725 2120 locutae
752 2089 855 2120 sunt
874 2084 889 2109 9
917 2092 1016 2119 cum
1048 2091 1095 2119 ea
1121 2075 1199 2118 sub
1223 2074 1372 2118 arbore
1399 2091 1406 2117 :
1435 2073 1654 2132 respondit
1689 2090 1732 2118 se
1758 2073 1864 2118 nihil
1899 2074 1950 2118 de

311 2161 388 2204 hoc
414 2163 532 2204 scire.
558 2161 606 2203 Et
652 2162 802 2203 iterato
848 2161 1103 2216 interrogata
1124 2160 1155 2201 si
1176 2157 1225 2202 ad
1252 2157 1417 2202 fontem
1443 2157 1566 2202 dictae
1598 2159 1761 2202 Sanctae
1787 2158 1950 2202 fuerant

314 2355 349 2384 ct
375 2347 455 2383 este
471 2345 682 2397 enseignee
702 2345 790 2382 bien
818 2355 854 2382 et
876 2344 1082 2389 «imment,
1110 2357 1269 2382 comme
1290 2357 1375 2394 ung
1394 2342 1471 2381 bon
1489 2341 1623 2380 enfant
1647 2342 1731 2380 doit
1753 2342 1864 2380 faire.
1899 2343 1944 2380 Et

314 2417 360 2455 de
401 2430 443 2455 ce
469 2417 535 2469 qui
559 2416 704 2454 touche
735 2430 774 2453 sa
794 2416 1002 2461 marraine,
1024 2415 1098 2453 elle
1129 2415 1210 2453 s'cn
1235 2424 1389 2467 raporte
1411 2413 1457 2452 ad
1483 2427 1526 2452 ce
1547 2426 1624 2466 que
1644 2412 1834 2452 autrefois
1856 2426 1903 2452 en
1929 2427 1948 2451 a

315 2488 384 2526 dit.

368 2554 535 2606 Requise
566 2553 612 2591 de
638 2553 719 2591 dire
745 2553 860 2591 Credo
888 2567 894 2590 :
924 2552 1095 2604 respond
1119 2566 1125 2589 :
1161 2568 1179 2587 «
1210 2550 1436 2590 Demandez
1466 2563 1513 2589 au
1534 2548 1766 2589 confesseur
1784 2550 1804 2588 ἐι
1826 2550 1893 2603 qui
1913 2551 1948 2602 je

316 2623 390 2676 l'a)v
406 2625 461 2662 dit
478 2632 520 2661 ¹0.
555 2642 570 2658 n

366 2696 382 2712 ²²
398 2695 530 2742 Quoad
549 2695 721 2747 quintum
745 2694 786 2733 de
811 2694 939 2733 arbore
968 2699 1000 2732 el
1013 2695 1131 2747 sonte,
1157 2694 1317 2746 sereser!
1343 2693 1391 2732 ad
1413 2692 1527 2731 aliam
1559 2692 1818 2746 responsionem
1845 2698 1952 2745 super

317 2760 378 2798 hoc
392 2764 533 2813 saelum
557 2774 570 2806 ,·
594 2764 730 2798 caetera
753 2764 870 2812 negat.

369 2949 397 2973 1.
419 2939 450 2972 A
474 2950 483 2972 .·
504 2938 699 2971 didiscit.—
719 2948 750 2972 2.
780 2938 810 2971 A
837 2938 938 2982 :se'es.
955 2958 1000 2962 —
1025 2948 1057 2982 3.
1085 2937 1153 2971 AC
1173 2949 1182 2970 .·
1212 2938 1385 2982 coreizare.
1402 2957 1448 2961 —-
1467 2947 1499 2978 4.
1518 2937 1548 2970 Α
1582 2949 1591 2969 :
1606 2937 1773 2981 quintum.
1792 2956 1839 2960 —
1868 2945 1898 2978 5.
1917 2936 1948 2969 A

319 2997 435 3043 ajoute
464 2997 549 3031 dicto
564 2997 806 3041 Johanna„-
824 2996 858 3031 6.
874 2997 902 3030 B
918 3006 951 3031 et
972 2997 1005 3040 Q
1025 3005 1200 3031 omettent
1219 2996 1351 3029 villam.
1368 3016 1412 3021 —-
1429 3007 1460 3040 7.
1478 2995 1508 3028 A
1535 2995 1638 3040 :sdes
1656 3015 1702 3020 —
1716 2996 1749 3028 8.
1772 2994 1832 3029 BC
1842 2994 1921 3038 etQ
1940 3007 1951 3028 .·

318 3057 459 3100 quidem.
478 3077 524 3081 —
544 3068 576 3097 9.
601 3055 666 3090 AC
697 3069 705 3089 ,·
722 3055 872 3098 fuerunt.
893 3077 937 3080 —
964 3050 1016 3089 10.
1045 3055 1084 3097 U,
1104 3055 1165 3089 fol.
1191 3066 1233 3099 27
1255 3065 1305 3088 vo.

2095 1011 2099 1022 -
2087 902 2099 950 mm
2076 336 2099 875 ...h-Lnn-Musurfflm-fflrfinoessinw
2086 304 2099 314 Α
2089 238 2099 261 ι-
