2099 3356
312 159 365 202 88
589 159 748 201 PRoclks
781 172 837 201 DE
869 170 1217 201 counAMNATION
1251 171 1307 200 DE
1338 168 1504 213 JEANNE
1536 156 1666 201 D’ARC

360 271 622 329 Interrogata
646 284 793 315 utrum
822 272 909 329 ipsa
920 270 1049 314 fuerit
1073 269 1220 314 multis
1234 269 1385 314 diebus
1402 271 1444 313 in
1463 270 1563 314 villa
1581 269 1631 314 de
1650 270 1942 329 Compendio‚

301 366 533 414 antequam
572 354 672 399 inde
702 354 855 399 faceret
890 356 1053 398 exitum
1072 370 1145 398 seu
1175 353 1366 413 aliquam
1399 353 1644 400 salitionem
1673 370 1680 395 :
1723 354 1944 413 respondit

302 439 421 497 quod
452 439 570 483 venit
596 437 647 482 de
684 454 826 492 mane,
857 438 960 481 hora
981 450 1165 491 secreta3
1205 450 1244 481 et
1266 438 1439 481 intravit
1465 436 1626 491 villam,
1669 437 1828 497 absque
1865 438 1947 483 hoc

302 522 421 581 quod
454 524 619 566 inimici
649 523 740 580 ejus
782 521 943 580 aliquid
970 531 977 547 ¹
1009 523 1164 566 scirent
1200 521 1283 564 hoc
1322 520 1539 576 multum„
1567 534 1695 580 prout
1726 523 1945 576 aestimat3

304 619 345 650 et
369 606 443 651 illo
466 605 619 650 eodem
649 604 733 660 die,
767 607 873 649 circa
903 605 1053 649 horam
1078 606 1310 648 serotinam
1340 614 1372 659 ²,
1402 604 1498 649 fecit
1540 604 1659 648 illam
1686 604 1947 660 salitionem,

303 690 450 749 gallice
470 690 512 733 Ia
534 690 679 743 saillie,
708 688 826 733 unde
848 690 935 747 ipsa
962 688 1044 732 fuit
1077 701 1210 747 capta.

362 775 625 831 Interrogata
641 775 691 827 si,
713 772 889 832 quando
908 772 1080 826 exsiliit,
1099 772 1274 831 pulsatae
1294 772 1472 817 fuerunt
1498 788 1716 831 campanae
1735 786 1743 816 :
1776 787 1950 832 respon—

306 857 368 902 dit
391 857 525 916 quod,
556 858 589 900 si
624 857 801 915 pulsatae
824 856 1018 910 fuerunt,
1059 855 1140 900 hoc
1168 872 1258 901 non
1298 856 1380 901 fuit
1400 855 1454 900 de
1483 868 1696 915 praecepto
1723 857 1857 915 ipsius
1884 857 1950 900 vel

307 941 358 986 de
379 943 516 995 scitu3
552 956 629 984 nec
660 939 711 984 ad
754 941 836 985 hoc
859 939 1084 999 cogitabat,
1127 956 1205 984 nec
1240 941 1369 984 etiam
1397 939 1642 984 recordatur
1662 952 1809 985 utrum
1861 941 1948 998 ipsa

306 1025 474 1069 dixerat
501 1023 618 1083 quod
642 1023 927 1082 pulsarentur.

366 1109 658 1165 Interrogata3
684 1120 830 1151 utrum
853 1106 951 1151 fecit
971 1107 1088 1151 illam
1114 1107 1360 1152 salitionem
1387 1107 1438 1152 de
1462 1120 1675 1167 praecepto
1696 1109 1813 1152 vocis
1838 1121 1948 1152 suae:

314 1191 534 1250 respondit
584 1191 719 1250 quod,
756 1193 799 1234 in
836 1192 1074 1249 septimana
1098 1191 1286 1235 Paschali
1332 1193 1565 1236 novissime
1593 1193 1818 1250 praeterita,
1868 1193 1954 1250 ipsa

309 1276 536 1319 exsistente
559 1291 685 1333 supra
708 1274 860 1318 fossata
892 1275 1004 1318 villae
1026 1274 1264 1329 Meleduni,
1289 1275 1370 1320 fuit
1389 1274 1531 1319 eidem
1558 1274 1723 1319 dictum
1752 1291 1826 1333 per
1858 1291 1954 1319 suas

311 1375 435 1403 voces
457 1368 489 1413 ⁴,
508 1358 705 1403 videlicet
728 1374 801 1417 per
822 1375 947 1403 voces
963 1372 1206 1403 sanctarum
1231 1359 1476 1403 Katharinae
1488 1372 1529 1403 et
1551 1360 1815 1416 Margaretae,
1837 1358 1954 1418 quod

313 1444 399 1501 ipsa
429 1455 647 1501 caperetur
683 1456 915 1501 antequam
952 1455 1059 1487 esset
1083 1442 1241 1487 festum
1271 1444 1385 1487 Beati
1414 1436 1652 1499 Johannis;
1681 1455 1722 1487 et
1758 1441 1875 1501 quod
1900 1443 1957 1486 ita

313 1526 538 1586 oportebat
578 1527 701 1581 fieri3
745 1540 786 1571 et
831 1526 947 1585 quod
992 1526 1091 1571 inde
1134 1543 1222 1571 non
1257 1526 1588 1586 obstupesceret,
1633 1525 1705 1571 sed
1751 1527 1956 1585 acciperet

313 1623 539 1669 gratanter,
567 1624 607 1655 et
640 1610 757 1670 quod
787 1612 905 1655 Deus
933 1610 1154 1668 adjuvaret
1179 1627 1289 1655 eam.

372 1849 643 1901 Interroguee,
677 1858 798 1902 quant
832 1847 905 1887 elle
935 1847 991 1886 sut
1013 1860 1141 1886 venue
1173 1848 1192 1886 a
1220 1847 1483 1900 Compaigne,
1523 1846 1628 1886 s'elle
1665 1846 1723 1886 fut
1763 1846 1958 1900 plusieurs

315 1920 506 1972 journees
531 1930 647 1959 avant
662 1920 803 1974 qu'elle
830 1920 916 1958 feist
934 1933 1088 1959 aucune
1110 1919 1234 1958 saillie
1256 1934 1263 1958 :
1293 1919 1464 1972 respond
1493 1918 1639 1973 qu’elle
1670 1919 1755 1958 vint
1782 1920 1802 1957 a
1832 1919 1956 1958 heure

317 2001 464 2030 secrete
487 1992 538 2030 du
564 1993 701 2040 maun,
725 2001 762 2030 et
778 2002 887 2030 entra
911 2005 958 2030 en
982 1991 1016 2030 la
1036 1991 1145 2039 ville,
1164 2005 1252 2030 sans
1269 2005 1312 2030 ce
1329 2004 1404 2045 que
1426 2004 1486 2029 ses
1505 1990 1733 2030 annemisle
1754 2000 1958 2030 sceussent

317 2064 489 2115 gueires,
517 2077 674 2102 comme
691 2063 764 2102 elle
783 2077 931 2116 pense;
966 2073 1003 2103 et
1021 2077 1064 2102 ce
1098 2064 1186 2115 jour
1210 2076 1397 2111 mesmes,
1419 2076 1484 2101 sur
1509 2062 1543 2101 16
1567 2063 1662 2110 soir,
1693 2061 1782 2101 feist
1807 2062 1840 2101 la
1871 2061 1960 2100 sail-

319 2134 369 2173 lie
394 2135 492 2173 dont
517 2135 591 2173 elle
612 2133 669 2173 fut
692 2135 839 2187 prinse.

379 2207 633 2259 Interroguee
663 2220 702 2245 se
734 2207 753 2244 a
775 2206 809 2244 la
834 2206 957 2245 saillie
983 2206 1058 2245 l'en
1096 2220 1221 2244 sonna
1242 2207 1296 2244 les
1320 2205 1480 2245 cloches
1503 2220 1510 2244 :
1560 2206 1747 2259 respond,
1768 2219 1807 2244 se
1831 2219 1884 2244 on
1906 2204 1961 2244 les

321 2291 462 2325 sonna,
492 2292 534 2316 ce
561 2291 608 2316 ne
637 2277 695 2316 fut
722 2278 836 2331 point
871 2279 889 2316 a
921 2292 992 2316 son
1028 2278 1381 2317 commandement
1405 2291 1457 2316 ou
1482 2291 1549 2331 par
1574 2291 1646 2316 son
1668 2291 1759 2316 sceu
1786 2293 1794 2325 3
1821 2287 1858 2316 et
1895 2277 1962 2331 n’y

320 2350 476 2401 pensoit
499 2349 611 2401 point
636 2364 645 2395 ·,
667 2350 768 2395 etsi,
791 2363 838 2387 ne
862 2349 915 2387 lui
936 2349 1120 2388 souvient
1142 2348 1249 2387 s’elle
1268 2349 1373 2387 avoit
1399 2349 1455 2387 dit
1471 2362 1546 2402 que
1567 2363 1619 2387 on
1640 2348 1694 2388 les
1714 2358 1889 2387 sonnast.

377 2421 630 2473 Interi‘oguee
656 2419 762 2458 s'elle
785 2420 845 2458 fist
867 2419 965 2459 celle
987 2420 1110 2458 saillie
1139 2420 1188 2458 du
1212 2420 1564 2458 commandement
1592 2420 1638 2458 de
1664 2434 1703 2458 sa
1728 2420 1820 2458 voix
1841 2434 1848 2458 ε
1883 2433 1960 2458 res-

323 2492 430 2544 pond
456 2505 532 2544 que
557 2505 604 2529 en
631 2491 664 2529 la
684 2492 886 2543 sepmaine
905 2491 952 2530 de
966 2492 1133 2544 Pasques
1153 2491 1489 2530 derrenierenient
1515 2492 1640 2544 passe,
1659 2490 1733 2530 elle
1749 2500 1876 2530 estant
1897 2504 1963 2529 sur

320 2563 375 2601 les
391 2562 515 2601 foss-es
537 2563 584 2600 de
599 2562 774 2610 Meleuu,
795 2562 862 2614 lu)v
885 2562 941 2601 fut
964 2563 1020 2601 dit
1042 2576 1109 2615 par
1133 2576 1193 2601 ses
1215 2563 1316 2610 vois,
1338 2563 1432 2601 c’est
1450 2563 1623 2601 assavoir
1644 2563 1792 2601 saincte
1817 2563 1961 2601 Kathe-

322 2635 405 2672 rine
425 2644 461 2672 et
483 2634 629 2672 saincte
654 2635 909 2684 Maiguerite,
948 2634 1093 2687 qu’elle
1121 2635 1241 2673 seroit
1261 2635 1391 2687 prinse
1423 2643 1538 2672 avant
1564 2633 1658 2686 qu'il
1691 2634 1769 2672 fust
1802 2633 1837 2672 la
1861 2634 1963 2672 saint

319 2706 460 2754 Jehan,
485 2715 522 2743 et
543 2719 619 2758 que
652 2706 750 2743 ainsi
782 2704 925 2744 failloit
943 2706 1009 2758 qui
1033 2705 1109 2744 fust
1134 2705 1216 2753 fait,
1234 2715 1270 2744 et
1301 2705 1443 2759 qu'elle
1467 2718 1514 2744 ne
1541 2704 1761 2752 s'esbahist,
1795 2714 1832 2743 et
1855 2705 1962 2758 print

323 2785 410 2814 tout
432 2789 480 2814 en
502 2778 585 2829 gre,
607 2786 643 2815 ct
665 2790 740 2830 que
765 2777 865 2815 Dieu
891 2777 945 2815 lui
977 2777 1158 2816 aideroit.

378 3020 405 3043 1.
430 3010 460 3043 A
478 3018 575 3043 ornet
599 3009 741 3055 aliquid.
763 3029 806 3043 2—
829 3020 860 3043 2.
881 3009 921 3045 ,C
943 3021 949 3043 :
971 3010 1156 3055 septimam.
1179 3030 1225 3034 —-
1249 3020 1277 3054 3.
1301 3009 1367 3043 AC
1397 3021 1440 3044 en
1464 3021 1582 3055 marge
1607 3021 1613 3043 :
1646 3009 1734 3044 Nota
1757 3009 1793 3043 de
1816 3009 1962 3055 captione

331 3070 432 3114 ipsius
444 3068 602 3112 Johannae
621 3082 629 3105 ;
655 3069 683 3102 Β
702 3080 747 3103 en
771 3080 908 3114 marge:
934 3069 984 3101 De
1000 3070 1146 3114 captione
1158 3068 1324 3112 Johannoe.
1345 3090 1389 3093 —
1407 3079 1440 3111 4.
1470 3069 1504 3113 Q
1517 3081 1526 3102 .·
1548 3080 1635 3102 voces
1650 3080 1735 3102 suas.
