2099 3356
301 174 383 229 382
566 170 723 215 moetas
764 185 820 215 DE
868 185 1220 216 CONDAMNATION
1255 185 1311 214 DE
1341 172 1506 226 JEANNE
1540 171 1666 215 D’Anc

357 283 634 330 Reverendus
660 284 702 328 in
727 283 912 328 Christo*
932 295 1065 342 pater,
1099 282 1305 329 dominus
1339 282 1464 328 abbas
1503 285 1753 328 monasterii
1794 284 1934 328 Sancti

295 368 496 414 Audoeni
522 367 900 424 Rothomagensis‚
915 366 1164 411 deliberavit
1191 379 1318 424 prout
1345 367 1550 412 dominus
1579 366 1704 412 abbas
1725 352 1934 426 Fiscamp-

293 453 436 496 nensis
454 449 680 509 praedictus
708 458 740 494 ¹.

350 533 786 592 MagisterJohannes
802 533 854 578 de
873 533 1150 587 Castellione‚
1173 531 1299 578 sac'rae
1317 533 1550 592 theologiae
1570 542 1584 560 ²
1606 533 1771 588 doctor,
1794 534 1934 578 archi-

290 617 494 662 diaconus
521 630 561 663 et
589 620 821 662 canonicus
847 617 1033 662 ecclesiae
1052 616 1336 671 Ebroicensis‚
1359 617 1607 662 deliberavit
1630 631 1758 676 prout
1791 617 1935 662 dorni-

292 718 372 746 nus
399 701 523 745 abbas
546 701 887 760 Fiscampnensis
914 700 1155 759 praedictus.

352 785 554 842 Magister
575 784 757 829 Erardus
780 786 1003 842 Emengart
1026 792 1057 839 ³,
1083 801 1209 829 sacrae
1234 785 1464 843 theologiae
1485 784 1651 839 doctor,
1682 784 1934 830 deliberavit

291 868 571 913 conformiter
594 867 644 912 ad
680 867 1034 913 deliberationem
1059 867 1228 914 domini
1256 868 1416 912 abbatis
1446 869 1786 927 Fiscampnensis
1810 882 1935 914 ante-

292 948 391 992 dicti
415 958 444 992 ⁴.

352 1033 550 1090 Magister
579 1032 839 1078 Guillelmus
861 1032 1103 1079 Boucherii.
1130 1048 1258 1078 sacrae
1282 1033 1512 1092 theologiae
1540 1032 1705 1087 doctor,
1728 1033 1933 1079 delibera-

289 1117 350 1159 vit
370 1115 487 1174 quod
510 1115 620 1160 dicta
639 1116 795 1161 mulier
815 1116 974 1174 relapsa
991 1129 1054 1161 est
1075 1130 1116 1161 et
1135 1115 1466 1161 condemnanda
1484 1129 1689 1176 tanquam
1719 1117 1928 1162 haeretica.

294 1199 358 1253 Et,
386 1199 437 1244 de
463 1199 649 1253 residuo,
675 1213 758 1245 stat
791 1202 833 1244 in
868 1199 1175 1245 deliberatione
1206 1199 1395 1259 praedicti
1429 1200 1594 1245 domini
1641 1200 1802 1245 abbatis
1840 1202 1924 1246 Fis-

289 1283 573 1341 campnensis.

349 1366 627 1412 Reverendus
646 1379 762 1425 pater
787 1366 994 1412 dominus
1021 1368 1188 1421 Petrus,
1209 1368 1324 1425 prior
1349 1369 1560 1425 prioratus
1582 1366 1634 1422 de
1654 1367 1932 1426 Longavilla-

295 1446 473 1492 Giffardi
500 1455 528 1500 ἰ,
565 1463 691 1492 sacrae
727 1447 959 1506 theologia:
1007 1447 1172 1500 doctor,
1217 1447 1466 1492 deliberavit
1501 1447 1619 1506 quod
1653 1449 1703 1502 si,
1743 1462 1931 1493 cessante

291 1529 504 1586 passione,
521 1527 629 1572 dicta
647 1528 802 1573 mulier
817 1527 1008 1573 confessa
1026 1541 1087 1573 est
1102 1528 1172 1573 illa
1187 1545 1284 1588 quae
1305 1530 1585 1573 continentur
1606 1530 1648 1572 in
1672 1528 1875 1574 schedula
1896 1530 1928 1583 ⁶,

290 1624 370 1655 stat
404 1613 447 1655 in
488 1611 795 1656 deliberatione
821 1619 835 1645 ⁷
871 1611 1041 1656 domini
1077 1611 1238 1657 abbatis
1265 1613 1676 1657 Sanctae-Trinitatis
1713 1613 1932 1672 Fiscamp-

292 1693 449 1735 nensis.

347 1776 551 1833 Magister
575 1775 838 1820 Guillehnus
860 1776 1052 1829 Haitonss,
1076 1775 1338 1820 bachalarius
1358 1777 1401 1820 in
1424 1792 1537 1821 sacra
1558 1777 1791 1835 theologia,
1821 1776 1923 1822 deli-

291 1857 450 1902 beravit
473 1858 606 1918 quod,
628 1860 802 1904 attentis
827 1859 1016 1903 articulis
1045 1859 1254 1918 perlectis,
1285 1858 1395 1905 dicta
1426 1860 1583 1905 mulier
1616 1860 1774 1919 relapsa
1803 1873 1865 1905 est
1889 1873 1929 1906 et

340 2062 525 2100 Dominus
555 2061 664 2100 abbas
693 2062 809 2100 saneti
845 2061 1030 2110 Audoeni,
1072 2067 1111 2101 ut
1144 2061 1316 2101 dominus
1350 2062 1653 2116 Fissampnensis,
1681 2067 1714 2102 et
1749 2062 1846 2118 quod
1879 2068 1930 2102 est

293 2132 448 2186 relapsa.

343 2205 523 2258 Magister
545 2205 728 2254 Iohannes
745 2205 786 2243 de
807 2204 1066 2251 Chasteillon,
1082 2211 1121 2243 ut
1140 2204 1310 2244 dominus
1332 2205 1621 2259 Fiscampnensis
1639 2214 1668 2244 9.

341 2277 522 2330 Magister
543 2276 713 2326 Erardns
735 2276 975 2329 Emengard,
1000 2281 1039 2315 ut
1055 2276 1270 2330 praecedens.

343 2348 523 2401 Magister
541 2347 811 2387 Guillelmusw
833 2347 902 2401 [le]
933 2348 1131 2387 Bouchier
1155 2362 1161 2386 :
1191 2347 1334 2402 relapsa
1362 2353 1410 2387 est
1439 2353 1470 2387 et
1501 2348 1775 2388 condemnanda
1793 2358 1819 2375 ¹¹
1843 2353 1929 2388 tari-

288 2432 398 2472 quam
424 2419 603 2458 haeretica.
628 2421 690 2467 Et,
714 2419 756 2458 de
776 2419 932 2466 residuo,
960 2424 998 2457 ut
1016 2419 1186 2458 dontinus
1207 2420 1508 2473 Fiscampnensis.

345 2491 528 2529 Dominus
550 2491 660 2529 Prior
679 2490 720 2529 cle
743 2490 960 2543 Longavilla
978 2502 991 2529 .·
1009 2491 1054 2539 si,
1083 2495 1234 2529 cessante
1252 2491 1432 2545 passione,
1457 2492 1612 2545 confessa
1623 2492 1760 2545 fuerit,
1787 2496 1826 2531 ut
1848 2506 1928 2531 con-

288 2562 426 2600 tinetur
447 2562 483 2600 iu
498 2562 666 2601 schedula
689 2572 733 2609 ¹2,
745 2562 915 2616 siendum
931 2567 979 2600 est
1003 2567 1041 2600 ut
1061 2562 1149 2600 dicit
1162 2561 1331 2601 dominus
1352 2562 1656 2616 Fiscampnensis.

339 2633 519 2685 Assagisler
547 2633 817 2672 (willelmus-1³
840 2635 979 2672 Heclon
996 2648 1006 2672 .·
1030 2633 1140 2687 quod,
1165 2633 1311 2672 attentis
1334 2633 1503 2673 articulis
1524 2633 1690 2688 perlectis
1707 2642 1752 2684 ¹4,
1777 2634 1930 2673 videtur

337 2842 366 2865 1.
389 2831 418 2865 C
437 2841 534 2866 omet
548 2832 738 2878 praedictus.
761 2853 793 2857 -
829 2843 860 2867 2.
884 2832 913 2867 C
933 2841 1030 2867 omet
1051 2823 1150 2866 sacrae
1177 2832 1342 2879 theologia>
1368 2842 1401 2868 et
1431 2834 1550 2879 ajoute
1574 2834 1610 2866 in
1639 2833 1799 2879 theologia
1826 2836 1928 2880 apres

286 2890 406 2924 doctor.
429 2911 474 2915 —
497 2901 526 2935 3.
552 2890 611 2924 C:
634 2891 838 2937 Emengard.
871 2913 898 2916 -
927 2902 960 2934 4.
985 2892 1015 2927 C
1039 2904 1049 2926 .·
1073 2892 1242 2938 praedicti.
1263 2913 1310 2916 —
1345 2902 1375 2935 5.
1405 2892 1435 2927 C
1453 2904 1464 2926 .·
1482 2892 1666 2938 Guiffizrdi.
1700 2912 1746 2918 -
1775 2892 1808 2928 6.
1830 2892 1926 2927 AC:

288 2949 414 2982 scedula
425 2961 437 2989 ;
468 2949 498 2984 C
530 2961 539 2983 .·
564 2950 688 2984 cedula.
713 2971 758 2975 —
779 2961 811 2995 7.
835 2950 902 2985 AC
921 2951 1081 2997 aj0utent
1112 2951 1206 2985 dicti.
1239 2972 1285 2975 —
1312 2951 1344 2985 8.
1365 2951 1422 2986 C:
1457 2951 1665 2986 Gm'llermus
1695 2951 1852 2986 Haitton.
1881 2972 1928 2977 —

291 3018 324 3052 9.
343 3007 384 3050 U,
398 3007 460 3042 fol.
484 3018 537 3052 33,
556 3018 608 3043 vo.
625 3029 672 3033 ———
694 3019 745 3043 10.
761 3010 815 3043 Ms
845 3022 855 3043 :
878 3010 1099 3044 Guillermus.
1122 3031 1164 3034 —
1186 3005 1338 3044 11.Jbid.
1360 3022 1369 3043 .·
1385 3011 1663 3057 condempnanda.
1679 3032 1721 3035 —
1739 3021 1791 3045 12.
1808 3010 1895 3045 [bid.
1914 3023 1924 3044 .·

289 3066 413 3100 cedula.
439 3087 479 3092 —
502 3077 554 3111 13.
581 3067 665 3102 [bid.
686 3080 695 3100 .·
718 3066 938 3103 Guillermus.
955 3090 1001 3095 —
1025 3080 1078 3112 14.
1102 3069 1188 3103 Ibid.
1215 3069 1383 3115 :perlecta
1397 3075 1442 3104 est
1460 3071 1550 3115 (διε).
