2099 3356
380 214 539 259 PRocIEs
572 228 629 257 DE
660 227 1015 258 CONDAMNATION
1050 228 1105 256 DE
1136 228 1301 269 JEANNE
1333 214 1463 258 D'ARC
1724 230 1746 271 9

103 336 236 367 vostre
264 327 472 380 puissance
505 335 542 365 et
564 326 808 380 subjeccion,
835 340 888 365 ou
929 325 976 365 de
997 339 1070 364 vos
1103 325 1243 364 nobles
1277 335 1314 365 et
1345 325 1505 380 loyaulx
1533 327 1715 366 vassaulx
1742 342 1750 367 ε

105 401 218 438 POUR
238 411 304 437 CES
325 410 486 447 CAUSES,
514 411 616 437 nous
642 398 850 451 supplions
891 398 938 437 de
964 397 1098 436 bonne
1120 397 1315 436 affeccion
1335 398 1356 436 εὶ
1374 411 1490 446 vous,
1525 403 1602 437 tres
1642 400 1752 452 puis—

104 480 190 510 sant
210 471 361 524 priucc,
395 479 433 509 et
458 471 596 523 prions
628 482 699 509 vos
725 469 786 508 diz
817 469 956 508 nobles
980 469 1158 508 vassaulx
1195 483 1271 522 que
1303 469 1445 508 ladicte
1472 470 1652 519 Jehanne
1686 484 1755 523 par

102 555 203 581 vous
237 554 290 580 ou
334 541 461 580 iceulx
499 554 602 580 nous
626 542 703 580 soit
736 541 904 580 envoiee
937 550 1164 580 seurement
1200 541 1366 593 pardeea
1397 550 1435 579 et
1458 540 1685 591 briefment,
1713 552 1750 581 et

103 627 226 652 avons
251 610 464 666 esperance
488 626 564 666 que
589 613 689 651 ainsi
715 612 750 651 le
772 612 875 651 ferez
904 626 1063 651 comme
1088 612 1191 650 vrais
1223 621 1470 665 protecteurs
1488 612 1589 652 dela
1614 612 1682 666 foy
1716 623 1754 653 et

101 684 338 724 defendeurs
360 694 369 711 ¹
393 685 441 723 de
474 684 660 723 l'onneur
681 684 729 723 de
756 684 875 731 Dieu,
909 694 946 723 et
967 684 988 722 ’ὲ
1015 697 1058 723 ce
1084 697 1160 736 que
1198 694 1468 723 aucunement
1507 698 1559 723 on
1592 698 1640 724 ne
1668 684 1751 725 face

101 757 429 809 empeschement
452 770 504 795 ou
531 756 645 808 delay
663 769 729 794 sur
748 768 807 803 ce,
835 755 935 809 (que
961 756 1063 794 Dieu
1086 769 1134 794 ne
1164 755 1347 808 vueille).
1395 757 1523 803 Nous,
1551 769 1599 794 en
1632 766 1750 796 usant

101 828 168 867 des
190 827 297 866 drois
321 828 368 867 de
391 837 524 867 nostre
546 826 678 874 office,
705 827 752 866 de
778 827 998 866 l'auctorite
1027 828 1047 866 a
1077 841 1180 866 nous
1211 828 1405 866 commise
1430 828 1482 866 du
1517 829 1619 867 saint
1641 829 1749 881 siege

101 900 149 939 de
182 901 369 949 Romme,
396 900 615 953 requerons
641 900 901 938 instamment
922 908 960 938 et
985 900 1256 952 enjoingnons
1284 912 1330 938 en
1373 899 1510 938 faveur
1539 900 1587 938 de
1615 899 1650 938 la
1680 899 1749 953 foy

100 971 344 1025 camelique,
368 981 406 1010 et
437 985 502 1010 sur
526 970 579 1010 les
608 971 744 1024 peines
771 970 818 1009 de
835 970 955 1018 droit,
982 984 1055 1009 aux
1082 970 1302 1018 dessusdiz,
1326 979 1364 1010 et
1400 971 1420 1009 a
1454 979 1584 1010 toutes
1619 980 1750 1011 autres

100 1057 318 1097 personnes
360 1043 607 1096 catholiques
647 1042 695 1082 de
734 1042 907 1098 quelque
948 1052 1063 1091 estat,
1108 1042 1342 1091 condicion‚
1370 1043 1653 1096 preeminence
1696 1056 1749 1082 ou

98 1115 292 1154 auctorite
314 1114 432 1168 qu’ilz
457 1116 600 1162 soient,
625 1130 717 1169 que,
739 1116 774 1155 le
795 1115 967 1169 plustost
985 1127 1062 1168 que
1079 1123 1308 1153 seurernent
1331 1123 1369 1153 et
1387 1114 1751 1154 convenablement

101 1186 196 1226 faire
221 1200 262 1226 se
286 1200 447 1240 pourra,
469 1187 517 1226 ilz
536 1196 574 1226 et
590 1188 745 1227 chacun
780 1187 910 1227 d'eulx
943 1187 1134 1226 envoient
1158 1195 1196 1225 et
1219 1190 1422 1235 amenent,
1455 1195 1568 1226 toute
1593 1187 1750 1240 prison-

101 1260 210 1298 niere
231 1258 441 1312 pardevers
464 1272 582 1308 nous,
609 1259 751 1299 ladicte
770 1259 965 1309 Jehanne,
992 1259 1297 1312 souspeeonne'e
1327 1258 1683 1299 vehementement
1700 1260 1749 1299 de

100 1331 279 1385 pluseurs
300 1331 446 1370 crimes
468 1340 627 1370 sentens
645 1332 813 1380 heresie,
832 1345 936 1384 pour
959 1340 1060 1370 ester
1081 1331 1101 1370 ἐι
1125 1330 1229 1370 droit
1246 1330 1464 1384 pardevant
1482 1343 1587 1370 nous
1612 1341 1750 1371 contre
1770 1368 1777 1372 ,

99 1402 135 1442 16
166 1416 386 1456 procureur
427 1403 475 1442 de
502 1402 538 1442 la
571 1403 696 1442 sainte
717 1404 981 1457 inquisition,
1018 1403 1236 1456 respondre
1284 1412 1322 1441 et
1360 1402 1553 1456 proceder
1586 1416 1747 1443 comme

98 1475 230 1513 raison
244 1475 363 1513 devra
380 1483 394 1500 2
411 1488 460 1513 au
481 1475 560 1513 bon
583 1474 749 1522 conseil,
768 1474 905 1514 faveur
926 1484 963 1514 et
981 1474 1068 1513 aide
1091 1473 1158 1513 des
1180 1473 1281 1513 bons
1303 1473 1487 1518 docteurs
1507 1483 1545 1513 et
1566 1475 1746 1514 maistres

96 1546 144 1585 de
166 1545 423 1585 l’Universite
443 1546 490 1585 de
514 1547 634 1594 Paris,
660 1555 698 1585 et
728 1556 857 1585 autres
892 1545 1071 1585 notables
1095 1545 1326 1585 conseillers
1363 1555 1492 1584 estans
1523 1546 1691 1599 pardeea
1713 1553 1742 1585 3.

98 1619 241 1656 Donne‘
260 1618 281 1656 a
306 1619 410 1656 Paris
432 1617 556 1656 soubz
583 1627 717 1657 nostre
742 1618 821 1657 seel
855 1618 903 1657 de
929 1617 1076 1657 l'office
1101 1618 1148 1656 de
1175 1617 1211 1656 la
1235 1619 1361 1656 sainte
1380 1618 1642 1671 inquisicion‚
1668 1617 1744 1657 l'an

97 1689 165 1728 mil
206 1690 478 1737 CCCCXXX,
507 1689 542 1728 le
573 1700 686 1728 XXVIe
709 1700 725 1724 4
757 1691 844 1742 jour
877 1690 925 1729 de
966 1704 1073 1743 may.
1113 1689 1173 1729 Sic
1204 1689 1380 1743 signarem
1418 1704 1426 1729 :
1456 1690 1743 1739 LEFOURBEUR‚
1771 1697 1775 1701 ⁴

98 1762 262 1801 HEBERT
282 1763 310 1800 ⁶.
329 1778 347 1798 »

204 1936 297 1962 ITEM
319 1932 334 1959 7
359 1936 564 1968 SEQUITUR
585 1936 718 1963 TENOR
743 1936 1017 1963 SOMMATIONIS
1043 1936 1175 1963 FACTAE
1204 1938 1274 1964 PER
1298 1937 1391 1974 NOS,
1420 1937 1641 1964 EPISCOPUM

283 2008 536 2043 PRAEDICTUM,
564 2008 691 2035 DICTIS
716 2009 884 2035 DOMINIS
907 2009 1001 2035 DUCI
1032 2009 1276 2036 BURGUNDIAE
1302 2009 1351 2035 ET
1375 2009 1554 2045 JOHANNI

731 2081 781 2106 DE
806 2081 1093 2108 LUXEMBURGO.

149 2227 166 2246 «
197 2210 301 2250 C'est
325 2225 368 2250 ce
389 2225 465 2265 que
485 2213 656 2266 requiert
678 2212 878 2266 l'evesque
903 2213 950 2252 de
972 2213 1163 2252 Beauvais
1190 2213 1210 2251 a
1229 2214 1519 2266 monseigneur
1537 2213 1571 2253 16
1593 2214 1670 2254 duc
1692 2214 1743 2254 de

95 2282 378 2336 Bourgoingne
406 2293 443 2322 et
473 2285 494 2322 a
532 2284 821 2337 monseigneur
839 2285 964 2333 Jehan
987 2285 1035 2324 de
1072 2284 1352 2324 Luxembourc
1371 2295 1409 2324 et
1433 2299 1482 2324 au
1527 2286 1668 2326 bastart
1693 2287 1741 2326 de

93 2354 305 2403 Vendone,
331 2355 379 2394 de
401 2369 469 2408 par
491 2355 524 2394 le
550 2356 624 2394 Roi
647 2365 780 2395 nostre
802 2356 901 2404 Sire,
921 2366 959 2395 et
980 2356 1027 2396 de
1061 2370 1129 2409 par
1162 2356 1233 2405 lui,
1266 2370 1425 2396 comme
1447 2359 1461 2384 8
1489 2359 1661 2411 evesque
1692 2358 1742 2397 de

95 2426 285 2464 Beauvais
310 2439 317 2465 ι

151 2514 166 2532 ι(
194 2498 285 2543 Que
307 2498 406 2537 celle
425 2498 571 2538 femme
592 2513 668 2553 que
691 2498 768 2538 l'en
793 2513 959 2539 nomme
974 2501 1305 2540 communement
1326 2501 1506 2551 Jehanne
1527 2501 1562 2540 la
1579 2502 1740 2549 Ριιῑεῖἷε,

92 2569 355 2621 prisonniere,
389 2571 465 2609 soit
486 2572 665 2624 envoye'e
689 2585 737 2610 au
771 2573 859 2625 Roy
888 2586 990 2625 pour
1013 2572 1048 2611 la
1082 2572 1251 2612 de'livrer
1284 2573 1304 2611 a
1338 2573 1513 2626 I'Eglise‚
1552 2587 1656 2628 pour
1687 2573 1741 2613 lui

91 2638 185 2679 faire
209 2654 281 2680 son
308 2647 462 2695 proces⁷
503 2656 651 2695 pource
687 2643 831 2696 qu’elle
863 2653 921 2683 est
958 2645 1264 2698 souspeeonne'e
1300 2655 1338 2684 et
1374 2645 1560 2685 diffamee
1591 2645 1744 2685 d'avoir

89 2713 257 2751 commis
298 2713 480 2766 pluseurs
519 2715 676 2762 crimes,
720 2729 879 2754 comme
931 2715 1155 2769 sortileges‚
1193 2717 1430 2770 ydolaffles,
1477 2719 1738 2757 invocacions

143 2901 171 2925 1.
201 2891 231 2926 C
258 2905 267 2926 .·
293 2892 506 2938 deffensenrs.
532 2914 579 2919 --
612 2905 643 2928 2.
672 2895 703 2929 A
722 2907 731 2928 .·
757 2895 861 2929 down
883 2908 895 2936 ,·
914 2896 944 2930 C
967 2909 976 2929 .·
997 2896 1114 2931 doura.
1143 2918 1181 2922 —
1208 2907 1238 2942 3.
1269 2897 1299 2932 C
1322 2910 1330 2931 .·
1343 2898 1519 2943 pardeslm.
1542 2920 1585 2923 —
1612 2909 1645 2940 4.
1676 2900 1707 2933 Α
1730 2912 1740 2933 .·

96 2949 204 2985 XXV.
228 2973 272 2976 —
295 2963 324 2996 5.
355 2954 385 2986 A
410 2966 420 2986 .·
435 2954 574 2997 signate.
598 2974 642 2979 —
670 2953 703 2988 6.
733 2954 760 2988 B
782 2967 791 2988 .·
812 2955 946 2990 Hihert.
967 2977 1013 2980 —
1035 2967 1067 3001 7.
1098 2957 1128 2990 Α
1150 2968 1194 2991 en
1213 2968 1334 3003 marge
1358 2970 1364 2991 :
1389 2957 1740 2992 Tenorsomnmtionis

98 3012 204 3043 nostri
219 3013 356 3058 episcopi
370 3013 573 3047 Belvacensis
589 3018 678 3048 etc...
699 3027 710 3053 ;
730 3015 759 3048 B
770 3026 812 3048 en
828 3026 968 3061 marge:
992 3015 1100 3049 Tenui-
1119 3018 1348 3050 sommationis
1367 3019 1507 3063 episcopi
1531 3018 1738 3052 Belwcensis

90 3067 184 3111 factae
203 3069 344 3105 dominis
371 3077 459 3106 etc...
483 3086 492 3110 ,·
518 3072 547 3107 C
572 3085 615 3107 en
644 3085 764 3118 marge
785 3087 791 3108 :
818 3073 926 3111 Tenor
951 3077 1181 3109 sommationis
1208 3077 1346 3122 episcopi
1368 3076 1574 3111 Belvacensis
1601 3076 1735 3111 domino

91 3127 169 3161 duci
189 3129 404 3173 Burgundia’.
422 3152 467 3156 --
495 3133 526 3165 8.
549 3131 578 3165 C
603 3145 612 3166 .·
630 3138 800 3167 comment.
