2099 3356
275 67 478 141 —Wsbxfft
501 78 547 127 ‘x
637 80 644 97 ³
680 69 708 119 *l

360 202 518 246 PRocias
550 217 606 245 DE
637 215 987 246 CONDAMNATION
1023 217 1078 245 DE
1109 216 1275 257 JEANNE
1309 201 1437 246 o’ARc
1636 215 1711 258 125

82 317 235 376 ponsio
275 329 336 360 est
370 316 515 374 magni
545 315 761 374 ponderis,
793 313 1012 372 respondit
1042 313 1159 373 quod
1194 315 1324 358 etiam
1362 326 1478 358 tenet
1511 330 1605 358 eam
1640 330 1718 373 pro

85 416 177 445 uno
205 414 364 457 magno
392 399 610 443 thesauro.

464 561 594 588 EADEM
631 561 697 586 DIE
728 560 918 587 MERCURII
950 559 1044 586 POST
1074 560 1267 586 MERIDIEM
1296 556 1321 584 Ῑ.

143 675 268 728 Item,
299 673 410 719 dicta
446 674 514 719 die
547 675 749 718 mercurii
777 686 873 732 post
909 673 1150 727 meridiem,
1179 673 1528 731 comparentibus
1555 674 1600 716 in
1624 672 1723 717 loco

90 757 293 816 praedicto
343 758 656 802 venerabilibus
706 771 746 801 et
785 756 976 801 discretis
1020 759 1135 811 viris,
1176 757 1368 801 dominis
1415 770 1456 801 et
1502 758 1728 815 magistriS,

91 841 289 898 Johanne
302 841 353 886 de
373 843 527 894 Fonte,
543 843 776 886 commisso
803 857 825 884 a
851 841 989 894 nobis,
1007 843 1208 899 episcopo
1234 840 1453 899 praedicto,
1484 853 1525 884 et
1547 840 1671 884 nobis
1696 848 1728 892 ²,

89 924 287 981 Johanne
324 926 532 983 Magistri,
564 926 722 969 vicario
747 924 848 969 dicti
888 923 1056 968 domini
1090 925 1399 982 Inquisitoris;
1438 923 1732 968 assistentibus

94 1007 321 1052 nobiscum
372 1008 553 1053 Nicolao
601 1010 715 1053 Midi
771 1022 812 1053 et
863 1007 1055 1052 Gerardo
1107 1007 1319 1059 Fueilleti,
1376 1007 1626 1053 doctoribus
1686 1008 1732 1051 in

87 1091 339 1151 tl1eologia3
389 1091 668 1151 praesentibus
722 1091 773 1136 ad
814 1092 895 1136 hoc
936 1091 1062 1136 fratre
1109 1091 1393 1136 Isambard0³
1439 1090 1490 1136 de
1525 1093 1647 1136 Petra
1690 1104 1733 1135 et

88 1165 286 1231 Johanne
318 1164 538 1220 Manchmi.

149 1258 406 1318 *Stepedicta
432 1260 630 1317 Jolianna
651 1258 754 1304 dicit
769 1261 813 1303 in
835 1261 1000 1318 primis,
1021 1273 1236 1319 quantum
1254 1259 1304 1304 ad
1329 1259 1558 1304 articulum
1581 1260 1735 1303 imme-

93 1342 203 1388 diate
227 1342 538 1402 praecedentem
560 1343 611 1388 de
638 1343 893 1388 certitudine
916 1344 1063 1389 salutis
1099 1361 1201 1398 suae,
1234 1360 1361 1403 super
1397 1360 1486 1403 quo
1522 1343 1574 1388 de
1608 1359 1735 1388 mane

93 1426 229 1472 fuerat
250 1428 525 1486 interrogata,
553 1427 671 1486 quod
692 1427 798 1471 illud
826 1427 991 1472 dictum
1013 1427 1277 1487 intelligebat
1300 1445 1308 1472 ε
1327 1427 1572 1472 dummodo
1594 1439 1736 1472 teneat

93 1512 388 1569 juramentum
410 1523 450 1555 et
472 1512 807 1570 promissionem
828 1527 961 1569 quam
995 1510 1091 1555 fecit
1118 1512 1229 1565 Deo,
1260 1511 1457 1555 videlicet
1492 1510 1610 1570 quod
1647 1512 1736 1569 ipsa

101 1593 207 1639 bene
234 1608 418 1639 servaret
442 1596 734 1654 virginitatem
758 1611 896 1649 suam,
917 1609 1004 1639 tam
1025 1596 1230 1653 corporis,
1255 1611 1387 1654 quam
1414 1596 1585 1639 animae.

154 1679 415 1737 Interrogata
454 1691 604 1722 utrum
637 1695 745 1737 opus
781 1680 834 1722 sit
867 1678 986 1738 quod
1022 1678 1293 1733 confiteatur,
1346 1691 1576 1738 postquam
1612 1677 1740 1723 habet

100 1762 407 1807 revelationem
430 1778 452 1806 a
475 1762 653 1807 vocibus
680 1764 767 1808 suis
789 1762 906 1822 quod
929 1764 1007 1806 erit
1033 1749 1228 1808 salvata:
1254 1762 1475 1821 respondit
1502 1761 1621 1821 quod
1648 1763 1739 1821 ipsa

95 1847 230 1890 nescit
265 1845 383 1905 quod
416 1848 652 1903 peccaverit
676 1846 943 1891 mortaliter*
966 1864 978 1901 3
1007 1845 1095 1897 sed,
1124 1847 1189 1890 sis
1217 1860 1324 1891 esset
1352 1848 1396 1890 in
1424 1859 1595 1906 peccato
1623 1861 1739 1890 mor-

156 2062 413 2116 Interroguee
435 2077 491 2111 se,
527 2063 640 2116 apres
680 2073 783 2103 ceste
815 2063 1054 2112 revelaciom
1087 2062 1161 2103 elle
1194 2063 1315 2103 croist
1353 2062 1499 2118 qu’elle
1527 2077 1576 2103 ne
1607 2063 1740 2117 puisse

102 2132 195 2173 faire
216 2135 357 2187 pe'chie'
379 2135 522 2173 mortel
546 2149 552 2172 :
582 2136 754 2188 respond
782 2148 789 2174 :
816 2152 834 2171 «
860 2137 904 2185 je
924 2136 1015 2174 n'en
1037 2149 1128 2188 scay
1149 2136 1249 2183 rien,
1273 2136 1370 2174 mais
1396 2135 1500 2174 m'en
1522 2135 1662 2174 actend
1689 2135 1740 2174 du

101 2214 188 2244 tout
210 2206 230 2244 a
252 2216 384 2246 nostre
410 2207 620 2260 Seigneur.
642 2223 661 2243 ³>

639 2333 656 2351 *
670 2334 731 2372 Du
755 2333 947 2372 mercredi
972 2333 1008 2372 la
1027 2333 1195 2373 relevee.

156 2440 203 2479 Et
223 2450 345 2494 quant
373 2442 393 2479 a
413 2450 493 2480 cest
517 2440 650 2480 article
678 2440 792 2495 [etc.]
820 2454 826 2480 :
861 2455 930 2494 par
961 2442 1060 2480 ainsi
1091 2441 1234 2495 qu'elle
1262 2443 1395 2495 tiegne
1422 2441 1455 2481 le
1479 2451 1677 2481 serement
1707 2450 1745 2481 et

105 2525 308 2564 promesse
330 2513 475 2566 qu'elle
505 2527 525 2551 a
552 2513 621 2552 fait
650 2515 670 2551 a
695 2523 828 2552 nostre
860 2514 1068 2566 Seigneur,
1096 2513 1188 2552 c’est
1212 2515 1387 2553 assavoir
1410 2513 1553 2567 qu'elle
1585 2514 1744 2567 gardast

107 2582 196 2622 bien
218 2598 257 2622 sa
278 2585 463 2638 virginite
486 2585 533 2623 de
554 2599 670 2638 corps
695 2595 732 2624 et
756 2585 804 2624 de
835 2587 937 2624 ame.

159 2656 414 2709 Interrogue'e
439 2670 478 2695 se
510 2656 535 2695 il
561 2666 618 2695 est
644 2657 814 2710 besoing
847 2657 893 2696 de
922 2671 961 2696 se
993 2657 1207 2703 confesser,
1235 2657 1472 2711 puisqu'elle
1500 2658 1621 2697 croist
1655 2657 1676 2696 a
1711 2657 1746 2696 la

107 2726 277 2766 relacion
298 2727 345 2766 de
377 2742 436 2766 ses
465 2728 558 2767 voix
583 2728 727 2782 qu'elle
749 2742 832 2767 sera
851 2730 993 2767 sauvee
1019 2743 1026 2767 ε
1051 2729 1223 2782 respond
1248 2728 1390 2782 qu'elle
1416 2742 1464 2768 ne
1503 2730 1600 2778 scait
1633 2729 1749 2782 point

106 2797 250 2851 qu’elle
269 2800 321 2838 ait
344 2800 486 2852 pechie'
507 2799 829 2848 mortellement3
860 2801 955 2840 mais
981 2800 1087 2839 s'elle
1109 2802 1227 2839 estoit
1252 2814 1300 2840 en
1326 2801 1466 2854 pe'chie'
1489 2800 1646 2850 mortel‚
1672 2800 1746 2839 elle

160 3000 188 3026 1.
212 2991 264 3026 En
286 3003 404 3038 marge
419 2992 462 3027 de
483 2993 514 3027 A
524 2992 586 3028 BC
605 2993 651 3037 (B
670 3002 768 3028 omet
787 2992 893 3027 eodem
913 2993 993 3038 die).
1011 3013 1054 3018 —-
1079 3004 1110 3027 2.
1132 2993 1199 3027 AC
1216 2992 1375 3038 ajoutent
1390 2992 1515 3038 fratre.
1539 3013 1584 3017 —
1606 3003 1636 3037 3.
1650 2991 1717 3028 AC
1738 3002 1750 3026 .·

118 3048 326 3085 Ysamlmrdo.
368 3073 411 3077 —
447 3062 481 3095 4.
513 3053 541 3086 Β
571 3064 615 3087 en
653 3065 771 3098 marge
806 3065 811 3086 :
846 3054 959 3088 Nescit
987 3053 1070 3098 quod
1102 3054 1285 3099 peccaverit
1320 3053 1519 3087 mortaliter.
1556 3072 1603 3077 ——
1644 3061 1679 3095 5.
1716 3051 1747 3084 A

111 3109 227 3155 aj0ute
250 3112 330 3157 ipsa.
