2099 3356
320 161 397 204 152
582 148 740 190 PRocr'zs
780 161 834 190 DE
872 161 1225 192 CONDAMNATION
1266 163 1321 192 DE
1356 163 1519 205 JEANNE
1550 150 1683 194 D'ARc

312 273 395 304 tres
414 276 559 304 cruces
579 272 619 303 et
643 275 733 303 non
760 259 874 303 aliud
899 261 1090 318 signum,
1117 260 1235 319 quod
1256 263 1347 320 ipsa
1366 264 1484 317 sciat,
1511 265 1696 322 exceptis
1723 264 1789 308 his
1811 267 1953 308 nomi—

315 344 455 398 nibus,
478 344 636 400 JHEsth
663 344 833 386 MARIA.

371 429 633 485 Interrogata
659 443 734 470 cur
757 426 939 470 libenter
959 427 1205 485 respiciebat
1230 430 1272 472 in
1301 429 1423 473 illum
1445 430 1644 484 anulum,
1669 430 1844 489 quando
1870 431 1957 476 ibat

314 511 365 555 ad
386 510 561 569 aliquod
587 496 746 554 facturn
769 525 957 568 guerrae:
988 511 1208 569 respondit
1227 511 1346 570 quod
1371 512 1454 557 hoc
1477 526 1564 557 erat
1589 529 1662 572 per
1687 514 1957 573 complacen-

314 596 434 648 tiam,
462 607 503 638 et
524 606 695 653 propter
722 594 935 638 honorem
955 595 1082 652 patris
1107 608 1150 638 et
1174 597 1346 650 matris3
1375 609 1416 640 et
1441 598 1546 654 ipsa,
1572 597 1647 641 illo
1672 598 1804 642 anulo
1831 600 1958 642 exsis-

316 691 433 722 tente
467 679 511 721 in
539 693 614 721 sua
641 693 773 721 manu
807 690 847 721 et
880 679 924 721 in
955 694 1033 722 suo
1057 677 1211 735 digito,
1245 681 1386 737 tetigit
1421 696 1520 724 cum
1548 693 1692 725 sancta
1724 681 1959 725 Katharina

316 765 394 809 sibi
420 763 644 809 visibiliter
670 778 914 823 apparente.

375 849 637 905 Interrogata
673 849 716 891 in
759 864 842 906 qua
874 861 988 906 parte
1028 850 1160 906 ipsius
1195 862 1350 905 san-ctae
1384 850 1630 895 Katharinae
1663 853 1799 909 tetigit
1827 867 1920 896 eam
1949 870 1958 896 :

318 931 538 991 respondit
563 945 571 974 :
597 949 616 971 «
640 933 730 976 Vos
753 932 805 976 de
831 932 912 976 hoc
935 948 1025 976 non
1058 932 1266 977 habebitis
1299 933 1429 978 aliud.
1463 952 1483 974 »

376 1017 639 1073 Interrogata
678 1030 826 1060 utrum
863 1032 1057 1074 unquam
1096 1017 1283 1061 osculata
1320 1017 1401 1076 fuit
1440 1018 1506 1062 vel
1533 1019 1772 1077 amplexata
1799 1032 1963 1063 sanctas

320 1099 598 1143 Katharinam
636 1099 700 1143 vel
732 1101 1015 1157 Margaretam
1048 1117 1055 1143 :
1094 1100 1315 1158 respondit
1350 1100 1469 1177 quod
1512 1103 1598 1160 ipsa
1634 1102 1870 1159 amplexata
1899 1116 1961 1147 est

321 1182 481 1226 ambas.

380 1268 642 1325 Interrogata
675 1283 727 1311 an
768 1266 980 1311 habebant
1017 1267 1181 1311 bonum
1219 1267 1399 1312 odorem
1428 1285 1436 1311 :
1477 1267 1697 1327 respondit
1729 1267 1848 1327 quod
1883 1268 1966 1313 hoc

323 1352 489 1395 bonum
511 1364 571 1394 est
598 1352 703 1394 scire
723 1351 842 1410 quod
867 1351 1079 1396 habebant
1099 1351 1264 1395 bonum
1289 1351 1485 1396 odorem.

385 1436 647 1492 Interrogata
681 1448 845 1488 utrum,
880 1435 1166 1494 amplexando
1193 1451 1277 1489 eaS,
1304 1435 1512 1480 sentiebat
1545 1436 1635 1479 ibi¹
1677 1436 1863 1480 calorem
1899 1437 1966 1480 Vel

321 1518 563 1577 quidquam
589 1518 705 1562 aliud
733 1536 740 1562 z
774 1518 995 1577 respondit
1024 1518 1142 1578 quod
1181 1535 1268 1562 non
1304 1532 1469 1577 poterat
1504 1519 1733 1577 amplexari
1770 1536 1838 1564 eas
1875 1521 1967 1563 sine

324 1602 551 1646 sentiendo
578 1616 618 1647 et
645 1602 862 1659 tangendo
882 1611 893 1627 ²
924 1604 1047 1661 ipsas.

329 1824 422 1877 qu'il
454 1838 477 1876 y
511 1825 618 1863 avoit
647 1825 742 1863 trois
770 1824 895 1871 croix,
937 1834 973 1862 et
1016 1838 1096 1862 non
1131 1833 1237 1862 autre
1272 1824 1384 1876 signe
1426 1823 1569 1877 qu’elle
1612 1824 1759 1870 saiche,
1807 1826 1970 1877 excepte'

327 1898 474 1945 JHEsus
496 1897 649 1935 MAmA.

384 1969 640 2020 Interroguee
669 1982 769 2020 pour
799 1982 907 2020 quoy
940 1967 1094 2007 c’estoit
1125 1967 1268 2021 qu'elle
1298 1967 1499 2020 regardoit
1530 1967 1773 2006 voulentiers
1797 1967 1854 2006 cel
1885 1967 1973 2006 anel

331 2050 452 2092 quant
471 2039 544 2078 elle
571 2039 682 2078 alloit
713 2052 759 2077 en
795 2039 863 2078 fait
888 2039 935 2078 de
962 2053 1104 2091 guerre
1132 2054 1140 2077 1
1176 2039 1364 2091 respond,
1397 2052 1473 2092 que
1503 2052 1570 2091 par
1599 2038 1798 2092 plaisance
1834 2048 1872 2077 et
1905 2052 1975 2092 par

331 2106 515 2150 l'onneur'
537 2111 585 2149 de
611 2125 682 2149 son
706 2113 797 2163 pere
819 2121 856 2149 et
887 2111 934 2149 de
955 2125 995 2149 sa
1018 2112 1124 2149 mere
1146 2126 1154 2157 ;
1187 2120 1225 2149 et
1252 2110 1342 2152 elle,
1367 2120 1483 2163 ayant
1516 2124 1587 2148 son
1620 2109 1707 2148 anel
1733 2123 1780 2149 en
1807 2124 1846 2148 sa
1867 2111 1972 2149 main

332 2193 369 2222 et
393 2197 440 2222 en
464 2196 535 2221 son
555 2183 650 2235 doy,
675 2197 694 2221 a
718 2183 864 2221 tout-ht<
887 2183 906 2220 a
928 2183 1075 2221 saincte
1097 2183 1310 2221 Katherine
1335 2183 1403 2235 qui
1429 2181 1496 2234 luy
1520 2182 1730 2234 appareist.

389 2256 435 2294 Et
454 2256 704 2307 interroguee
727 2268 775 2293 en
798 2253 928 2307 quelle
959 2255 1082 2307 partie
1105 2254 1151 2292 de
1171 2253 1312 2292 ladicte
1334 2254 1481 2292 saincte
1500 2253 1714 2292 Katherine
1739 2267 1747 2294 :
1767 2253 1937 2305 respond
1962 2268 1972 2294 :

336 2344 354 2362 «
378 2328 489 2365 Vous
512 2326 600 2364 n'en
625 2327 735 2364 aures
757 2335 865 2364 autre
887 2326 1023 2364 chose.
1045 2342 1063 2361 ›>
1951 2363 1953 2365 ,

390 2398 644 2450 interroguee
664 2397 771 2436 s'elle
797 2396 901 2436 baisa
925 2411 977 2435 ou
999 2396 1134 2436 accola
1155 2410 1332 2450 oncques
1354 2397 1522 2435 sainctes
1555 2396 1768 2435 Katherine
1800 2405 1837 2435 et
1869 2397 1974 2434 Mar-

336 2470 489 2522 guerite
508 2484 516 2506 :
541 2469 729 2521 respond,
762 2468 837 2507 elle
859 2468 913 2506 les
932 2482 952 2506 a
971 2467 1103 2507 acolez
1125 2477 1256 2507 toutes
1278 2468 1411 2506 deulx.

391 2541 644 2593 Interrogue'e
670 2554 709 2578 se
732 2540 778 2578 ilz
800 2539 1011 2578 fleuroient
1035 2539 1112 2579 bon
1136 2554 1143 2577 :
1176 2539 1377 2592 respond:
1407 2556 1425 2574 «
1456 2539 1483 2577 ll
1516 2548 1572 2577 est
1601 2538 1679 2577 bon
1708 2539 1728 2576 a
1761 2539 1906 2586 savoir,
1939 2548 1976 2577 et

338 2612 537 2650 sentoient
556 2610 650 2649 bon.
684 2627 701 2646 »

2064 106 2089 151 μὴ,
2040 0 2099 93 ⁴45³}ss

392 2683 648 2733 Interroguee
673 2695 728 2730 se,
750 2695 797 2719 en
820 2681 1029 2727 accollant,
1054 2680 1128 2719 elle
1161 2696 1186 2734 y
1220 2681 1366 2719 sentoit
1387 2681 1502 2733 point
1532 2680 1579 2718 de
1615 2679 1775 2718 chaleur
1797 2692 1849 2717 ou
1871 2689 1979 2718 autre
2044 2723 2046 2725 ¹
2085 2680 2099 2721 st

337 2754 458 2791 chose
481 2767 487 2790 :
516 2753 688 2806 respond
711 2753 853 2805 qu’elle
876 2766 924 2791 ne
942 2753 998 2791 les
1021 2753 1159 2805 povoit
1174 2753 1286 2805 point
1303 2751 1472 2791 accoller
1493 2765 1581 2790 sans
1605 2751 1661 2790 les
1685 2751 1806 2789 sentir
1827 2760 1865 2789 et
1891 2760 1979 2789 tou-

341 2825 448 2862 cher.

397 3071 425 3093 1.
457 3059 488 3102 Q
513 3067 611 3092 omet
632 3058 694 3094 ibi.
723 3079 768 3083 —
790 3069 823 3092 2.
848 3058 875 3091 B
902 3069 913 3092 .·
937 3057 1118 3100 tangendo>
