2099 3356
311 206 400 252 402
594 190 752 235 1³Rocizs
790 203 847 233 DE
877 201 1228 233 CONDAMNATION
1262 201 1320 231 DE
1349 201 1515 244 JEANNE
1547 187 1677 232 D’ARc

1067 351 1158 407 [114
1183 363 1192 380 1

310 479 519 522 SEQUITUR
529 486 661 514 TENOR
674 485 922 513 LITTERARUM
935 484 1039 516 QUAS
1052 484 1230 512 DOMINUS
1242 483 1393 512 NOSTER
1407 474 1492 513 REX
1510 475 1955 521 SCRIPSITIMPERATOR1‚

364 551 552 595 REGIBUS,
577 548 758 586 DUCIBUS
782 556 830 584 ET
850 557 948 584 ALIIS
970 556 1212 585 PRINCIPIBUS
1229 556 1374 584 TOTIUS
1395 557 1751 585 CHRISTIANITATIS.

362 671 620 727 Imperatoria
638 680 765 710 vestra
789 669 1001 717 celsitudo,
1029 683 1094 709 rex
1107 670 1359 709 serenissime
1387 679 1424 709 et
1448 668 1564 710 frater
1591 679 1725 710 noster
1748 671 1950 724 praecaris-

307 746 406 784 sime
431 754 460 794 ²,
493 743 762 783 zelantissimo
790 741 932 781 affectu
961 742 1158 781 honorem
1189 740 1397 781 catholicae
1424 740 1576 781 fideiret
1606 742 1783 782 nominis
1806 742 1952 783 Christi

305 817 475 870 gloriam
501 815 640 854 sedulo
672 806 886 867 efflagitare
917 823 1122 867 comperta
1149 823 1232 861 est;
1263 815 1374 866 cujus
1408 812 1542 853 inclita
1573 814 1701 853 studia
1731 824 1768 854 et
1799 815 1950 854 strenui
1982 829 1991 837 ·

304 888 458 927 labores
484 887 522 925 in
545 886 762 926 tuitionem
790 884 931 938 populi
962 884 1090 923 fidelis
1115 894 1152 924 et
1173 884 1481 937 malignantium
1503 885 1783 924 liaereticorum
1813 898 1948 939 oppu-

304 960 538 1014 gnationem
563 957 719 997 assidue
754 965 983 1005 versantur;
1016 957 1250 1010 ingentique
1269 957 1418 1009 gaudio
1446 957 1564 995 vestri
1585 957 1783 996 exsultant
1803 957 1944 1006 animi,

305 1031 492 1084 quotiens
515 1029 699 1068 exaltatio
724 1037 984 1067 sacrosanctae
1015 1027 1107 1066 fidei
1151 1037 1188 1066 et
1222 1027 1495 1080 pestilentium
1528 1042 1708 1067 errorum
1740 1029 1950 1082 oppressio

303 1103 519 1142 audiuntur
541 1102 579 1140 in
602 1101 729 1140 terris.
756 1101 860 1146 Quae
882 1114 941 1138 res
962 1114 1034 1138 nos
1053 1100 1276 1138 commovit
1296 1108 1338 1138 ut
1353 1109 1529 1139 recenter
1550 1100 1755 1153 cujusdam
1771 1114 1947 1140 erronea:

304 1173 560 1221 divinatricis,
588 1173 626 1211 in
644 1186 768 1225 regno
795 1181 932 1210 nostro
956 1172 1196 1210 Francorum
1216 1184 1235 1209 a
1256 1172 1390 1224 paucis
1412 1180 1551 1211 erectae
1573 1170 1838 1225 temporibus,
1866 1172 1948 1225 jus-

304 1255 381 1284 tam
402 1258 474 1298 pro
497 1244 577 1283 suis
599 1242 802 1283 demeritis
822 1243 1074 1296 punitionem
1104 1251 1242 1282 vestrae
1268 1243 1465 1282 serenitati
1488 1242 1837 1296 perscriberemus.

357 1319 614 1356 Assurexerat
634 1315 821 1368 equidem
845 1315 990 1354 mulier
1009 1315 1119 1353 mirae
1134 1315 1474 1368 praesumptionis,
1496 1327 1615 1368 quam
1632 1314 1776 1368 vulgus
1800 1324 1810 1349 3
1832 1314 1949 1354 Puel-

303 1388 382 1428 lam
401 1388 639 1442 appellabat,
665 1387 852 1426 adversus
874 1387 1095 1425 decentiam
1119 1396 1268 1426 natura:
1287 1386 1465 1426 habitum
1486 1387 1622 1426 sortita
1637 1385 1807 1435 virilem,
1830 1387 1948 1427 armis

305 1461 442 1500 induta
464 1459 713 1507 militaribus,
740 1472 828 1512 quae
851 1458 1131 1511 congressibus
1153 1457 1304 1497 bellicis
1327 1459 1450 1497 varias
1475 1458 1690 1497 hominum
1716 1468 1863 1512 strages
1887 1459 1948 1498 di-

304 1545 493 1585 versaque
519 1530 661 1584 proelia
683 1531 849 1569 miscere
868 1538 880 1561 -ῑ
908 1544 1001 1568 ausa
1028 1539 1099 1568 est.
1127 1529 1228 1568 Illuc
1251 1543 1411 1583 quoque
1442 1531 1566 1569 evasit
1590 1544 1659 1569 sua
1684 1531 1946 1584 praesumptio

304 1614 346 1642 ut
369 1618 407 1642 se
429 1617 449 1642 a
474 1605 558 1642 Deo
584 1603 744 1641 missam
762 1616 834 1655 pro
857 1602 1140 1640 certaminibus
1162 1600 1401 1654 proeliorum
1418 1601 1619 1655 gerendis,
1640 1611 1678 1641 et
1700 1602 1944 1651 Michaelem,

304 1674 546 1721 Gabrielem,
570 1683 885 1727 caeterorumque
904 1672 1140 1726 angelorum
1167 1672 1468 1712 multitudinem
1497 1673 1720 1726 copiosam,
1748 1687 1827 1717 una
1848 1687 1940 1713 cum

303 1747 447 1785 sanctis
466 1745 688 1798 virginibus
715 1744 925 1783 Katharina
946 1753 983 1783 et
1007 1744 1242 1795 Margareta,
1267 1743 1339 1782 sibi
1367 1743 1576 1783 visibiliter
1606 1744 1833 1798 apparuisse
1865 1745 1945 1798 Jac—

301 1827 411 1857 taret.
441 1819 552 1865 Haec,
579 1830 646 1870 per
666 1829 818 1855 annum
842 1816 966 1855 ferme
984 1815 1201 1868 integrum,
1226 1814 1325 1854 latos
1346 1815 1521 1868 populos
1546 1815 1699 1855 seduxit
1722 1816 1773 1855 ita
1795 1825 1838 1855 ut
1860 1829 1940 1855 ma—

299 1903 378 1942 gna
403 1902 489 1942 pars
514 1889 746 1937 hominum,
772 1902 793 1927 a
816 1888 977 1927 veritate
1001 1887 1183 1926 auditum
1209 1896 1403 1934 avertens,
1427 1887 1474 1926 ad
1493 1885 1643 1926 fabulas
1666 1889 1743 1940 jam
1768 1900 1940 1927 conver-

299 1971 460 2009 teretur,
493 1974 589 2014 quas
617 1961 664 1999 de
695 1961 815 2012 gestis
840 1959 1127 2012 superstitiosa:
1152 1958 1332 1997 mulieris
1366 1959 1482 2011 hujus
1512 1958 1591 1998 fere
1614 1973 1681 2012 per
1706 1960 1937 1998 universum

300 2032 437 2071 orbem
464 2045 601 2070 rumor
624 2030 797 2083 vulgaris
823 2029 1022 2069 efferebat.
1047 2029 1226 2068 Tandem
1249 2029 1381 2068 divina
1399 2029 1625 2078 clementia,
1654 2031 1835 2070 miserata
1855 2030 1938 2084 ple-

300 2103 356 2142 bis
378 2116 473 2151 suae,
497 2115 616 2155 quam
648 2102 686 2140 in
712 2115 832 2140 novas
854 2110 891 2140 et
911 2099 1130 2139 admodum
1154 2099 1397 2154 periculosas
1430 2101 1682 2140 credulitates
1707 2101 1846 2141 leviter
1870 2102 1935 2140 ni-

299 2175 424 2213 mium
439 2174 590 2212 moveri
610 2172 892 2226 prospiciebat,
909 2173 1158 2226 priusquam,
1174 2172 1204 2210 si
1221 2172 1382 2224 spiritus
1399 2171 1463 2211 ille
1480 2185 1528 2211 ex
1544 2173 1628 2212 Deo
1641 2182 1744 2211 esset
1766 2178 1794 2221 5,
1810 2171 1931 2212 habe-

298 2255 403 2285 retur
426 2245 746 2298 comprobatum,
775 2245 975 2297 praetatam
998 2243 1273 2282 mulierculam
1294 2244 1332 2282 in
1351 2252 1504 2282 nostras
1521 2257 1660 2283 manus
1681 2254 1936 2298 nostramque

297 2317 492 2356 ditionem
526 2316 725 2370 perduxit.
751 2316 995 2368 Quanquam
1022 2327 1117 2353 vero
1143 2324 1318 2353 nostram
1342 2325 1501 2368 gentem
1533 2314 1716 2368 plurimis
1740 2314 1935 2354 affecisset

297 2389 471 2442 jacturis,
496 2387 773 2441 permultaque
798 2387 943 2425 nostris
966 2387 1098 2439 regnis
1120 2386 1379 2425 incommoda
1397 2385 1566 2433 tulisset,
1585 2396 1774 2439 etgraves
1790 2399 1935 2439 poenas

297 2459 404 2499 illico
426 2459 473 2498 ab
498 2459 635 2498 eadem
666 2471 878 2511 exposcere
902 2457 1052 2505 liceret,
1081 2470 1329 2510 nequaquam
1351 2467 1483 2496 tamen
1509 2457 1586 2496 hoc
1613 2466 1727 2510 pacto
1750 2458 1934 2510 injuriam

297 2531 432 2570 ulcisci
458 2530 531 2569 fuit
555 2531 727 2578 animus,
751 2539 816 2568 aut
834 2528 1013 2568 saeculari
1039 2528 1187 2580 judicio
1214 2529 1338 2581 ipsam
1365 2529 1560 2567 continuo
1580 2529 1731 2568 tradere
1761 2529 1936 2582 punien-

295 2601 398 2641 dam.
425 2601 616 2655 Requisiti
639 2614 782 2653 nempe
807 2614 946 2640 sumus
969 2614 1037 2652 per
1061 2600 1373 2638 ecclesiasticum
1394 2599 1603 2652 praesulem
1626 2601 1665 2639 in
1691 2601 1802 2652 cujus
1824 2601 1934 2639 dioe-

294 2675 371 2713 cesi
395 2673 640 2726 deprehensa
659 2671 783 2711 fuerat
804 2681 846 2710 ut
867 2685 953 2710 eam
975 2670 1240 2723 jurisdictioni
1267 2671 1454 2710 Ecclesiae
1471 2671 1726 2710 redderemus
1751 2671 1933 2724 judican-

294 2744 399 2793 dam,
418 2744 608 2797 quoniam
626 2743 812 2783 adversus
834 2743 953 2782 fidem
978 2742 1241 2782 orthodoxam
1260 2752 1297 2782 et
1315 2742 1571 2782 christianam
1590 2742 1827 2796 religionem
1847 2756 1934 2796 gra-

293 2816 357 2854 via
371 2825 407 2854 et
427 2815 658 2854 scandalosa
678 2815 845 2854 crimina
867 2824 1038 2867 patrasse
1062 2813 1273 2854 ferebatur.
1299 2815 1384 2853 Nos
1414 2827 1592 2868 quoque,
1621 2814 1729 2853 velut
1753 2814 1931 2853 christia—

344 2998 372 3022 1.
393 2987 483 3022 AC:
503 2987 638 3033 placent
659 2987 699 3021 ici
729 2986 761 3021 la
789 2989 951 3021 revocatio
968 2989 1096 3033 fratris
1128 2988 1222 3021 Petri
1250 2988 1407 3034 Bosquz'er·
1435 2987 1484 3032 (C
1510 2995 1607 3022 omet
1636 2987 1810 3033 Bosquier)
1837 2996 1870 3022 et
1899 2989 1932 3022 la

291 3047 452 3080 sententia
473 3046 612 3092 ejusdem
633 3047 782 3091 religiosi
800 3047 859 3092 qui
881 3047 1050 3081 viennent
1067 3047 1213 3092 ci-apres
1231 3059 1264 3093 p.
1287 3047 1356 3089 408
1377 3054 1410 3082 et
1431 3055 1511 3092 409.
1525 3067 1571 3071 —
1590 3057 1621 3081 2.
1638 3045 1706 3081 AC
1719 3058 1730 3080 .·
1747 3046 1928 3081 carissime.

294 3124 339 3129 —
371 3106 441 3150 3.C
465 3117 475 3139 :
496 3105 606 3150 vulgo.
630 3127 673 3130 —
701 3116 735 3147 4.
758 3105 784 3138 B
810 3117 821 3139 .·
844 3107 987 3140 misccm.
1012 3127 1055 3130 —
1083 3116 1112 3149 5.
1137 3106 1284 3149 Qomet
1303 3110 1391 3141 esset.
