2099 3356
325 199 407 240 300
603 184 762 227 ΡΚΟΕῘΞΞ
796 198 851 226 DE
883 197 1235 227 CONDAMNATION
1271 198 1327 227 DE
1359 200 1525 241 JEANNE
1558 185 1684 230 D'ARC

319 297 488 336 rationes
523 305 675 334 nostras
700 295 738 333 id
778 296 959 347 scriptis;
1000 295 1258 334 deliberando
1276 297 1432 340 scilicet
1471 307 1601 336 utrum
1633 309 1886 346 assertioneS,
1919 301 1956 339 in

317 369 432 407 certis
463 368 648 412 articulis,
690 367 900 419 quamdam
927 366 1135 406 foeminam
1167 369 1439 421 tangentibus,
1477 369 1593 408 nobis
1632 371 1749 408 etiam
1780 384 1825 410 ex
1852 381 1958 424 parte

317 440 436 478 vestri
460 439 554 477 alias
575 438 830 486 transmissis,
845 448 1060 487 annotatae,
1083 440 1161 478 sint
1185 449 1324 479 contra
1342 440 1462 480 fidem
1478 441 1745 480 orthodoxam
1767 452 1832 481 aut
1851 443 1890 481 in
1915 456 1958 482 ea

316 520 526 563 suspectae,
556 519 649 556 etc.,
677 519 794 562 prout
828 510 868 548 in
892 510 997 549 dicta
1035 510 1225 550 schedula
1247 519 1256 536 ¹
1296 510 1411 550 latius
1433 513 1681 561 continetur3
1720 513 1811 552 licet
1846 513 1955 563 alias,

317 596 386 635 per
408 596 479 620 vos
521 581 714 634 requisiti,
750 581 976 620 dederimus
1016 582 1054 620 in
1093 583 1246 635 scriptis
1280 584 1585 636 responsionem
1621 594 1811 633 nostram,
1838 586 1955 625 etiarn

317 653 388 692 sub
419 653 584 705 signetis
618 653 777 701 nostris,
818 662 862 692 ut
889 662 996 692 totus
1024 667 1232 706 processus
1266 668 1511 694 concernens
1550 655 1695 695 dictam
1730 657 1955 706 mulierem,

317 725 582 763 remitteretur
603 725 716 763 matri
733 726 858 764 nostri
885 725 1141 764 Universitati
1162 726 1386 774 Parisiensi,
1404 728 1517 780 cujus
1536 728 1773 780 opinionem
1801 742 1958 782 semper

317 797 473 849 insequi
497 796 810 835 desideravimus
834 797 1022 844 maxime,
1058 798 1096 835 in
1122 807 1199 835 tam
1226 798 1349 836 arduo
1375 799 1563 851 negotio,
1599 813 1676 852 qua
1696 801 1958 852 responsione

318 881 399 906 non
424 868 618 915 contenti,
649 881 718 921 per
740 881 811 906 vos
835 869 972 907 iterato
995 869 1188 922 requisiti,
1215 879 1258 907 ut
1278 869 1498 922 praefertur,
1519 871 1704 923 primitus
1737 885 1825 919 nos,
1855 872 1959 911 dicta

316 949 450 978 nostra
474 938 747 978 submittendo
766 940 1090 979 determinationi
1112 950 1256 980 sanctae
1278 942 1469 981 Romanae
1491 942 1680 981 Ecclesiae
1708 956 1753 982 ac
1785 942 1957 982 Concilii

315 1011 527 1063 generalis,
552 1011 780 1050 reducendo
806 1011 953 1051 factum
983 1012 1096 1051 dictae
1134 1012 1311 1051 mulieris
1334 1013 1380 1051 ad
1402 1023 1573 1067 quatuor
1609 1028 1616 1052 :
1659 1015 1715 1052 ET
1746 1027 1882 1063 PRIMO,
1909 1015 1954 1054 ad

314 1082 625 1122 submissionem
648 1083 836 1122 Ecclesiae
863 1083 1083 1131 militantis,
1110 1085 1279 1123 dicimus
1314 1085 1421 1138 quod
1447 1095 1657 1124 moneatur
1687 1087 1788 1125 dicta
1813 1086 1958 1125 mulier

314 1155 528 1204 caritative,
566 1155 683 1194 etiam
709 1155 834 1208 palam
871 1165 908 1194 et
942 1155 1118 1208 publice,
1147 1156 1278 1195 eidem
1317 1157 1558 1210 exponendo
1596 1157 1791 1210 pericula3
1830 1168 1868 1197 et
1906 1159 1953 1205 si,

314 1227 466 1265 monita
488 1226 680 1279 legitime,
704 1228 741 1265 in
768 1227 917 1266 malitia
942 1238 1180 1280 perseveret,
1207 1238 1390 1267 censetur
1414 1238 1595 1282 suspecta
1614 1230 1654 1267 in
1678 1228 1770 1268 fide.
1799 1230 1956 1275 Quom>

314 1298 576 1337 revelationes
601 1298 674 1337 sibi
697 1299 815 1338 factas
837 1308 875 1337 et
899 1300 1016 1338 etiam
1039 1299 1281 1339 delationem
1306 1299 1478 1348 habitus,
1506 1314 1601 1354 quas
1632 1300 1726 1340 dicit
1748 1315 1788 1340 se
1812 1301 1956 1341 habere

314 1384 332 1408 a
366 1372 465 1417 Deo,
491 1370 606 1409 nobis
644 1384 724 1409 non
750 1371 903 1410 videtur
934 1372 1060 1424 prima
1087 1371 1185 1410 facie
1222 1373 1256 1410 ei
1280 1372 1541 1411 insistendum
1567 1372 1626 1411 vel
1646 1381 1659 1398 ²
1694 1373 1952 1421 credendum,

314 1455 385 1480 nec
417 1441 513 1480 fides
535 1441 727 1489 adhiberi,
755 1456 845 1481 cum
885 1457 964 1482 non
989 1454 1174 1497 appareat
1205 1444 1252 1482 de
1286 1445 1490 1483 sanctitate
1513 1445 1602 1483 vitae
1641 1454 1707 1483 aut
1737 1444 1951 1484 miraculis.

315 1513 469 1558 Quom
493 1523 694 1567 quartum,
715 1514 822 1567 quod
849 1528 930 1553 non
953 1516 1001 1553 sit
1022 1516 1060 1553 in
1080 1526 1243 1568 peccato
1266 1515 1440 1562 mortali,
1471 1515 1580 1554 solus
1603 1517 1710 1554 Deus
1732 1517 1859 1563 novit,
1886 1517 1953 1569 qui

313 1594 508 1624 scrutatur
528 1586 646 1624 corda
667 1586 902 1635 hominum3
930 1596 967 1625 et
988 1600 1080 1626 cum
1102 1587 1188 1626 haec
1210 1588 1288 1625 sint
1313 1587 1426 1626 nobis
1461 1588 1598 1640 ignota
1616 1589 1683 1641 qui
1722 1588 1768 1626 de
1789 1587 1954 1627 occultis

314 1670 394 1694 non
438 1657 630 1696 habemus
663 1658 851 1709 judicare,
889 1660 1059 1698 maxime
1092 1673 1182 1697 cum
1228 1672 1306 1697 non
1349 1672 1506 1712 semper
1542 1660 1581 1697 in
1620 1660 1802 1698 examine
1839 1660 1954 1699 dictae

313 1727 491 1766 foeminae
517 1739 730 1781 praesentes
767 1731 974 1776 iuerimus,
1009 1731 1056 1769 de
1094 1730 1388 1783 qualificatione
1423 1730 1599 1769 ulteriori
1634 1744 1707 1769 nos
1747 1730 1954 1770 referimus

313 1800 487 1838 dominis
518 1801 718 1853 theologis
739 1808 765 1838 3.
790 1802 975 1847 'I'estibus
1000 1803 1162 1854 signetis
1188 1803 1332 1841 nostris
1373 1803 1466 1840 huic
1497 1803 1681 1855 praesenti
1713 1802 1913 1841 schedulae
1936 1811 1951 1834 4

312 1873 518 1924 appositis,
556 1873 618 1910 die
643 1872 845 1911 dominica
870 1886 979 1919 xxix,
1014 1874 1164 1925 aprilis,
1199 1887 1305 1912 anno
1347 1874 1511 1912 Domini
1547 1873 1763 1912 millesimo
1789 1874 1943 1913 CCCC.

314 1944 462 1982 XXXI.
503 1961 521 1979 »
559 1945 620 1982 Sic
662 1945 892 1995 signatumi
925 1959 931 1982 :
980 1961 998 1981 «
1035 1946 1088 1984 N.
1122 1958 1171 1984 DE
1203 1946 1431 1984 GEMETmis.
1469 1946 1517 1984 G.
1555 1958 1669 1985 ABBAs
1705 1958 1754 1984 DE
1792 1946 1950 1984 CoRME—

314 2028 383 2053 1.11s
403 2016 432 2053 ⁶.
463 2032 481 2049 »

314 2184 519 2222 MAGISTER
552 2186 798 2224 Ram-mnus
826 2186 1045 2223 Rovssmn
1070 2195 1097 2231 7,
1118 2198 1346 2228 UTRIUSQUE
1374 2198 1481 2233 JURIS
1513 2197 1689 2231 noc‘rOR,
1722 2197 1950 2224 THESAURA-

367 2268 455 2294 Rits
485 2268 676 2295 ECCLESLF.
696 2258 1050 2303 ROTHOMAGENSIS,
1073 2269 1331 2295 DELIBERAVIT
1363 2269 1402 2295 m
1435 2268 1580 2296 mooun
1612 2269 1683 2300 Qui
1715 2269 1914 2300 sEQmTcR
1939 2270 1946 2294 :

368 2379 386 2397 «
402 2363 632 2402 Revercnde
656 2364 693 2401 in
718 2364 877 2402 Christo
892 2373 1000 2416 pater
1017 2373 1054 2402 et
1076 2363 1240 2402 domine
1266 2364 1318 2401 mi
1340 2363 1682 2410 metuendissime,
1710 2373 1746 2402 et
1767 2377 1855 2411 vos,
1878 2363 1947 2402 do-

312 2434 417 2472 minc
440 2444 475 2472 et
501 2435 686 2487 magister
711 2444 844 2473 noster
869 2435 1118 2481 honorande,
1137 2436 1235 2473 scire
1260 2434 1474 2487 dignentur
1492 2435 1787 2473 dominationes
1809 2444 1948 2473 vestrae

313 2505 435 2557 quod,
465 2505 565 2543 ultra
601 2506 636 2543 id
676 2507 783 2558 quod
816 2506 928 2544 vobis
954 2507 991 2544 in
1028 2507 1182 2558 scriptis
1207 2506 1281 2557 jam
1317 2506 1474 2552 tradidi,
1511 2507 1704 2544 nescirem
1730 2506 1826 2559 quid
1857 2505 1948 2558 plus

312 2576 454 2625 dicere,
485 2578 557 2615 nisi
581 2578 685 2629 quod
721 2590 795 2629 ego
818 2578 936 2616 credo
962 2578 1069 2630 quod
1099 2577 1176 2616 illae
1199 2578 1436 2616 assertiones
1464 2587 1555 2616 sunt
1586 2576 1708 2624 falsae,
1743 2578 1945 2616 mendosae

311 2657 347 2686 et
371 2658 481 2686 caute
512 2658 674 2701 repertae
700 2662 768 2701 per
793 2650 916 2701 ipsam
950 2648 1156 2687 mulierem
1190 2658 1227 2687 et
1256 2648 1476 2700 complices
1507 2662 1616 2696 suos,
1648 2662 1719 2700 pro
1746 2649 1946 2687 veniendo

310 2719 356 2756 ad
380 2719 477 2758 fines
504 2734 611 2766 suoS,
640 2733 710 2773 pro
733 2731 840 2773 parte
860 2734 942 2758 sua.
970 2721 1015 2758 Et
1037 2721 1084 2758 de
1114 2720 1298 2772 ampliori
1325 2719 1621 2773 qualificatione
1646 2734 1781 2759 earum
1800 2734 1946 2774 propo-

310 2791 518 2838 sitionum,
552 2805 614 2830 me
636 2791 760 2829 refero
785 2791 831 2829 ad
854 2791 1041 2830 dominos
1062 2791 1274 2843 theologos
1299 2805 1469 2844 quorum
1498 2791 1783 2844 qualificationi
1813 2792 1947 2830 adhae-

362 2980 391 3002 1.
416 2968 514 3003 ΑΒΕ
537 2981 547 3002 .·
570 2969 709 3003 scedula.
734 2990 781 2994 —
804 2980 837 3004 2.
868 2969 898 3004 C
922 2982 931 3003 :
952 2981 1017 3004 nes.
1039 2990 1083 2994 —
1120 2981 1148 3015 3.
1176 2970 1208 3014 Q
1240 2982 1249 3002 :
1276 2969 1452 3015 theologiae.
1486 2991 1528 2994 —
1561 2980 1594 3012 4.
1613 2970 1644 3003 A
1670 2969 1856 3010 :scedulae;
1884 2970 1942 3004 B:

307 3028 445 3067 cedular,·
467 3027 495 3061 C
523 3040 532 3060 ,·
556 3027 685 3062 sedula.
710 3050 752 3072 ,-
782 3039 810 3072 5.
835 3031 864 3062 A
891 3041 901 3062 :
922 3029 1071 3074 Signate.
1102 3051 1139 3053 —
1172 3028 1204 3063 6.
1227 3030 1257 3062 Α
1282 3043 1290 3063 ,·
1311 3029 1353 3063 G.
1375 3029 1452 3062 ablre'
1469 3028 1505 3062 dp
1523 3029 1712 3063 Cormelles.
1731 3050 1777 3054 —-
1796 3040 1828 3074 7.
1849 3028 1945 3063 ΑΒΕ

310 3098 353 3120 cn
376 3098 495 3129 marge
516 3099 521 3120 z
546 3087 733 3133 Radzzlplms
754 3088 927 3124 Romselli,
