2099 3356
331 186 410 228 188
604 185 760 228 pRoclzs
792 199 849 227 DE
880 199 1233 230 CONDAMNATION
1266 200 1322 229 DE
1353 201 1524 242 JEANNE
1556 187 1687 231 D'ARC

382 299 507 351 Item,
533 310 746 356 quantum
770 297 821 342 ad
845 297 1066 342 residuum
1087 284 1271 353 articuli,
1301 298 1352 344 de
1372 300 1571 358 sequela:
1603 299 1831 358 respondet
1846 301 1965 359 quod

324 382 555 427 confitetur
575 398 618 425 se
646 381 753 425 bene
779 381 908 425 fuisse
928 383 1142 425 monitam
1162 382 1213 426 de
1228 382 1437 441 capiendo
1457 383 1655 427 habitum
1681 383 1963 439 muliebrem3

323 479 535 525 quantum
556 480 659 508 vero
687 463 738 508 ad
765 466 1087 509 irreverentiam
1108 479 1149 509 et
1176 466 1278 510 alias
1299 467 1506 525 sequelas‚
1538 480 1681 525 negat.

384 550 509 601 irem,
532 547 601 592 die
628 549 752 605 jovis,
776 562 851 592 xv.
881 549 1039 602 martii,
1063 550 1319 607 interrogata
1345 549 1465 608 quod
1493 550 1770 609 praeeligeret,
1807 551 1965 596 scilicet

325 647 469 689 capere
498 631 692 675 habitum
724 631 981 675 muliebrem
1006 644 1047 675 et
1066 631 1214 676 audire
1245 634 1436 688 missam,
1461 633 1526 677 vel
1550 649 1721 678 manere
1738 636 1783 677 in
1814 633 1964 678 habitu

326 716 404 758 viri
426 729 466 758 et
488 731 577 759 non
592 713 739 758 audire
757 716 930 758 missam
955 732 963 758 :
988 715 1234 774 respondit:
1268 734 1288 756 «
1315 716 1699 761 Certificetis'mihi
1718 717 1770 762 de
1785 717 1967 762 audien-

324 802 381 845 do
409 802 599 855 missam,
638 802 671 844 si
692 803 773 845 sim
800 803 844 844 in
867 801 1013 845 habitu
1049 801 1248 846 muliebri
1273 821 1282 856 ;
1331 816 1373 847 et
1414 819 1541 862 super
1568 803 1649 848 hoc
1696 803 1966 863 respondebo

324 885 460 929 vobis.
492 903 511 925 »
542 884 608 929 Ad
636 884 754 943 quod
782 885 863 928 fuit
890 885 968 929 sibi
997 885 1161 929 dictum
1190 902 1263 944 per
1283 888 1623 945 interrogantem
1645 887 1762 946 quod
1783 904 1879 932 eam
1914 886 1967 932 de

325 969 404 1012 hoc
433 967 702 1012 certificabat.
728 969 855 1012 Tunc
882 970 968 1027 ipsa
988 969 1187 1025 Johanna
1206 970 1423 1028 respondit
1444 983 1452 1014 ;
1483 988 1502 1010 <<
1526 971 1647 1024 Quid
1669 971 1816 1015 dicetis
1835 988 1911 1015 vos
1936 980 1964 1022 ¹,

323 1053 355 1095 si
381 1068 460 1109 ego
481 1053 616 1107 juravi
639 1065 680 1096 et
702 1053 881 1110 promisi
911 1066 1059 1096 nostro
1082 1055 1167 1110 regi
1203 1070 1292 1096 non
1317 1053 1534 1112 deponere
1571 1056 1701 1098 istum
1737 1054 1968 1098 habitum?

325 1135 637 1179 Verumtamen
663 1151 743 1192 ego
763 1134 1001 1194 respondeo
1028 1135 1150 1179 vobis
1174 1153 1182 1179 ι
1233 1136 1396 1180 faciatis
1423 1137 1531 1181 mihi
1560 1137 1650 1181 fieri
1694 1153 1829 1181 unam
1868 1153 1965 1181 ves-

325 1232 410 1262 tem
434 1219 608 1276 longam
635 1235 772 1278 usque
798 1219 849 1263 ad
874 1232 1046 1273 terram,
1074 1220 1166 1264 sine
1193 1219 1341 1274 cauda,
1371 1233 1412 1264 et
1440 1236 1534 1264 eam
1562 1220 1734 1265 tradatis
1763 1221 1870 1265 mihi
1913 1220 1964 1266 ad

324 1301 519 1346 eundum
538 1301 588 1346 ad
611 1303 810 1356 missam;
848 1316 887 1346 et
922 1316 1082 1360 postea,
1113 1305 1155 1346 in
1182 1319 1386 1361 regressu,
1425 1320 1505 1361 ego
1533 1320 1747 1348 resumam
1768 1304 1966 1349 habitum

323 1401 452 1443 quem
484 1385 639 1429 habeo.
674 1403 694 1425 »
724 1412 781 1416 —
801 1387 963 1430 Iterum
989 1388 1244 1444 interrogata
1264 1386 1315 1430 de
1330 1386 1576 1445 accipiendo
1599 1387 1795 1431 habitum
1815 1388 1966 1432 mulie-

325 1468 443 1511 brem
477 1485 525 1512 ex
550 1482 659 1522 toto,
689 1485 765 1526 pro
786 1469 932 1513 eundo
959 1469 1155 1514 auditum
1176 1471 1377 1514 missam:
1406 1470 1653 1528 respondit:
1683 1490 1702 1512 «
1731 1472 1820 1529 Ego
1843 1470 1967 1514 habe—

327 1551 380 1595 bo
407 1552 639 1597 consilium
672 1569 800 1611 super
825 1553 921 1607 hoc,
950 1566 991 1597 et
1018 1566 1162 1611 postea
1189 1553 1458 1611 respondebo
1485 1553 1623 1598 vobis.
1655 1571 1674 1594 »
1705 1554 1755 1598 Et
1785 1554 1968 1598 ulterius

327 1637 567 1693 requisivit,
611 1636 844 1680 inhonore
884 1638 962 1680 Dei
1003 1651 1043 1680 et
1082 1638 1251 1681 Nostrae
1280 1638 1499 1690 Dominae,
1542 1637 1660 1695 quod
1703 1639 1790 1696 ipsa
1820 1652 1963 1696 posset

326 1718 470 1762 audire
493 1721 668 1763 missam
695 1722 735 1763 in
772 1721 850 1763 ista
881 1720 992 1764 bona
1014 1721 1127 1763 villa.
1152 1719 1218 1764 Ad
1261 1720 1379 1778 quod
1408 1720 1489 1765 fuit
1518 1721 1597 1764 sibi
1628 1719 1794 1765 dictum
1844 1720 1962 1780 quod

328 1803 413 1859 ipsa
440 1816 605 1860 caperet
625 1803 821 1846 habitum
852 1803 1109 1848 muliebrem
1137 1804 1389 1862 simpliciter
1412 1816 1454 1848 et
1481 1805 1692 1848 absolute.
1724 1806 1774 1848 Et
1803 1804 1855 1848 ad
1881 1805 1963 1848 hoc

328 1887 413 1943 ipsa
433 1886 630 1942 Jolianna
654 1886 872 1944 respondit
892 1905 898 1930 :
927 1904 946 1927 c<
972 1887 1169 1931 Tradatis
1197 1887 1305 1930 mihi
1327 1887 1522 1931 habitum
1549 1887 1600 1932 ad
1622 1887 1807 1932 modum
1835 1890 1965 1932 unius

326 1969 423 2012 filiae
451 1969 688 2025 burgensis,
734 1970 891 2014 scilicet
918 1987 1051 2014 unam
1091 1970 1409 2027 houpelandam
1434 1979 1447 1996 ²
1479 1971 1654 2029 longam
1691 1984 1731 2014 et
1770 1971 1966 2014 similiter

326 2054 552 2110 capucium
597 2053 820 2107 muliebre,
859 2067 899 2097 et
925 2056 1011 2112 ipsa
1049 2055 1253 2111 accipiam
1297 2070 1373 2112 pro
1407 2053 1625 2098 audiendo
1652 2056 1883 2098 missam.»
1916 2055 1967 2098 Et

325 2137 498 2193 insuper
518 2138 748 2180 instantius
769 2153 899 2195 quem
924 2150 1106 2196 poterat,
1135 2150 1239 2181 tunc
1265 2139 1489 2196 requisivit
1510 2137 1628 2196 quod
1668 2137 1960 2182 dimitteretur

327 2222 363 2263 ei
380 2218 450 2263 ille
481 2219 649 2263 habitus
676 2236 807 2278 quem
826 2220 1056 2273 deferebat,
1077 2233 1117 2264 et
1137 2219 1254 2278 quod
1284 2222 1604 2278 permitteretur
1621 2223 1659 2265 ei
1681 2221 1829 2265 audire
1860 2222 1965 2264 mis-

328 2319 433 2352 sam,
462 2303 621 2361 absque
650 2305 908 2348 mutatione.

388 2387 512 2438 Item,
546 2386 706 2430 sabbati
735 2401 838 2430 xvil.
881 2388 1036 2434 martii,
1072 2389 1331 2444 interrogata
1356 2386 1461 2446 quid
1482 2386 1648 2431 dicebat
1672 2389 1759 2445 ipsa
1796 2386 1847 2431 ad
1873 2387 1967 2432 dic—

329 2483 421 2512 tum
451 2469 645 2513 habitum
674 2469 928 2514 muliebrem
952 2472 1025 2529 qui
1049 2471 1127 2514 sibi
1153 2470 1422 2523 offerebatur,
1449 2484 1498 2514 ut
1523 2484 1663 2529 posset
1689 2470 1837 2515 audire
1861 2472 1966 2514 mis-

327 2568 416 2595 sam
461 2553 730 2610 :respondit,
769 2567 980 2612 quantum
1018 2553 1068 2597 ad
1119 2554 1314 2598 habitum
1360 2554 1634 2607 muliebrem,
1674 2571 1762 2598 non
1802 2567 1967 2612 caperet

384 2730 476 2767 Item
500 2730 570 2775 dit,
606 2740 727 2783 quant
755 2745 802 2768 au
837 2731 967 2769 re'sidu
1007 2732 1052 2781 de
1079 2731 1239 2770 l'article
1265 2732 1311 2769 de
1333 2731 1368 2770 la
1392 2730 1566 2784 sequelle
1589 2745 1596 2769 :
1619 2731 1790 2784 respond
1822 2731 1966 2784 qu’elle

332 2799 511 2838 confesse
537 2800 626 2839 bien
650 2802 762 2840 avoir
785 2803 865 2840 este'
887 2803 1145 2841 amonneste'e
1168 2802 1215 2840 de
1238 2802 1404 2854 prandre
1426 2802 1505 2841 abit
1529 2802 1576 2841 de
1602 2802 1762 2841 femme.
1787 2803 1924 2847 Quant
1946 2803 1966 2840 a

331 2870 611 2910 l'inrevereuce
637 2882 673 2910 et
696 2882 826 2911 autres
847 2873 1055 2926 sequelleS,
1076 2873 1132 2911 les
1156 2887 1232 2926 nye
1259 2882 1284 2911 3.

387 3090 413 3112 1.
437 3079 471 3122 Q
490 3089 587 3113 omer
608 3091 675 3112 vos.
700 3100 740 3104 —
766 3090 796 3113 2.
822 3080 878 3113 C:
903 3079 1145 3126 hoppelandam.
1171 3102 1213 3106 —
1236 3091 1265 3125 3.
1291 3081 1334 3123 U,
1352 3081 1412 3114 fol.
1437 3082 1495 3124 28,
1511 3088 1555 3115 r0.

2088 160 2090 174 .„
2084 147 2086 149 v
2059 0 2099 135 ›ie-scii
