2099 3356
339 199 395 243 30
613 184 772 229 PROCI'ES
804 200 861 229 DE
894 199 1248 230 CONDAMNATION
1282 199 1338 229 DE
1368 200 1536 242 JEANNE
1568 186 1695 231 D'ARC

335 299 403 339 siae
426 299 775 352 Rothomagensis‚
799 298 892 338 sede
915 298 1243 352 archiepiscopali
1269 307 1445 343 vacante,
1465 298 1580 339 nobis
1604 299 1969 349 accommodatum,

335 385 407 424 pro
432 371 595 410 materia
617 370 717 409 infra
740 371 884 424 scripta
907 369 1141 409 deducenda
1162 379 1199 409 et
1222 371 1486 419 terminanda,
1519 371 1670 411 decano
1696 371 1971 411 Christianita-

331 443 381 481 tis
402 442 752 495 Rofflomagensis,
777 441 1047 495 omnibusque
1070 451 1079 468 ¹
1113 451 1150 480 et
1168 442 1335 495 singulis
1358 442 1627 495 presbyteri&
1664 444 1807 483 curatis
1831 453 1868 483 et
1889 458 1971 483 non

333 514 475 553 curatis
492 514 532 552 in
559 514 716 553 civitate
738 522 776 552 et
792 513 957 553 dioecesi
979 513 1293 567 Rothomagensi
1317 515 1617 561 constitutis,ad
1639 528 1758 568 quem
1771 529 1840 554 seu
1871 529 1971 569 quos

330 595 477 624 nostrae
503 593 717 638 praesentes
750 583 888 622 litterae
925 584 1178 636 pervenerint
1202 583 1480 637 exsequendae,
1503 583 1669 623 salutem
1695 585 1734 623 in
1754 594 1912 625 auctore
1934 595 1971 625 et

330 665 609 696 consumatore
634 654 741 703 fidei,
776 655 953 694 Domino
977 665 1113 694 nostro
1135 655 1256 704 Jhesu
1283 655 1456 695 Christo.
1484 657 1586 695 Cum
1608 656 1791 709 quaedam
1811 656 1968 706 mulier,

325 728 541 779 vulgariter
561 726 663 766 dicta
683 727 865 776 Johanna
898 725 935 764 la
956 725 1114 774 Pucelle,
1139 726 1178 765 in
1203 726 1367 766 dioecesi
1392 735 1526 766 nostra
1549 727 1778 766 Belvacensi
1793 737 1904 781 capta
1932 739 1970 767 et

325 800 584 852 deprehensa,
599 812 642 837 ac
656 812 723 851 per
735 798 1108 837 christianissimum
1125 807 1162 836 et
1177 799 1476 837 serenissimum
1495 799 1734 852 principem,
1756 799 1968 839 dominum

326 881 511 910 nostrum
534 872 775 909 Francorum
797 879 834 908 et
874 869 1031 923 Angliae
1054 883 1205 921 regem,
1237 869 1368 917 nobis,
1387 879 1575 924 tanquam
1605 871 1863 910 vehementer
1883 885 1970 910 sus-

325 952 444 995 pecta
465 942 512 981 de
537 942 697 990 haeresi,
717 951 760 980 ut
781 955 1014 994 processum
1056 950 1193 980 contra
1217 955 1303 980 eam
1351 942 1387 979 in
1422 943 1583 981 materia
1610 942 1701 981 fidei
1729 942 1962 990 faceremus,

326 1014 480 1053 reddita
503 1012 621 1052 fuerit
633 1023 671 1052 et
688 1013 885 1066 expedita,
906 1013 1045 1051 tradita
1061 1022 1098 1051 et
1117 1012 1279 1052 liberata
1303 1027 1496 1067 ;nosque,
1520 1013 1651 1053 audita
1672 1013 1775 1053 fama
1788 1014 1835 1053 de
1857 1013 1969 1054 factis

325 1094 362 1124 et
375 1085 494 1138 gestis
517 1098 586 1137 per
609 1098 696 1124 eam
718 1085 758 1123 in
792 1083 999 1123 laesioncm
1026 1084 1118 1123 fidei
1142 1094 1302 1133 nostrae,
1323 1084 1471 1124 nedum
1494 1099 1563 1138 per
1587 1099 1756 1139 regnum
1778 1087 1967 1135 Franciae,

327 1158 410 1196 imo
447 1157 564 1195 etiam
608 1170 677 1209 per
697 1165 820 1196 totam
845 1156 1173 1195 christianitatem
1215 1157 1370 1196 notorie
1413 1156 1613 1210 divulgata
1639 1171 1648 1205 ;
1688 1157 1967 1197 informatione

326 1229 443 1268 etiam
464 1227 646 1281 diligenti
670 1241 713 1266 ac
736 1227 1020 1267 deliberatione
1046 1229 1264 1280 peritorum
1294 1228 1520 1281 praehabitis
1547 1243 1556 1276 3
1600 1229 1780 1268 volentes
1807 1230 1846 1267 in
1866 1229 1968 1268 dicta

326 1300 488 1339 materia
505 1313 595 1339 cum
622 1301 843 1338 maturitate
858 1300 1086 1352 procedere,
1110 1299 1404 1338 decreverimus
1423 1301 1547 1353 ipsam
1568 1301 1794 1349 Joliannam
1819 1314 1967 1339 vocan-

326 1372 415 1410 dam
437 1385 542 1418 esse,
569 1371 767 1410 citandam
789 1380 825 1410 et
845 1371 1082 1410 audiendam
1106 1385 1223 1425 super
1247 1371 1419 1411 articulis
1445 1381 1481 1410 et
1503 1372 1815 1425 interrogatoriis
1832 1382 1968 1411 contra

325 1457 416 1482 eam
436 1443 573 1482 dandis
610 1453 647 1482 et
678 1443 750 1481 sibi
777 1443 982 1491 faciendis,
1014 1442 1104 1482 fidei
1137 1444 1341 1482 materiam
1379 1443 1743 1482 concernentibus:
1777 1443 1890 1483 vobis
1928 1453 1964 1483 et

327 1525 500 1554 vestrum
525 1514 691 1568 singulis
718 1524 922 1567 propterea
946 1515 1184 1553 mandamus
1202 1524 1396 1568 quatenus
1421 1514 1516 1553 alter
1554 1524 1729 1554 vestrum
1755 1515 1966 1568 requisitus

324 1585 494 1625 alterum
515 1599 594 1625 non
621 1595 834 1639 exspectet,
859 1599 930 1625 nec
951 1600 1054 1624 unus
1084 1600 1154 1639 pro
1173 1585 1250 1625 alio
1282 1600 1321 1625 se
1346 1596 1518 1626 excuset.
1541 1587 1679 1625 Citetis
1698 1587 1965 1640 peremptorie

326 1670 458 1696 coram
481 1657 596 1696 nobis
634 1657 671 1695 in
697 1657 875 1710 cappella
900 1658 1004 1709 regia
1030 1658 1144 1696 castri
1171 1657 1521 1711 RotliomagensiS‚
1557 1658 1603 1696 ad
1644 1657 1748 1697 diem
1780 1657 1964 1696 mercurii

325 1729 554 1767 vicesimam
592 1730 760 1781 primam
797 1730 1004 1782 praesentis
1028 1730 1175 1768 mensis
1200 1729 1415 1776 februarii‚-
1448 1729 1545 1768 bora
1574 1739 1711 1768 octava
1753 1729 1801 1768 de
1830 1742 1961 1777 mane,

325 1799 470 1839 dictam
487 1801 712 1849 Joliannam
735 1814 852 1853 quam
876 1801 923 1839 de
945 1801 1085 1839 haeresi
1125 1801 1384 1840 vehementer
1407 1810 1631 1854 suspectam
1653 1800 1859 1847 habemus,
1887 1814 1963 1839 res-

325 1885 543 1924 ponsuram
557 1873 761 1911 veritatem
787 1886 906 1926 super
930 1873 1060 1920 dictis,
1078 1872 1253 1911 articulis
1276 1882 1313 1911 et
1333 1873 1648 1925 interrogatoriis
1671 1886 1713 1911 ac
1738 1872 1823 1911 aliis
1845 1885 1962 1925 super

325 1943 472 1997 quibus
494 1957 579 1982 eam
603 1954 826 1997 suspectam
854 1944 1062 1992 habemus,
1083 1953 1119 1982 et
1141 1943 1234 1982 alias
1266 1943 1454 1983 facturam
1487 1943 1593 1997 quod
1613 1945 1761 1997 justum
1785 1943 1901 1982 fuerit
1925 1954 1962 1983 et

328 2015 490 2054 rationis
518 2029 640 2063 ;cum
679 2016 930 2054 intimatione
955 2015 1063 2069 quod
1111 2017 1235 2069 ipsam
1267 2015 1705 2054 excommunicabimus
1731 2016 1805 2054 nisi
1823 2029 1957 2054 coram

325 2086 440 2125 nobis
459 2087 726 2139 comparuerit
748 2100 791 2126 ea
821 2087 897 2126 die.
923 2087 1033 2133 Quid
1058 2087 1148 2126 inde
1174 2086 1359 2133 feceritis,
1389 2099 1459 2126 vos
1481 2088 1549 2140 qui
1568 2095 1781 2139 praesentes
1805 2086 1957 2126 fueritis

322 2158 511 2206 exsecuti,
537 2158 653 2197 nobis
672 2157 840 2197 fideliter
855 2157 1091 2198 rescribatis,
1110 2160 1255 2197 Datum
1275 2158 1518 2211 Rothomagi
1549 2157 1622 2197 sub
1646 2157 1780 2211 sigillo
1805 2167 1956 2206 nostro,

323 2242 429 2269 anno
454 2231 616 2269 Domini
644 2230 859 2269 millesimo
876 2230 1024 2269 CCCC.
1040 2231 1190 2277 XXX„
1214 2229 1276 2268 die
1298 2230 1431 2268 martis
1468 2229 1657 2269 vicesima
1688 2229 1782 2268 dicti
1811 2229 1960 2268 mensis

322 2300 527 2341 februarii.
559 2319 576 2337 »
603 2302 664 2340 Sic
682 2302 826 2355 signata
847 2316 854 2339 :
879 2318 896 2337 «
923 2302 971 2341 G.
1000 2303 1328 2341 BoiscclLLAuriE
1345 2310 1375 2349 2,
1406 2302 1455 2341 G.
1480 2302 1707 2341 MANCHON.
1728 2319 1745 2337 »

874 2492 1041 2519 RELATIO
1071 2492 1354 2520 EXSECUTIONIS
1377 2488 1403 2518 3.

381 2639 399 2659 «
433 2623 665 2662 Reverendo
683 2623 721 2661 in
744 2624 902 2662 Christo
921 2623 1019 2676 patri
1036 2632 1074 2662 et
1095 2622 1261 2662 domino
1286 2625 1415 2669 Petro,
1443 2623 1697 2662 miseratione
1719 2623 1853 2661 divina
1871 2622 1957 2662 Bel-

319 2695 477 2733 vacensi
491 2693 871 2747 episcopo‚habenti
892 2695 1135 2733 territorium
1149 2695 1188 2732 in
1202 2695 1358 2733 civitate
1382 2703 1420 2733 et
1437 2693 1602 2733 dioecesi
1626 2694 1953 2746 Rothomagensi‚

323 2778 368 2803 ex
389 2774 497 2817 parte
522 2764 757 2803 venerabilis
783 2764 954 2816 Capituli
971 2764 1148 2803 ecclesiae
1175 2765 1525 2817 Rothomagensis‚
1558 2758 1648 2803 sede
1685 2765 1953 2817 archiepisco-

320 2835 398 2888 pali
420 2845 596 2884 vacante,
623 2835 736 2874 vobis
765 2835 1113 2875 accommodatum
1150 2849 1222 2889 pro
1243 2836 1406 2874 materia
1431 2835 1530 2874 infra
1552 2836 1696 2889 scripta
1721 2835 1953 2874 deducenda

372 3042 399 3065 1.
422 3031 453 3065 A
478 3043 487 3064 .·
508 3032 675 3067 omnibus.
703 3035 804 3066 —‘2.
825 3030 855 3065 C
878 3042 888 3063 :
910 3030 1193 3075 Boscguillamne.
1215 3051 1257 3055 ——
1282 3041 1310 3075 3.
1326 3031 1377 3064 En
1396 3042 1516 3076 marge
1530 3031 1573 3065 de
1590 3030 1674 3071 AB,·
1696 3031 1725 3065 C
1742 3041 1787 3065 en
1800 3042 1920 3076 marge
1944 3043 1950 3065 :

319 3090 447 3126 Relatio
465 3092 658 3124 exsecutoris
685 3090 927 3123 nmndatorum.
