2099 3356
321 51 601 119 ’θῖλιμμ-ιβίκ
643 65 662 108 s*
698 59 728 92 2¹¹

374 171 533 215 PRocias
567 186 621 215 DE
653 185 1005 216 CONDAMNATroN
1039 187 1096 216 DE
1126 187 1293 230 JEANNE
1326 174 1452 217 D'ARC
1653 188 1730 230 127

85 282 236 328 habere
259 282 386 332 illum
414 284 724 342 Franquetum‚
756 300 833 342 pro
873 284 1072 329 habendo
1103 301 1244 329 unum
1278 285 1506 330 hominem
1534 284 1585 329 de
1618 287 1732 329 Pari-

81 369 184 421 sius,
225 368 480 425 magistrum
520 367 695 426 hospitii
730 368 784 411 ad
825 369 1013 422 Ursum3
1054 381 1094 413 et
1126 367 1301 428 quando
1338 369 1463 412 ilium
1505 369 1733 413 hominem

80 451 203 496 scivit
235 466 323 495 esse
357 463 601 505 mortuum,
631 463 671 496 et
699 450 816 509 quod
849 451 1027 496 ballivus
1051 452 1129 496 sibi
1159 452 1266 497 dixit
1299 452 1417 511 quod
1447 454 1536 512 ipsa
1566 451 1735 497 volebat

81 533 214 579 facere
243 550 444 592 magnam
468 535 673 591 injuriam
702 535 876 591 justitiae
910 536 955 579 in
988 534 1209 579 liberando
1233 535 1485 594 prcedictum
1514 537 1734 594 Franque—

83 629 194 671 tum,
226 630 329 663 tunc
356 619 446 676 ipsa
472 617 578 662 dixit
604 617 760 662 ballivo
784 635 791 661 :
817 635 837 658 α
862 619 1099 678 Postquam
1128 619 1264 663 homo
1285 635 1406 664 meus
1432 633 1629 664 mortuus
1653 631 1728 673 est,

79 717 210 760 quem
234 700 432 745 volebam
473 701 640 756 habere,
683 700 841 746 faciatis
880 700 932 746 de
966 702 1058 760 ipso
1095 701 1212 762 quod
1249 701 1458 747 debebitis
1494 702 1625 747 facere
1658 718 1733 761 per

81 786 304 843 justitiam.
340 802 358 825 ))

144 869 409 927 Interrogata
434 885 485 913 an
516 870 604 927 ipsa
631 868 806 913 tradidit
834 870 1034 928 pecunias
1062 869 1128 913 vel
1164 869 1262 914 fecit
1294 869 1400 914 tradi
1428 886 1504 929 pro
1540 869 1614 914 1110
1653 871 1729 929 qui

77 964 243 1011 ceperat
270 951 434 997 dictum
462 953 784 1015 Franquetum3
811 952 1032 1011 respondit
1049 952 1166 1012 quod
1191 954 1280 1011 ipsa
1299 970 1388 998 non
1410 966 1471 998 est
1492 955 1730 998 monetaria

78 1035 142 1080 vel
169 1035 425 1081 thesauraria
447 1037 647 1091 Franciae,
678 1052 754 1094 pro
778 1035 984 1081 tradendo
1011 1037 1213 1096 pecunias
1237 1045 1266 1080 ¹.

137 1120 203 1174 Et,
244 1119 432 1178 quando.
456 1119 539 1164 fuit
569 1119 647 1164 sibi
690 1118 918 1164 reductum
960 1119 1011 1164 ad
1043 1122 1301 1165 memoriam
1335 1119 1454 1179 quod
1489 1122 1576 1179 ipsa
1607 1122 1730 1164 inva—

75 1216 184 1248 serat
204 1204 422 1248 civitatem
444 1204 727 1248 Parisiensem
753 1205 796 1248 in
819 1203 887 1248 die
913 1203 1007 1248 festi
1025 1212 1037 1229 ²
1067 1221 1078 1258 ;
1111 1203 1229 1264 quod
1258 1205 1346 1263 ipsa
1368 1206 1496 1249 etiam
1524 1204 1730 1249 habuerat

76 1303 238 1346 equum
267 1287 437 1332 domini
462 1289 650 1346 episcopi
681 1295 690 1320 3
721 1287 1084 1342 Silvanectensis;
1114 1287 1232 1347 quod
1258 1289 1347 1347 ipsa
1370 1304 1413 1332 se
1440 1289 1729 1347 praecipitave-

79 1384 140 1416 rat
165 1388 188 1416 a
225 1373 332 1416 turri
353 1371 405 1416 de
430 1373 672 1415 Beaurevoir
694 1388 705 1425 3
740 1370 859 1429 quod
882 1373 972 1429 ipsa
992 1384 1133 1429 portat
1157 1371 1355 1416 habitum
1383 1372 1551 1416 virilem
1576 1390 1586 1427 3
1610 1371 1728 1431 quod

74 1458 164 1515 ipsa
183 1468 271 1501 erat
291 1456 568 1500 consentiens
595 1457 639 1499 in
662 1468 803 1499 morte
820 1465 835 1488 ⁴
851 1452 1083 1514 Franqueti
1109 1455 1288 1500 d’Arras
1307 1473 1319 1510 3
1350 1455 1585 1514 quaerendo
1607 1455 1657 1499 ab
1682 1472 1729 1499 ea

72 1556 125 1585 an
151 1539 342 1585 creditne
366 1539 512 1584 fecisse
538 1538 713 1598 aliquod
746 1547 755 1572 ³
781 1551 999 1598 peccatum
1026 1539 1207 1584 mortale
1243 1556 1251 1583 :
1295 1538 1518 1599 respondit
1554 1539 1605 1584 ad
1640 1541 1729 1598 pri-

76 1640 215 1678 mum,
241 1623 292 1668 de
315 1624 538 1667 invasione
556 1623 795 1675 Parisiensi,
824 1621 944 1682 quod
967 1621 1020 1667 de
1053 1622 1135 1667 hoc
1168 1639 1258 1668 non
1283 1622 1416 1667 credit
1443 1639 1532 1668 esse
1559 1624 1603 1668 in
1629 1639 1728 1682 pec-

76 1900 274 1953 Franquet
295 1912 397 1952 pour
416 1912 498 1952 ung·
519 1899 684 1937 homme
707 1898 754 1937 de
777 1898 898 1947 Paris,
931 1898 1117 1951 seigneur
1136 1897 1181 1937 de
1205 1897 1356 1937 L'Oztrs
1376 1899 1413 1947 53
1441 1907 1477 1936 et
1499 1907 1621 1951 quant
1646 1897 1721 1937 6116

75 1981 184 2011 sceut
206 1985 282 2025 que
308 1971 343 2010 16
368 1971 553 2025 seigneur
580 1970 638 2009 fut
672 1979 789 2018 mort,
820 1979 857 2009 et
891 1983 968 2024 que
1000 1970 1033 2008 le
1056 1969 1186 2008 baillif
1211 1969 1280 2023 luy
1305 1970 1382 2008 dist
1403 1969 1546 2023 qu'elle
1566 1969 1724 2009 vouloit

74 2042 168 2082 faire
188 2052 303 2096 grant
323 2052 401 2082 tort
421 2043 442 2080 it
462 2042 498 2081 la
518 2043 657 2095 justice
682 2041 728 2080 de
763 2041 934 2081 delivrer
958 2040 1087 2094 celluy
1117 2042 1329 2095 Franquet,
1366 2041 1446 2080 lors
1472 2041 1528 2080 dit
1550 2040 1650 2080 celle
1675 2055 1722 2080 au

74 2114 230 2154 baillis:
261 2131 279 2151 ‹<
314 2115 406 2153 Puis
432 2128 508 2168 que
533 2127 630 2152 mon
661 2114 826 2152 homme
849 2122 906 2151 est
927 2122 1055 2169 niort„
1078 2127 1154 2166 que
1179 2114 1214 2166 je
1236 2113 1412 2166 vouloye
1436 2114 1562 2161 avoir,
1587 2113 1724 2152 faictes

75 2187 121 2226 de
144 2186 289 2240 icelluy
313 2200 355 2225 66
381 2199 457 2240 que
480 2185 701 2238 debvroyes
718 2184 814 2224 faire
841 2199 908 2238 par
926 2185 1082 2238 justice.
1110 2201 1128 2220 )>

130 2259 384 2311 Interrogue'e
415 2257 523 2296 s'elle
558 2256 675 2295 bailla
704 2256 868 2310 l’argent
893 2270 945 2295 ou
977 2255 1040 2295 fist
1066 2255 1205 2295 bailler
1229 2270 1332 2310 pour
1356 2256 1486 2309 celiuy
1518 2257 1583 2310 qui
1615 2257 1722 2295 avoit

76 2331 183 2384 prins
199 2330 293 2369 ledit
317 2331 512 2382 Franquet
535 2343 542 2367 :
568 2329 740 2381 respond
766 2328 909 2382 qu’elle
933 2327 1031 2367 n'est
1054 2342 1122 2382 pas
1147 2342 1374 2381 monnoyer
1398 2342 1450 2367 ou
1475 2329 1659 2367 tresorier
1678 2328 1724 2367 de

78 2402 237 2447 France,
261 2415 365 2455 pour
394 2400 533 2440 bailier
556 2409 706 2453 argent.
1040 2400 1043 2403 ’

129 2475 176 2512 Et
196 2483 318 2527 quant
343 2486 395 2512 011
427 2472 480 2511 lui
502 2486 522 2510 a
545 2481 749 2510 ramentue
772 2470 917 2525 qu'elle
938 2471 1045 2510 avoir
1074 2471 1220 2510 assailli
1247 2471 1352 2510 Paris
1371 2472 1390 2509 a
1411 2473 1500 2524 jour
1530 2471 1577 2509 de
1608 2470 1722 2518 feste,

77 2544 220 2598 qu’elle
242 2545 348 2583 avoit
373 2558 421 2583 eu
444 2543 478 2582 16
504 2542 640 2582 cheval
666 2543 713 2582 de
740 2544 1028 2596 monseigneur
1049 2543 1096 2581 de
1120 2542 1264 2591 Senlis,
1289 2542 1435 2596 qu’elle
1465 2543 1617 2581 s'estoit
1639 2542 1725 2580 lais-

77 2617 140 2655 566
169 2617 305 2655 cheoir
334 2617 380 2654 de
411 2615 446 2654 la
469 2625 560 2653 tour
591 2615 638 2653 de
664 2615 918 2661 Beaurevoir,
943 2614 1088 2668 qu'elle
1114 2624 1227 2667 porte
1249 2614 1329 2653 abit
1352 2614 1545 2662 d'ommc>
1579 2613 1724 2667 qu'elle

77 2688 194 2727 estoit
217 2697 476 2727 consentante
505 2687 552 2725 de
588 2686 623 2724 la
654 2695 758 2725 mort
792 2686 839 2724 de
875 2687 1071 2739 Franquet
1105 2685 1279 2732 d’Arras,
1313 2685 1420 2724 s’elle
1461 2685 1576 2724 cuide
1612 2685 1726 2738 point

77 2760 186 2799 avoir
204 2758 273 2798 fait
297 2759 438 2813 pe'chie
469 2758 612 2798 mortei
641 2772 647 2796 :
670 2767 833 2811 respont
854 2771 901 2796 au
928 2758 1114 2810 premier,
1137 2757 1184 2796 de
1208 2758 1313 2796 Paris
1339 2772 1345 2795 :
1373 2773 1392 2794 «
1414 2758 1458 2806 Je
1491 2756 1580 2795 n'en
1607 2757 1723 2795 cuide

128 3038 156 3062 1.
179 3027 245 3063 Ac
270 3039 313 3062 en
337 3039 456 3072 margo
479 3040 485 3062 :
507 3026 649 3073 Superbe
669 3033 869 3073 responsant.
899 3046 943 3050 —
969 3036 1001 3061 2.
1024 3026 1088 3059 AB
1113 3038 1122 3059 .·
1142 3026 1241 3070 j‘esm.
1270 3045 1314 3050 ᾖ
1338 3036 1366 3070 3.
1395 3025 1424 3059 C
1442 3034 1541 3060 omet
1566 3026 1719 3071 episcopi.

78 3107 122 3111 ——
143 3097 175 3129 4.
212 3088 246 3131 Q
271 3099 279 3121 .·
300 3092 417 3121 monle.
442 3107 484 3112 —
509 3098 538 3131 5.
560 3087 593 3131 Q
615 3086 778 3131 :uliqul‹l.
802 3106 847 3110 —
869 3085 901 3119 6.
932 3085 1000 3119 Ms.
1029 3098 1038 3118 .·
1060 3085 1162 3120 lours.
