<?xml version="1.0" encoding="UTF-8"?>
<!DOCTYPE html PUBLIC "-//W3C//DTD XHTML 1.0 Transitional//EN"
    "http://www.w3.org/TR/xhtml1/DTD/xhtml1-transitional.dtd">
<html xmlns="http://www.w3.org/1999/xhtml" xml:lang="en" lang="en">
 <head>
  <title>
</title>
<meta http-equiv="Content-Type" content="text/html;charset=utf-8" />
  <meta name='ocr-system' content='tesseract 3.04.00' />
  <meta name='ocr-capabilities' content='ocr_page ocr_carea ocr_par ocr_line ocrx_word'/>
</head>
<body>
  <div class='ocr_page' id='page_1' title='image "./procsdecondamn01cham_0104.png"; bbox 0 0 2099 3356; ppageno 0'>
   <div class='ocr_carea' id='block_1_1' title="bbox 285 186 1646 248">
    <p class='ocr_par' dir='ltr' id='par_1_1' title="bbox 285 186 1646 248">
     <span class='ocr_line' id='line_1_1' title="bbox 285 186 1646 248; baseline -0.004 -15"><span class='ocrx_word' id='word_1_1' title='bbox 285 204 337 248; x_wconf 50' lang='grc' dir='ltr'>54Α</span> <span class='ocrx_word' id='word_1_2' title='bbox 562 187 717 232; x_wconf 66' lang='lat' dir='ltr'>PROCI&#39;ES</span> <span class='ocrx_word' id='word_1_3' title='bbox 750 202 806 231; x_wconf 87' lang='lat' dir='ltr'>DE</span> <span class='ocrx_word' id='word_1_4' title='bbox 839 200 1195 240; x_wconf 69' lang='lat' dir='ltr'>CONDAMNATJON</span> <span class='ocrx_word' id='word_1_5' title='bbox 1232 201 1288 229; x_wconf 80' lang='lat' dir='ltr'>DE</span> <span class='ocrx_word' id='word_1_6' title='bbox 1320 200 1486 242; x_wconf 80' lang='lat' dir='ltr'>JEANNE</span> <span class='ocrx_word' id='word_1_7' title='bbox 1521 186 1646 228; x_wconf 81' lang='lat' dir='ltr'>D’ARC</span> 
     </span>
    </p>
   </div>
   <div class='ocr_carea' id='block_1_2' title="bbox 259 297 1930 2945">
    <p class='ocr_par' dir='ltr' id='par_1_2' title="bbox 337 297 1925 362">
     <span class='ocr_line' id='line_1_2' title="bbox 337 297 1925 362; baseline -0.004 -14"><span class='ocrx_word' id='word_1_8' title='bbox 337 304 601 362; x_wconf 83' lang='lat' dir='ltr'>Interrogata</span> <span class='ocrx_word' id='word_1_9' title='bbox 629 318 726 361; x_wconf 88' lang='lat' dir='ltr'>quae</span> <span class='ocrx_word' id='word_1_10' title='bbox 759 301 928 346; x_wconf 88' lang='lat' dir='ltr'>illarum</span> <span class='ocrx_word' id='word_1_11' title='bbox 956 300 1035 344; x_wconf 90' lang='lat' dir='ltr'>sibi</span> <span class='ocrx_word' id='word_1_12' title='bbox 1060 301 1204 358; x_wconf 90' lang='lat' dir='ltr'>primo</span> <span class='ocrx_word' id='word_1_13' title='bbox 1236 300 1430 358; x_wconf 88' lang='lat' dir='ltr'>apparuit</span> <span class='ocrx_word' id='word_1_14' title='bbox 1455 315 1463 343; x_wconf 90' lang='lat'>:</span> <span class='ocrx_word' id='word_1_15' title='bbox 1494 297 1714 357; x_wconf 83' lang='lat' dir='ltr'>respondit</span> <span class='ocrx_word' id='word_1_16' title='bbox 1743 314 1751 341; x_wconf 74' lang='grc' dir='ltr'><strong><em>ε</em></strong></span> <span class='ocrx_word' id='word_1_17' title='bbox 1785 315 1804 339; x_wconf 80' lang='lat' dir='ltr'>t&lt;</span> <span class='ocrx_word' id='word_1_18' title='bbox 1836 298 1925 356; x_wconf 91' lang='lat' dir='ltr'>Ego</span> 
     </span>
    </p>

    <p class='ocr_par' dir='ltr' id='par_1_3' title="bbox 259 380 1927 526">
     <span class='ocr_line' id='line_1_3' title="bbox 280 380 1927 445; baseline -0.004 -13"><span class='ocrx_word' id='word_1_19' title='bbox 280 404 370 432; x_wconf 93' lang='lat' dir='ltr'>non</span> <span class='ocrx_word' id='word_1_20' title='bbox 397 388 582 445; x_wconf 86' lang='lat' dir='ltr'>cognovi</span> <span class='ocrx_word' id='word_1_21' title='bbox 607 402 676 430; x_wconf 88' lang='lat' dir='ltr'>eas</span> <span class='ocrx_word' id='word_1_22' title='bbox 702 386 761 430; x_wconf 88' lang='lat' dir='ltr'>ita</span> <span class='ocrx_word' id='word_1_23' title='bbox 781 385 868 429; x_wconf 88' lang='lat' dir='ltr'>cito</span> <span class='ocrx_word' id='word_1_24' title='bbox 889 401 900 438; x_wconf 89' lang='lat'>;</span> <span class='ocrx_word' id='word_1_25' title='bbox 943 396 984 429; x_wconf 92' lang='lat' dir='ltr'>et</span> <span class='ocrx_word' id='word_1_26' title='bbox 1019 383 1125 428; x_wconf 90' lang='lat' dir='ltr'>illud</span> <span class='ocrx_word' id='word_1_27' title='bbox 1154 382 1262 428; x_wconf 93' lang='lat' dir='ltr'>bene</span> <span class='ocrx_word' id='word_1_28' title='bbox 1285 384 1389 427; x_wconf 88' lang='lat' dir='ltr'>scivi</span> <span class='ocrx_word' id='word_1_29' title='bbox 1413 381 1662 442; x_wconf 87' lang='lat' dir='ltr'>aliquando,</span> <span class='ocrx_word' id='word_1_30' title='bbox 1693 381 1763 427; x_wconf 90' lang='lat' dir='ltr'>sed</span> <span class='ocrx_word' id='word_1_31' title='bbox 1792 380 1927 426; x_wconf 86' lang='lat' dir='ltr'>oblita</span> 
     </span>
     <span class='ocr_line' id='line_1_4' title="bbox 259 466 1925 526; baseline -0.004 -11"><span class='ocrx_word' id='word_1_32' title='bbox 259 487 376 515; x_wconf 46' lang='lat' dir='ltr'>*sum</span> <span class='ocrx_word' id='word_1_33' title='bbox 392 488 403 525; x_wconf 80' lang='lat'>3</span> <span class='ocrx_word' id='word_1_34' title='bbox 434 483 475 514; x_wconf 92' lang='lat' dir='ltr'>et</span> <span class='ocrx_word' id='word_1_35' title='bbox 496 471 529 514; x_wconf 91' lang='lat' dir='ltr'>si</span> <span class='ocrx_word' id='word_1_36' title='bbox 561 469 741 514; x_wconf 80' lang='lat' dir='ltr'>habeam</span> <span class='ocrx_word' id='word_1_37' title='bbox 778 469 1012 521; x_wconf 86' lang='lat' dir='ltr'>licentiam,</span> <span class='ocrx_word' id='word_1_38' title='bbox 1039 483 1118 526; x_wconf 89' lang='lat' dir='ltr'>ego</span> <span class='ocrx_word' id='word_1_39' title='bbox 1142 467 1281 511; x_wconf 88' lang='lat' dir='ltr'>dicam</span> <span class='ocrx_word' id='word_1_40' title='bbox 1308 466 1392 511; x_wconf 89' lang='lat' dir='ltr'>hoc</span> <span class='ocrx_word' id='word_1_41' title='bbox 1418 466 1625 520; x_wconf 86' lang='lat' dir='ltr'>libenter;</span> <span class='ocrx_word' id='word_1_42' title='bbox 1652 478 1692 510; x_wconf 91' lang='lat' dir='ltr'>et</span> <span class='ocrx_word' id='word_1_43' title='bbox 1719 478 1781 510; x_wconf 92' lang='lat' dir='ltr'>est</span> <span class='ocrx_word' id='word_1_44' title='bbox 1806 466 1925 523; x_wconf 92' lang='lat' dir='ltr'>posi-</span> 
     </span>
    </p>

    <p class='ocr_par' dir='ltr' id='par_1_4' title="bbox 280 548 1925 682">
     <span class='ocr_line' id='line_1_5' title="bbox 282 548 1925 612; baseline -0.003 -14"><span class='ocrx_word' id='word_1_45' title='bbox 282 568 375 599; x_wconf 92' lang='lat' dir='ltr'>tum</span> <span class='ocrx_word' id='word_1_46' title='bbox 402 555 444 598; x_wconf 92' lang='lat' dir='ltr'>in</span> <span class='ocrx_word' id='word_1_47' title='bbox 467 554 647 612; x_wconf 87' lang='lat' dir='ltr'>registro</span> <span class='ocrx_word' id='word_1_48' title='bbox 671 551 782 611; x_wconf 90' lang='lat' dir='ltr'>apud</span> <span class='ocrx_word' id='word_1_49' title='bbox 803 552 998 596; x_wconf 89' lang='lat' dir='ltr'>Pictavis.</span> <span class='ocrx_word' id='word_1_50' title='bbox 1027 568 1047 592; x_wconf 89' lang='lat'>»</span> <span class='ocrx_word' id='word_1_51' title='bbox 1080 552 1204 604; x_wconf 90' lang='lat' dir='ltr'>Item,</span> <span class='ocrx_word' id='word_1_52' title='bbox 1228 550 1336 595; x_wconf 82' lang='lat' dir='ltr'>dixit</span> <span class='ocrx_word' id='word_1_53' title='bbox 1365 551 1492 594; x_wconf 90' lang='lat' dir='ltr'>etiarn</span> <span class='ocrx_word' id='word_1_54' title='bbox 1523 558 1531 575; x_wconf 91' lang='lat'>¹</span> <span class='ocrx_word' id='word_1_55' title='bbox 1563 548 1680 608; x_wconf 89' lang='lat' dir='ltr'>quod</span> <span class='ocrx_word' id='word_1_56' title='bbox 1721 548 1925 594; x_wconf 81' lang='lat' dir='ltr'>habuerat</span> 
     </span>
     <span class='ocr_line' id='line_1_6' title="bbox 280 634 1107 682; baseline -0.006 0"><span class='ocrx_word' id='word_1_57' title='bbox 280 638 645 682; x_wconf 84' lang='lat' dir='ltr'>confortationem</span> <span class='ocrx_word' id='word_1_58' title='bbox 666 652 688 680; x_wconf 87' lang='lat' dir='ltr'>a</span> <span class='ocrx_word' id='word_1_59' title='bbox 711 648 858 680; x_wconf 89' lang='lat' dir='ltr'>sancto</span> <span class='ocrx_word' id='word_1_60' title='bbox 882 634 1107 678; x_wconf 90' lang='lat' dir='ltr'>Michaele.</span> 
     </span>
    </p>

    <p class='ocr_par' dir='ltr' id='par_1_5' title="bbox 284 714 1923 864">
     <span class='ocr_line' id='line_1_7' title="bbox 339 714 1923 779; baseline -0.003 -14"><span class='ocrx_word' id='word_1_61' title='bbox 339 722 602 779; x_wconf 80' lang='lat' dir='ltr'>Interrogata</span> <span class='ocrx_word' id='word_1_62' title='bbox 640 735 736 779; x_wconf 86' lang='lat' dir='ltr'>quae</span> <span class='ocrx_word' id='word_1_63' title='bbox 776 718 1064 777; x_wconf 88' lang='lat' dir='ltr'>predictarum</span> <span class='ocrx_word' id='word_1_64' title='bbox 1100 717 1177 761; x_wconf 92' lang='lat' dir='ltr'>sibi</span> <span class='ocrx_word' id='word_1_65' title='bbox 1211 718 1511 776; x_wconf 89' lang='lat' dir='ltr'>apparentium</span> <span class='ocrx_word' id='word_1_66' title='bbox 1548 717 1668 760; x_wconf 90' lang='lat' dir='ltr'>venit</span> <span class='ocrx_word' id='word_1_67' title='bbox 1707 717 1848 774; x_wconf 90' lang='lat' dir='ltr'>primo</span> <span class='ocrx_word' id='word_1_68' title='bbox 1872 714 1923 760; x_wconf 89' lang='lat' dir='ltr'>ad</span> 
     </span>
     <span class='ocr_line' id='line_1_8' title="bbox 284 801 1605 864; baseline -0.003 -15"><span class='ocrx_word' id='word_1_69' title='bbox 284 807 446 864; x_wconf 85' lang='lat' dir='ltr'>ipsam:</span> <span class='ocrx_word' id='word_1_70' title='bbox 480 803 701 863; x_wconf 82' lang='lat' dir='ltr'>respondit</span> <span class='ocrx_word' id='word_1_71' title='bbox 727 801 844 862; x_wconf 86' lang='lat' dir='ltr'>quod</span> <span class='ocrx_word' id='word_1_72' title='bbox 865 815 1032 847; x_wconf 89' lang='lat' dir='ltr'>sanctus</span> <span class='ocrx_word' id='word_1_73' title='bbox 1057 801 1241 846; x_wconf 90' lang='lat' dir='ltr'>Michael</span> <span class='ocrx_word' id='word_1_74' title='bbox 1264 802 1406 859; x_wconf 87' lang='lat' dir='ltr'>primo</span> <span class='ocrx_word' id='word_1_75' title='bbox 1431 801 1549 844; x_wconf 86' lang='lat' dir='ltr'>venit</span> <span class='ocrx_word' id='word_1_76' title='bbox 1575 808 1605 845; x_wconf 92' lang='lat'>².</span> 
     </span>
    </p>

    <p class='ocr_par' dir='ltr' id='par_1_6' title="bbox 282 881 1928 1112">
     <span class='ocr_line' id='line_1_9' title="bbox 342 881 1928 947; baseline -0.004 -14"><span class='ocrx_word' id='word_1_77' title='bbox 342 891 605 947; x_wconf 85' lang='lat' dir='ltr'>Interrogata</span> <span class='ocrx_word' id='word_1_78' title='bbox 631 904 684 932; x_wconf 86' lang='lat' dir='ltr'>an</span> <span class='ocrx_word' id='word_1_79' title='bbox 702 889 755 931; x_wconf 91' lang='lat' dir='ltr'>sit</span> <span class='ocrx_word' id='word_1_80' title='bbox 776 886 966 931; x_wconf 88' lang='lat' dir='ltr'>multum</span> <span class='ocrx_word' id='word_1_81' title='bbox 987 899 1159 944; x_wconf 87' lang='lat' dir='ltr'>tempus</span> <span class='ocrx_word' id='word_1_82' title='bbox 1170 885 1360 944; x_wconf 86' lang='lat' dir='ltr'>elapsum</span> <span class='ocrx_word' id='word_1_83' title='bbox 1379 897 1607 943; x_wconf 86' lang='lat' dir='ltr'>postquam</span> <span class='ocrx_word' id='word_1_84' title='bbox 1621 884 1762 941; x_wconf 90' lang='lat' dir='ltr'>primo</span> <span class='ocrx_word' id='word_1_85' title='bbox 1778 881 1928 927; x_wconf 90' lang='lat' dir='ltr'>habuit</span> 
     </span>
     <span class='ocr_line' id='line_1_10' title="bbox 282 966 1926 1028; baseline -0.004 -12"><span class='ocrx_word' id='word_1_86' title='bbox 282 989 436 1018; x_wconf 90' lang='lat' dir='ltr'>vocem</span> <span class='ocrx_word' id='word_1_87' title='bbox 461 973 595 1017; x_wconf 85' lang='lat' dir='ltr'>sancti</span> <span class='ocrx_word' id='word_1_88' title='bbox 618 971 839 1016; x_wconf 84' lang='lat' dir='ltr'>Michaelis</span> <span class='ocrx_word' id='word_1_89' title='bbox 860 988 868 1014; x_wconf 73' lang='grc' dir='ltr'>ε</span> <span class='ocrx_word' id='word_1_90' title='bbox 892 969 1112 1028; x_wconf 88' lang='lat' dir='ltr'>respondit</span> <span class='ocrx_word' id='word_1_91' title='bbox 1136 983 1144 1010; x_wconf 91' lang='lat'>:</span> <span class='ocrx_word' id='word_1_92' title='bbox 1164 987 1183 1010; x_wconf 89' lang='lat'>«</span> <span class='ocrx_word' id='word_1_93' title='bbox 1208 970 1297 1027; x_wconf 90' lang='lat' dir='ltr'>Ego</span> <span class='ocrx_word' id='word_1_94' title='bbox 1315 984 1403 1012; x_wconf 90' lang='lat' dir='ltr'>non</span> <span class='ocrx_word' id='word_1_95' title='bbox 1430 969 1614 1013; x_wconf 89' lang='lat' dir='ltr'>nomino</span> <span class='ocrx_word' id='word_1_96' title='bbox 1635 966 1757 1012; x_wconf 86' lang='lat' dir='ltr'>vobis</span> <span class='ocrx_word' id='word_1_97' title='bbox 1775 982 1926 1011; x_wconf 89' lang='lat' dir='ltr'>vocem</span> 
     </span>
     <span class='ocr_line' id='line_1_11' title="bbox 283 1051 1694 1112; baseline -0.006 -11"><span class='ocrx_word' id='word_1_98' title='bbox 283 1056 334 1101; x_wconf 90' lang='lat' dir='ltr'>de</span> <span class='ocrx_word' id='word_1_99' title='bbox 356 1068 503 1100; x_wconf 90' lang='lat' dir='ltr'>sancto</span> <span class='ocrx_word' id='word_1_100' title='bbox 530 1055 756 1108; x_wconf 80' lang='lat' dir='ltr'>Michaele,</span> <span class='ocrx_word' id='word_1_101' title='bbox 775 1053 847 1098; x_wconf 89' lang='lat' dir='ltr'>sed</span> <span class='ocrx_word' id='word_1_102' title='bbox 871 1054 1026 1112; x_wconf 88' lang='lat' dir='ltr'>loquor</span> <span class='ocrx_word' id='word_1_103' title='bbox 1052 1052 1103 1097; x_wconf 91' lang='lat' dir='ltr'>de</span> <span class='ocrx_word' id='word_1_104' title='bbox 1129 1068 1283 1111; x_wconf 89' lang='lat' dir='ltr'>magna</span> <span class='ocrx_word' id='word_1_105' title='bbox 1310 1051 1640 1096; x_wconf 85' lang='lat' dir='ltr'>confortatione.</span> <span class='ocrx_word' id='word_1_106' title='bbox 1675 1068 1694 1092; x_wconf 86' lang='lat'>»</span> 
     </span>
    </p>

    <p class='ocr_par' dir='ltr' id='par_1_7' title="bbox 283 1134 1930 1533">
     <span class='ocr_line' id='line_1_12' title="bbox 342 1134 1929 1197; baseline -0.004 -13"><span class='ocrx_word' id='word_1_107' title='bbox 342 1141 607 1197; x_wconf 84' lang='lat' dir='ltr'>Interrogata</span> <span class='ocrx_word' id='word_1_108' title='bbox 635 1155 731 1197; x_wconf 77' lang='lat' dir='ltr'>quae</span> <span class='ocrx_word' id='word_1_109' title='bbox 749 1137 829 1182; x_wconf 89' lang='lat' dir='ltr'>fuit</span> <span class='ocrx_word' id='word_1_110' title='bbox 857 1139 994 1196; x_wconf 88' lang='lat' dir='ltr'>prima</span> <span class='ocrx_word' id='word_1_111' title='bbox 1013 1153 1096 1181; x_wconf 70' lang='lat' dir='ltr'>vox</span> <span class='ocrx_word' id='word_1_112' title='bbox 1123 1138 1302 1181; x_wconf 80' lang='lat' dir='ltr'>veniens</span> <span class='ocrx_word' id='word_1_113' title='bbox 1329 1134 1378 1179; x_wconf 90' lang='lat' dir='ltr'>ad</span> <span class='ocrx_word' id='word_1_114' title='bbox 1402 1151 1513 1189; x_wconf 89' lang='lat' dir='ltr'>eam,</span> <span class='ocrx_word' id='word_1_115' title='bbox 1537 1134 1644 1179; x_wconf 88' lang='lat' dir='ltr'>dum</span> <span class='ocrx_word' id='word_1_116' title='bbox 1668 1146 1775 1178; x_wconf 89' lang='lat' dir='ltr'>esset</span> <span class='ocrx_word' id='word_1_117' title='bbox 1794 1134 1929 1178; x_wconf 86' lang='lat' dir='ltr'>aetatis</span> 
     </span>
     <span class='ocr_line' id='line_1_13' title="bbox 283 1217 1927 1279; baseline -0.004 -12"><span class='ocrx_word' id='word_1_118' title='bbox 283 1224 384 1268; x_wconf 88' lang='lat' dir='ltr'>XIII</span> <span class='ocrx_word' id='word_1_119' title='bbox 405 1239 621 1267; x_wconf 86' lang='lat' dir='ltr'>annorum</span> <span class='ocrx_word' id='word_1_120' title='bbox 637 1221 702 1266; x_wconf 87' lang='lat' dir='ltr'>vel</span> <span class='ocrx_word' id='word_1_121' title='bbox 718 1223 886 1265; x_wconf 88' lang='lat' dir='ltr'>circiter</span> <span class='ocrx_word' id='word_1_122' title='bbox 904 1238 912 1264; x_wconf 91' lang='lat'>:</span> <span class='ocrx_word' id='word_1_123' title='bbox 930 1220 1150 1279; x_wconf 85' lang='lat' dir='ltr'>respondit</span> <span class='ocrx_word' id='word_1_124' title='bbox 1166 1219 1283 1278; x_wconf 83' lang='lat' dir='ltr'>quod</span> <span class='ocrx_word' id='word_1_125' title='bbox 1306 1218 1385 1263; x_wconf 91' lang='lat' dir='ltr'>fuit</span> <span class='ocrx_word' id='word_1_126' title='bbox 1398 1232 1566 1262; x_wconf 89' lang='lat' dir='ltr'>sanctus</span> <span class='ocrx_word' id='word_1_127' title='bbox 1581 1217 1782 1272; x_wconf 88' lang='lat' dir='ltr'>Michael‚</span> <span class='ocrx_word' id='word_1_128' title='bbox 1797 1232 1927 1276; x_wconf 87' lang='lat' dir='ltr'>quem</span> 
     </span>
     <span class='ocr_line' id='line_1_14' title="bbox 285 1301 1930 1359; baseline -0.004 -8"><span class='ocrx_word' id='word_1_129' title='bbox 285 1307 391 1351; x_wconf 85' lang='lat' dir='ltr'>vidit</span> <span class='ocrx_word' id='word_1_130' title='bbox 413 1319 510 1351; x_wconf 90' lang='lat' dir='ltr'>ante</span> <span class='ocrx_word' id='word_1_131' title='bbox 532 1306 681 1350; x_wconf 86' lang='lat' dir='ltr'>oculos</span> <span class='ocrx_word' id='word_1_132' title='bbox 719 1321 846 1359; x_wconf 86' lang='lat' dir='ltr'>suos;</span> <span class='ocrx_word' id='word_1_133' title='bbox 876 1317 917 1348; x_wconf 89' lang='lat' dir='ltr'>et</span> <span class='ocrx_word' id='word_1_134' title='bbox 946 1320 1035 1349; x_wconf 92' lang='lat' dir='ltr'>non</span> <span class='ocrx_word' id='word_1_135' title='bbox 1075 1317 1162 1348; x_wconf 91' lang='lat' dir='ltr'>erat</span> <span class='ocrx_word' id='word_1_136' title='bbox 1188 1303 1321 1357; x_wconf 91' lang='lat' dir='ltr'>solus,</span> <span class='ocrx_word' id='word_1_137' title='bbox 1355 1302 1427 1347; x_wconf 87' lang='lat' dir='ltr'>sed</span> <span class='ocrx_word' id='word_1_138' title='bbox 1454 1315 1542 1346; x_wconf 90' lang='lat' dir='ltr'>erat</span> <span class='ocrx_word' id='word_1_139' title='bbox 1567 1301 1674 1347; x_wconf 92' lang='lat' dir='ltr'>bene</span> <span class='ocrx_word' id='word_1_140' title='bbox 1701 1302 1930 1345; x_wconf 87' lang='lat' dir='ltr'>associatus</span> 
     </span>
     <span class='ocr_line' id='line_1_15' title="bbox 285 1385 1930 1449; baseline -0.004 -14"><span class='ocrx_word' id='word_1_141' title='bbox 285 1391 445 1449; x_wconf 79' lang='lat' dir='ltr'>angelis</span> <span class='ocrx_word' id='word_1_142' title='bbox 473 1389 524 1434; x_wconf 93' lang='lat' dir='ltr'>de</span> <span class='ocrx_word' id='word_1_143' title='bbox 550 1389 679 1434; x_wconf 89' lang='lat' dir='ltr'>coelo.</span> <span class='ocrx_word' id='word_1_144' title='bbox 705 1390 824 1433; x_wconf 80' lang='lat' dir='ltr'>Dixit</span> <span class='ocrx_word' id='word_1_145' title='bbox 854 1390 982 1433; x_wconf 88' lang='lat' dir='ltr'>etiam</span> <span class='ocrx_word' id='word_1_146' title='bbox 1017 1388 1133 1446; x_wconf 89' lang='lat' dir='ltr'>quod</span> <span class='ocrx_word' id='word_1_147' title='bbox 1161 1404 1246 1431; x_wconf 90' lang='lat' dir='ltr'>non</span> <span class='ocrx_word' id='word_1_148' title='bbox 1283 1388 1400 1431; x_wconf 85' lang='lat' dir='ltr'>venit</span> <span class='ocrx_word' id='word_1_149' title='bbox 1432 1388 1474 1430; x_wconf 91' lang='lat' dir='ltr'>in</span> <span class='ocrx_word' id='word_1_150' title='bbox 1505 1387 1740 1438; x_wconf 86' lang='lat' dir='ltr'>Franciam,</span> <span class='ocrx_word' id='word_1_151' title='bbox 1770 1385 1851 1429; x_wconf 82' lang='lat' dir='ltr'>nisi</span> <span class='ocrx_word' id='word_1_152' title='bbox 1879 1400 1930 1429; x_wconf 84' lang='lat' dir='ltr'>ex</span> 
     </span>
     <span class='ocr_line' id='line_1_16' title="bbox 286 1475 614 1533; baseline -0.006 -15"><span class='ocrx_word' id='word_1_153' title='bbox 286 1487 496 1533; x_wconf 60' lang='lat' dir='ltr'>praecepto</span> <span class='ocrx_word' id='word_1_154' title='bbox 519 1475 614 1518; x_wconf 92' lang='lat' dir='ltr'>Dei.</span> 
     </span>
    </p>

    <p class='ocr_par' dir='ltr' id='par_1_8' title="bbox 287 1553 1928 1863">
     <span class='ocr_line' id='line_1_17' title="bbox 347 1553 1928 1615; baseline -0.003 -14"><span class='ocrx_word' id='word_1_155' title='bbox 347 1559 608 1615; x_wconf 79' lang='lat' dir='ltr'>Interrogata</span> <span class='ocrx_word' id='word_1_156' title='bbox 634 1573 687 1601; x_wconf 89' lang='lat' dir='ltr'>an</span> <span class='ocrx_word' id='word_1_157' title='bbox 713 1556 820 1600; x_wconf 87' lang='lat' dir='ltr'>vidit</span> <span class='ocrx_word' id='word_1_158' title='bbox 843 1553 1040 1600; x_wconf 86' lang='lat' dir='ltr'>sanctum</span> <span class='ocrx_word' id='word_1_159' title='bbox 1062 1555 1315 1599; x_wconf 86' lang='lat' dir='ltr'>Michaelem</span> <span class='ocrx_word' id='word_1_160' title='bbox 1342 1567 1383 1598; x_wconf 93' lang='lat' dir='ltr'>et</span> <span class='ocrx_word' id='word_1_161' title='bbox 1410 1555 1583 1611; x_wconf 86' lang='lat' dir='ltr'>angelos</span> <span class='ocrx_word' id='word_1_162' title='bbox 1608 1553 1703 1597; x_wconf 91' lang='lat' dir='ltr'>illos</span> <span class='ocrx_word' id='word_1_163' title='bbox 1727 1567 1928 1610; x_wconf 88' lang='lat' dir='ltr'>corpora-</span> 
     </span>
     <span class='ocr_line' id='line_1_18' title="bbox 287 1632 1927 1695; baseline -0.004 -12"><span class='ocrx_word' id='word_1_164' title='bbox 287 1639 381 1683; x_wconf 90' lang='lat' dir='ltr'>liter</span> <span class='ocrx_word' id='word_1_165' title='bbox 407 1652 447 1683; x_wconf 93' lang='lat' dir='ltr'>et</span> <span class='ocrx_word' id='word_1_166' title='bbox 466 1638 631 1682; x_wconf 84' lang='lat' dir='ltr'>realiter</span> <span class='ocrx_word' id='word_1_167' title='bbox 660 1655 668 1681; x_wconf 89' lang='lat'>:</span> <span class='ocrx_word' id='word_1_168' title='bbox 694 1636 914 1695; x_wconf 88' lang='lat' dir='ltr'>respondit</span> <span class='ocrx_word' id='word_1_169' title='bbox 939 1653 945 1680; x_wconf 92' lang='lat'>:</span> <span class='ocrx_word' id='word_1_170' title='bbox 975 1653 994 1676; x_wconf 87' lang='lat'>‹&lt;</span> <span class='ocrx_word' id='word_1_171' title='bbox 1017 1637 1104 1693; x_wconf 83' lang='lat' dir='ltr'>Ego</span> <span class='ocrx_word' id='word_1_172' title='bbox 1129 1636 1214 1680; x_wconf 76' lang='lat' dir='ltr'>vidi</span> <span class='ocrx_word' id='word_1_173' title='bbox 1240 1651 1313 1680; x_wconf 92' lang='lat' dir='ltr'>eos</span> <span class='ocrx_word' id='word_1_174' title='bbox 1334 1635 1471 1680; x_wconf 88' lang='lat' dir='ltr'>oculis</span> <span class='ocrx_word' id='word_1_175' title='bbox 1492 1636 1597 1678; x_wconf 86' lang='lat' dir='ltr'>meis</span> <span class='ocrx_word' id='word_1_176' title='bbox 1621 1632 1927 1691; x_wconf 87' lang='lat' dir='ltr'>corporalibus,</span> 
     </span>
     <span class='ocr_line' id='line_1_19' title="bbox 287 1716 1928 1781; baseline -0.004 -14"><span class='ocrx_word' id='word_1_177' title='bbox 287 1739 408 1781; x_wconf 61' lang='lat' dir='ltr'>aeque</span> <span class='ocrx_word' id='word_1_178' title='bbox 436 1722 542 1766; x_wconf 90' lang='lat' dir='ltr'>bene</span> <span class='ocrx_word' id='word_1_179' title='bbox 563 1723 672 1766; x_wconf 86' lang='lat' dir='ltr'>sicut</span> <span class='ocrx_word' id='word_1_180' title='bbox 692 1736 771 1779; x_wconf 88' lang='lat' dir='ltr'>ego</span> <span class='ocrx_word' id='word_1_181' title='bbox 790 1719 916 1764; x_wconf 83' lang='lat' dir='ltr'>video</span> <span class='ocrx_word' id='word_1_182' title='bbox 942 1736 1049 1774; x_wconf 67' lang='lat' dir='ltr'>vos;</span> <span class='ocrx_word' id='word_1_183' title='bbox 1083 1733 1125 1764; x_wconf 86' lang='lat' dir='ltr'>et</span> <span class='ocrx_word' id='word_1_184' title='bbox 1145 1718 1320 1778; x_wconf 89' lang='lat' dir='ltr'>quando</span> <span class='ocrx_word' id='word_1_185' title='bbox 1348 1717 1601 1763; x_wconf 84' lang='lat' dir='ltr'>recedebant</span> <span class='ocrx_word' id='word_1_186' title='bbox 1627 1733 1649 1762; x_wconf 89' lang='lat' dir='ltr'>a</span> <span class='ocrx_word' id='word_1_187' title='bbox 1677 1733 1762 1770; x_wconf 88' lang='lat' dir='ltr'>me,</span> <span class='ocrx_word' id='word_1_188' title='bbox 1793 1716 1928 1775; x_wconf 88' lang='lat' dir='ltr'>plora-</span> 
     </span>
     <span class='ocr_line' id='line_1_20' title="bbox 289 1802 1638 1863; baseline -0.004 -13"><span class='ocrx_word' id='word_1_189' title='bbox 289 1807 385 1851; x_wconf 88' lang='lat' dir='ltr'>bam</span> <span class='ocrx_word' id='word_1_190' title='bbox 414 1819 454 1850; x_wconf 89' lang='lat' dir='ltr'>et</span> <span class='ocrx_word' id='word_1_191' title='bbox 483 1805 589 1850; x_wconf 89' lang='lat' dir='ltr'>bene</span> <span class='ocrx_word' id='word_1_192' title='bbox 611 1805 845 1863; x_wconf 73' lang='lat' dir='ltr'>voluissem</span> <span class='ocrx_word' id='word_1_193' title='bbox 865 1802 982 1862; x_wconf 85' lang='lat' dir='ltr'>quod</span> <span class='ocrx_word' id='word_1_194' title='bbox 1011 1819 1080 1847; x_wconf 87' lang='lat' dir='ltr'>me</span> <span class='ocrx_word' id='word_1_195' title='bbox 1107 1819 1254 1847; x_wconf 88' lang='lat' dir='ltr'>secum</span> <span class='ocrx_word' id='word_1_196' title='bbox 1275 1802 1584 1861; x_wconf 87' lang='lat' dir='ltr'>deportassent.</span> <span class='ocrx_word' id='word_1_197' title='bbox 1619 1818 1638 1842; x_wconf 86' lang='lat'>»</span> 
     </span>
    </p>

    <p class='ocr_par' dir='ltr' id='par_1_9' title="bbox 289 1884 1930 2134">
     <span class='ocr_line' id='line_1_21' title="bbox 347 1884 1929 1946; baseline -0.003 -13"><span class='ocrx_word' id='word_1_198' title='bbox 347 1891 608 1946; x_wconf 84' lang='lat' dir='ltr'>Interrogata</span> <span class='ocrx_word' id='word_1_199' title='bbox 637 1890 679 1933; x_wconf 90' lang='lat' dir='ltr'>in</span> <span class='ocrx_word' id='word_1_200' title='bbox 705 1905 788 1946; x_wconf 86' lang='lat' dir='ltr'>qua</span> <span class='ocrx_word' id='word_1_201' title='bbox 815 1888 949 1945; x_wconf 79' lang='lat' dir='ltr'>figura</span> <span class='ocrx_word' id='word_1_202' title='bbox 973 1900 1060 1931; x_wconf 88' lang='lat' dir='ltr'>erat</span> <span class='ocrx_word' id='word_1_203' title='bbox 1088 1899 1257 1931; x_wconf 85' lang='lat' dir='ltr'>sanctus</span> <span class='ocrx_word' id='word_1_204' title='bbox 1284 1885 1466 1930; x_wconf 83' lang='lat' dir='ltr'>Michael</span> <span class='ocrx_word' id='word_1_205' title='bbox 1483 1902 1490 1929; x_wconf 89' lang='lat'>:</span> <span class='ocrx_word' id='word_1_206' title='bbox 1510 1884 1731 1942; x_wconf 88' lang='lat' dir='ltr'>respondit</span> <span class='ocrx_word' id='word_1_207' title='bbox 1757 1902 1764 1929; x_wconf 94' lang='lat'>:</span> <span class='ocrx_word' id='word_1_208' title='bbox 1794 1901 1812 1924; x_wconf 84' lang='lat'>«</span> <span class='ocrx_word' id='word_1_209' title='bbox 1836 1885 1929 1928; x_wconf 89' lang='lat' dir='ltr'>Hoc</span> 
     </span>
     <span class='ocr_line' id='line_1_22' title="bbox 289 1967 1930 2029; baseline -0.004 -12"><span class='ocrx_word' id='word_1_210' title='bbox 289 1989 377 2018; x_wconf 90' lang='lat' dir='ltr'>non</span> <span class='ocrx_word' id='word_1_211' title='bbox 415 1986 476 2018; x_wconf 91' lang='lat' dir='ltr'>est</span> <span class='ocrx_word' id='word_1_212' title='bbox 505 1972 627 2017; x_wconf 79' lang='lat' dir='ltr'>vobis</span> <span class='ocrx_word' id='word_1_213' title='bbox 665 1971 803 2017; x_wconf 87' lang='lat' dir='ltr'>adhuc</span> <span class='ocrx_word' id='word_1_214' title='bbox 830 1987 1102 2029; x_wconf 87' lang='lat' dir='ltr'>responsum,</span> <span class='ocrx_word' id='word_1_215' title='bbox 1150 1986 1225 2014; x_wconf 89' lang='lat' dir='ltr'>nec</span> <span class='ocrx_word' id='word_1_216' title='bbox 1266 1969 1402 2015; x_wconf 85' lang='lat' dir='ltr'>habeo</span> <span class='ocrx_word' id='word_1_217' title='bbox 1441 1968 1579 2014; x_wconf 82' lang='lat' dir='ltr'>adhuc</span> <span class='ocrx_word' id='word_1_218' title='bbox 1621 1969 1835 2013; x_wconf 85' lang='lat' dir='ltr'>licentiam</span> <span class='ocrx_word' id='word_1_219' title='bbox 1879 1967 1930 2012; x_wconf 88' lang='lat' dir='ltr'>de</span> 
     </span>
     <span class='ocr_line' id='line_1_23' title="bbox 289 2056 1166 2134; baseline -0.003 -33"><span class='ocrx_word' id='word_1_220' title='bbox 289 2056 485 2101; x_wconf 87' lang='lat' dir='ltr'>dicendo.</span> <span class='ocrx_word' id='word_1_221' title='bbox 520 2074 539 2097; x_wconf 88' lang='lat'>»</span> <span class='ocrx_word' id='word_1_222' title='bbox 1132 2105 1166 2134; x_wconf 47' lang='grc' dir='ltr'><em>Ο</em></span> 
     </span>
    </p>

    <p class='ocr_par' dir='ltr' id='par_1_10' title="bbox 289 2135 1930 2776">
     <span class='ocr_line' id='line_1_24' title="bbox 348 2135 1930 2198; baseline -0.003 -14"><span class='ocrx_word' id='word_1_223' title='bbox 348 2142 609 2197; x_wconf 84' lang='lat' dir='ltr'>Interrogata</span> <span class='ocrx_word' id='word_1_224' title='bbox 636 2139 758 2198; x_wconf 87' lang='lat' dir='ltr'>quid,</span> <span class='ocrx_word' id='word_1_225' title='bbox 786 2139 856 2183; x_wconf 90' lang='lat' dir='ltr'>illa</span> <span class='ocrx_word' id='word_1_226' title='bbox 884 2140 1020 2197; x_wconf 89' lang='lat' dir='ltr'>prima</span> <span class='ocrx_word' id='word_1_227' title='bbox 1041 2139 1149 2191; x_wconf 79' lang='lat' dir='ltr'>vice,</span> <span class='ocrx_word' id='word_1_228' title='bbox 1176 2151 1347 2182; x_wconf 86' lang='lat' dir='ltr'>sanctus</span> <span class='ocrx_word' id='word_1_229' title='bbox 1374 2137 1558 2182; x_wconf 89' lang='lat' dir='ltr'>Michael</span> <span class='ocrx_word' id='word_1_230' title='bbox 1577 2136 1690 2195; x_wconf 66' lang='lat' dir='ltr'>[dixit</span> <span class='ocrx_word' id='word_1_231' title='bbox 1713 2135 1793 2180; x_wconf 89' lang='lat' dir='ltr'>sibi</span> <span class='ocrx_word' id='word_1_232' title='bbox 1815 2149 1822 2179; x_wconf 87' lang='lat'>:</span> <span class='ocrx_word' id='word_1_233' title='bbox 1848 2152 1930 2180; x_wconf 88' lang='lat' dir='ltr'>res-</span> 
     </span>
     <span class='ocr_line' id='line_1_25' title="bbox 290 2218 1930 2282; baseline -0.004 -13"><span class='ocrx_word' id='word_1_234' title='bbox 290 2223 442 2282; x_wconf 89' lang='lat' dir='ltr'>pondit</span> <span class='ocrx_word' id='word_1_235' title='bbox 469 2238 476 2264; x_wconf 89' lang='lat'><strong>:</strong></span> <span class='ocrx_word' id='word_1_236' title='bbox 507 2241 526 2263; x_wconf 88' lang='lat'>«</span> <span class='ocrx_word' id='word_1_237' title='bbox 554 2225 644 2267; x_wconf 87' lang='lat' dir='ltr'>Vos</span> <span class='ocrx_word' id='word_1_238' title='bbox 666 2239 754 2267; x_wconf 89' lang='lat' dir='ltr'>non</span> <span class='ocrx_word' id='word_1_239' title='bbox 778 2222 986 2266; x_wconf 87' lang='lat' dir='ltr'>habebitis</span> <span class='ocrx_word' id='word_1_240' title='bbox 1010 2222 1149 2266; x_wconf 85' lang='lat' dir='ltr'>adhuc</span> <span class='ocrx_word' id='word_1_241' title='bbox 1171 2237 1427 2280; x_wconf 88' lang='lat' dir='ltr'>responsum</span> <span class='ocrx_word' id='word_1_242' title='bbox 1453 2220 1595 2265; x_wconf 87' lang='lat' dir='ltr'>hodie.</span> <span class='ocrx_word' id='word_1_243' title='bbox 1629 2239 1650 2260; x_wconf 92' lang='lat'>»</span> <span class='ocrx_word' id='word_1_244' title='bbox 1677 2220 1800 2270; x_wconf 87' lang='lat' dir='ltr'>Item,</span> <span class='ocrx_word' id='word_1_245' title='bbox 1823 2218 1930 2264; x_wconf 86' lang='lat' dir='ltr'>dixit</span> 
     </span>
     <span class='ocr_line' id='line_1_26' title="bbox 289 2302 1928 2367; baseline -0.004 -15"><span class='ocrx_word' id='word_1_246' title='bbox 289 2307 406 2367; x_wconf 86' lang='lat' dir='ltr'>quod</span> <span class='ocrx_word' id='word_1_247' title='bbox 435 2320 566 2351; x_wconf 73' lang='lat' dir='ltr'>voces</span> <span class='ocrx_word' id='word_1_248' title='bbox 584 2307 785 2350; x_wconf 88' lang='lat' dir='ltr'>dixerunt</span> <span class='ocrx_word' id='word_1_249' title='bbox 807 2308 842 2349; x_wconf 93' lang='lat' dir='ltr'>ei</span> <span class='ocrx_word' id='word_1_250' title='bbox 866 2305 984 2364; x_wconf 91' lang='lat' dir='ltr'>quod</span> <span class='ocrx_word' id='word_1_251' title='bbox 1000 2304 1273 2362; x_wconf 87' lang='lat' dir='ltr'>responderet</span> <span class='ocrx_word' id='word_1_252' title='bbox 1288 2304 1501 2348; x_wconf 88' lang='lat' dir='ltr'>audacter.</span> <span class='ocrx_word' id='word_1_253' title='bbox 1532 2305 1657 2357; x_wconf 89' lang='lat' dir='ltr'>Item,</span> <span class='ocrx_word' id='word_1_254' title='bbox 1687 2302 1790 2347; x_wconf 91' lang='lat' dir='ltr'>dicit</span> <span class='ocrx_word' id='word_1_255' title='bbox 1811 2302 1928 2360; x_wconf 89' lang='lat' dir='ltr'>quod</span> 
     </span>
     <span class='ocr_line' id='line_1_27' title="bbox 290 2387 1930 2447; baseline -0.003 -12"><span class='ocrx_word' id='word_1_256' title='bbox 290 2392 397 2435; x_wconf 85' lang='lat' dir='ltr'>bene</span> <span class='ocrx_word' id='word_1_257' title='bbox 419 2391 525 2435; x_wconf 80' lang='lat' dir='ltr'>dixit</span> <span class='ocrx_word' id='word_1_258' title='bbox 547 2399 556 2424; x_wconf 78' lang='lat'>³</span> <span class='ocrx_word' id='word_1_259' title='bbox 586 2392 670 2447; x_wconf 86' lang='lat' dir='ltr'>regi</span> <span class='ocrx_word' id='word_1_260' title='bbox 689 2405 768 2435; x_wconf 87' lang='lat' dir='ltr'>suo</span> <span class='ocrx_word' id='word_1_261' title='bbox 792 2403 931 2434; x_wconf 88' lang='lat' dir='ltr'>toturn</span> <span class='ocrx_word' id='word_1_262' title='bbox 957 2405 1040 2433; x_wconf 90' lang='lat' dir='ltr'>una</span> <span class='ocrx_word' id='word_1_263' title='bbox 1060 2391 1148 2432; x_wconf 67' lang='lat' dir='ltr'>vice</span> <span class='ocrx_word' id='word_1_264' title='bbox 1173 2388 1290 2447; x_wconf 78' lang='lat' dir='ltr'>quod</span> <span class='ocrx_word' id='word_1_265' title='bbox 1306 2388 1387 2432; x_wconf 89' lang='lat' dir='ltr'>sibi</span> <span class='ocrx_word' id='word_1_266' title='bbox 1408 2387 1542 2432; x_wconf 89' lang='lat' dir='ltr'>fuerat</span> <span class='ocrx_word' id='word_1_267' title='bbox 1558 2387 1809 2439; x_wconf 84' lang='lat' dir='ltr'>revelatum,</span> <span class='ocrx_word' id='word_1_268' title='bbox 1830 2387 1930 2443; x_wconf 87' lang='lat' dir='ltr'>quia</span> 
     </span>
     <span class='ocr_line' id='line_1_28' title="bbox 291 2469 1929 2532; baseline -0.003 -14"><span class='ocrx_word' id='word_1_269' title='bbox 291 2474 377 2518; x_wconf 89' lang='lat' dir='ltr'>ibat</span> <span class='ocrx_word' id='word_1_270' title='bbox 415 2474 465 2517; x_wconf 88' lang='lat' dir='ltr'>ad</span> <span class='ocrx_word' id='word_1_271' title='bbox 497 2476 653 2532; x_wconf 87' lang='lat' dir='ltr'>ipsum.</span> <span class='ocrx_word' id='word_1_272' title='bbox 699 2474 814 2516; x_wconf 88' lang='lat' dir='ltr'>Dicit</span> <span class='ocrx_word' id='word_1_273' title='bbox 839 2486 983 2516; x_wconf 89' lang='lat' dir='ltr'>tamen</span> <span class='ocrx_word' id='word_1_274' title='bbox 1021 2471 1138 2531; x_wconf 82' lang='lat' dir='ltr'>quod</span> <span class='ocrx_word' id='word_1_275' title='bbox 1174 2488 1261 2515; x_wconf 91' lang='lat' dir='ltr'>non</span> <span class='ocrx_word' id='word_1_276' title='bbox 1292 2471 1416 2515; x_wconf 86' lang='lat' dir='ltr'>habet</span> <span class='ocrx_word' id='word_1_277' title='bbox 1442 2471 1583 2515; x_wconf 84' lang='lat' dir='ltr'>adhuc</span> <span class='ocrx_word' id='word_1_278' title='bbox 1621 2470 1834 2514; x_wconf 87' lang='lat' dir='ltr'>licentiam</span> <span class='ocrx_word' id='word_1_279' title='bbox 1878 2469 1929 2514; x_wconf 90' lang='lat' dir='ltr'>de</span> 
     </span>
     <span class='ocr_line' id='line_1_29' title="bbox 292 2552 1930 2615; baseline -0.004 -13"><span class='ocrx_word' id='word_1_280' title='bbox 292 2556 519 2602; x_wconf 86' lang='lat' dir='ltr'>revelando</span> <span class='ocrx_word' id='word_1_281' title='bbox 547 2556 652 2601; x_wconf 89' lang='lat' dir='ltr'>illud</span> <span class='ocrx_word' id='word_1_282' title='bbox 679 2556 796 2615; x_wconf 89' lang='lat' dir='ltr'>quod</span> <span class='ocrx_word' id='word_1_283' title='bbox 830 2568 999 2600; x_wconf 89' lang='lat' dir='ltr'>sanctus</span> <span class='ocrx_word' id='word_1_284' title='bbox 1030 2555 1213 2599; x_wconf 87' lang='lat' dir='ltr'>Michael</span> <span class='ocrx_word' id='word_1_285' title='bbox 1246 2554 1354 2598; x_wconf 82' lang='lat' dir='ltr'>dixit</span> <span class='ocrx_word' id='word_1_286' title='bbox 1394 2555 1488 2599; x_wconf 90' lang='lat' dir='ltr'>sibi.</span> <span class='ocrx_word' id='word_1_287' title='bbox 1530 2555 1645 2598; x_wconf 85' lang='lat' dir='ltr'>Dicit</span> <span class='ocrx_word' id='word_1_288' title='bbox 1675 2553 1784 2598; x_wconf 86' lang='lat' dir='ltr'>ultra</span> <span class='ocrx_word' id='word_1_289' title='bbox 1811 2552 1930 2611; x_wconf 88' lang='lat' dir='ltr'>quod</span> 
     </span>
     <span class='ocr_line' id='line_1_30' title="bbox 292 2635 1930 2698; baseline -0.002 -14"><span class='ocrx_word' id='word_1_290' title='bbox 292 2641 398 2685; x_wconf 91' lang='lat' dir='ltr'>bene</span> <span class='ocrx_word' id='word_1_291' title='bbox 423 2641 550 2684; x_wconf 74' lang='lat' dir='ltr'>vellet</span> <span class='ocrx_word' id='word_1_292' title='bbox 577 2639 695 2698; x_wconf 89' lang='lat' dir='ltr'>quod</span> <span class='ocrx_word' id='word_1_293' title='bbox 719 2641 986 2697; x_wconf 89' lang='lat' dir='ltr'>interrogans</span> <span class='ocrx_word' id='word_1_294' title='bbox 1012 2638 1183 2682; x_wconf 90' lang='lat' dir='ltr'>haberet</span> <span class='ocrx_word' id='word_1_295' title='bbox 1209 2639 1376 2696; x_wconf 87' lang='lat' dir='ltr'>copiam</span> <span class='ocrx_word' id='word_1_296' title='bbox 1404 2638 1517 2682; x_wconf 89' lang='lat' dir='ltr'>illius</span> <span class='ocrx_word' id='word_1_297' title='bbox 1539 2638 1631 2681; x_wconf 91' lang='lat' dir='ltr'>libri</span> <span class='ocrx_word' id='word_1_298' title='bbox 1648 2638 1721 2695; x_wconf 90' lang='lat' dir='ltr'>qui</span> <span class='ocrx_word' id='word_1_299' title='bbox 1741 2649 1802 2680; x_wconf 89' lang='lat' dir='ltr'>est</span> <span class='ocrx_word' id='word_1_300' title='bbox 1819 2635 1930 2694; x_wconf 89' lang='lat' dir='ltr'>apud</span> 
     </span>
     <span class='ocr_line' id='line_1_31' title="bbox 292 2721 1428 2776; baseline -0.003 -9"><span class='ocrx_word' id='word_1_301' title='bbox 292 2725 488 2776; x_wconf 71' lang='lat' dir='ltr'>Pictavis,</span> <span class='ocrx_word' id='word_1_302' title='bbox 518 2721 761 2767; x_wconf 77' lang='lat' dir='ltr'>dummodo</span> <span class='ocrx_word' id='word_1_303' title='bbox 784 2723 902 2766; x_wconf 90' lang='lat' dir='ltr'>Deus</span> <span class='ocrx_word' id='word_1_304' title='bbox 928 2723 982 2765; x_wconf 88' lang='lat' dir='ltr'>sit</span> <span class='ocrx_word' id='word_1_305' title='bbox 996 2721 1048 2766; x_wconf 90' lang='lat' dir='ltr'>de</span> <span class='ocrx_word' id='word_1_306' title='bbox 1076 2722 1157 2766; x_wconf 91' lang='lat' dir='ltr'>hoc</span> <span class='ocrx_word' id='word_1_307' title='bbox 1186 2733 1428 2765; x_wconf 89' lang='lat' dir='ltr'>contentus.</span> 
     </span>
    </p>

    <p class='ocr_par' dir='ltr' id='par_1_11' title="bbox 294 2803 1928 2945">
     <span class='ocr_line' id='line_1_32' title="bbox 350 2803 1928 2863; baseline -0.003 -13"><span class='ocrx_word' id='word_1_308' title='bbox 350 2808 611 2863; x_wconf 88' lang='lat' dir='ltr'>Interrogata</span> <span class='ocrx_word' id='word_1_309' title='bbox 634 2821 687 2849; x_wconf 91' lang='lat' dir='ltr'>an</span> <span class='ocrx_word' id='word_1_310' title='bbox 709 2821 834 2849; x_wconf 85' lang='lat' dir='ltr'>voces</span> <span class='ocrx_word' id='word_1_311' title='bbox 855 2805 1056 2849; x_wconf 85' lang='lat' dir='ltr'>dixerunt</span> <span class='ocrx_word' id='word_1_312' title='bbox 1080 2806 1118 2848; x_wconf 91' lang='lat' dir='ltr'>ei</span> <span class='ocrx_word' id='word_1_313' title='bbox 1138 2804 1257 2862; x_wconf 89' lang='lat' dir='ltr'>quod</span> <span class='ocrx_word' id='word_1_314' title='bbox 1282 2821 1369 2848; x_wconf 92' lang='lat' dir='ltr'>non</span> <span class='ocrx_word' id='word_1_315' title='bbox 1386 2803 1495 2848; x_wconf 86' lang='lat' dir='ltr'>dicat</span> <span class='ocrx_word' id='word_1_316' title='bbox 1515 2803 1798 2847; x_wconf 85' lang='lat' dir='ltr'>revelationes</span> <span class='ocrx_word' id='word_1_317' title='bbox 1819 2818 1928 2853; x_wconf 87' lang='lat' dir='ltr'>suas,</span> 
     </span>
     <span class='ocr_line' id='line_1_33' title="bbox 294 2885 1926 2945; baseline -0.002 -12"><span class='ocrx_word' id='word_1_318' title='bbox 294 2891 385 2933; x_wconf 87' lang='lat' dir='ltr'>sine</span> <span class='ocrx_word' id='word_1_319' title='bbox 410 2890 577 2933; x_wconf 87' lang='lat' dir='ltr'>licentia</span> <span class='ocrx_word' id='word_1_320' title='bbox 592 2904 740 2932; x_wconf 89' lang='lat' dir='ltr'>earum</span> <span class='ocrx_word' id='word_1_321' title='bbox 764 2906 772 2932; x_wconf 89' lang='lat'>:</span> <span class='ocrx_word' id='word_1_322' title='bbox 803 2887 1023 2945; x_wconf 87' lang='lat' dir='ltr'>respondit</span> <span class='ocrx_word' id='word_1_323' title='bbox 1047 2905 1054 2931; x_wconf 91' lang='lat'>:</span> <span class='ocrx_word' id='word_1_324' title='bbox 1079 2887 1269 2931; x_wconf 89' lang='lat' dir='ltr'>«Adhuc</span> <span class='ocrx_word' id='word_1_325' title='bbox 1291 2887 1390 2931; x_wconf 88' lang='lat' dir='ltr'>inde</span> <span class='ocrx_word' id='word_1_326' title='bbox 1406 2903 1495 2931; x_wconf 92' lang='lat' dir='ltr'>non</span> <span class='ocrx_word' id='word_1_327' title='bbox 1517 2886 1640 2930; x_wconf 89' lang='lat' dir='ltr'>vobis</span> <span class='ocrx_word' id='word_1_328' title='bbox 1658 2885 1926 2944; x_wconf 90' lang='lat' dir='ltr'>respondeo;</span> 
     </span>
    </p>
   </div>
   <div class='ocr_carea' id='block_1_3' title="bbox 347 3093 1741 3141">
    <p class='ocr_par' dir='ltr' id='par_1_12' title="bbox 347 3093 1741 3141">
     <span class='ocr_line' id='line_1_34' title="bbox 347 3093 1741 3141; baseline -0.002 -10"><span class='ocrx_word' id='word_1_329' title='bbox 347 3109 373 3131; x_wconf 91' lang='lat'>1.</span> <span class='ocrx_word' id='word_1_330' title='bbox 398 3098 430 3141; x_wconf 78' lang='lat' dir='ltr'><strong><em>Q</em></strong></span> <span class='ocrx_word' id='word_1_331' title='bbox 447 3107 544 3132; x_wconf 75' lang='lat' dir='ltr'>ornet</span> <span class='ocrx_word' id='word_1_332' title='bbox 561 3098 732 3131; x_wconf 71' lang='lat' dir='ltr'>etiam.—</span> <span class='ocrx_word' id='word_1_333' title='bbox 753 3107 784 3130; x_wconf 85' lang='lat'>2.</span> <span class='ocrx_word' id='word_1_334' title='bbox 808 3096 874 3130; x_wconf 75' lang='lat' dir='ltr'>AC</span> <span class='ocrx_word' id='word_1_335' title='bbox 909 3107 952 3129; x_wconf 83' lang='lat' dir='ltr'>en</span> <span class='ocrx_word' id='word_1_336' title='bbox 974 3107 1094 3141; x_wconf 83' lang='lat' dir='ltr'>marge</span> <span class='ocrx_word' id='word_1_337' title='bbox 1118 3096 1281 3130; x_wconf 65' lang='lat' dir='ltr'>:Sanctus</span> <span class='ocrx_word' id='word_1_338' title='bbox 1299 3094 1454 3129; x_wconf 78' lang='lat' dir='ltr'>Mz&#39;chael.</span> <span class='ocrx_word' id='word_1_339' title='bbox 1469 3115 1515 3120; x_wconf 93' lang='lat'>—-</span> <span class='ocrx_word' id='word_1_340' title='bbox 1535 3095 1599 3138; x_wconf 80' lang='lat' dir='ltr'>3.B</span> <span class='ocrx_word' id='word_1_341' title='bbox 1617 3107 1627 3128; x_wconf 92' lang='grc'>.·</span> <span class='ocrx_word' id='word_1_342' title='bbox 1648 3093 1741 3129; x_wconf 76' lang='lat' dir='ltr'>dz&#39;cit.</span> 
     </span>
    </p>
   </div>
  </div>
 </body>
</html>
