2099 3356
271 186 357 228 410
549 170 704 215 PRoc'Es
736 185 793 214 DE
826 183 1176 216 conoAMNATION
1210 185 1265 215 DE
1296 185 1461 227 JEANNE
1493 171 1622 216 D'ARc

270 283 442 337 Bosquier
464 293 491 330 ¹,
519 284 558 322 in
583 283 666 335 ipsa
688 296 801 322 causa
823 282 1022 332 delatum3
1045 283 1209 336 visaque
1231 292 1335 323 certa
1356 283 1641 324 informatione
1665 285 1713 325 de
1735 294 1772 326 et
1792 299 1912 339 super

272 354 345 394 sibi
366 354 577 407 impositiS,
601 354 648 394 de
670 352 854 394 mandato
879 363 1016 394 nostro
1041 354 1140 394 facta
1162 364 1200 394 et
1220 354 1337 394 nobis
1370 365 1590 408 reportata;
1619 357 1711 410 quia
1738 370 1807 409 per
1827 357 1914 397 dic-

272 436 351 466 tam
373 425 697 465 informationem
716 425 896 478 adquam
918 439 958 465 se
978 425 1110 465 retulit
1134 427 1218 479 ipse
1237 425 1388 466 delatus
1412 441 1444 475 2,
1463 420 1579 466 nobis
1601 427 1780 481 legitime
1799 442 1915 468 cons·

273 499 351 537 titit
375 507 490 550 atque
511 506 667 536 constat
691 497 842 537 dictum
867 496 1044 537 delatum
1075 498 1116 537 in
1146 507 1254 538 certo
1283 498 1388 547 loco,
1418 500 1555 552 paucis
1578 500 1726 540 ibidem
1760 500 1916 540 adstan-

273 568 390 617 tibus,
418 569 563 608 dixisse
584 578 623 609 et
641 568 869 621 protulisse,
891 569 983 608 satis
1003 569 1081 608 cito
1104 578 1316 623 postquam
1336 571 1517 624 quaedam
1547 571 1707 619 mulier,
1731 571 1915 620 Johanna

273 640 309 680 la
355 639 501 680 Pucelle
524 639 739 693 vulgariter
763 640 880 689 dicta,
907 640 981 680 fuit
1015 654 1085 694 per
1109 655 1182 680 nos
1208 651 1245 681 et
1267 651 1440 682 nostram
1476 643 1711 682 sententiam
1741 642 1916 682 definiti-

271 725 359 750 vam
378 720 405 758 3,
429 720 617 764 tanquam
639 711 838 759 haeretica,
861 712 1126 764 jurisdictioni
1149 712 1326 752 saeculari
1343 713 1543 762 derelicta,
1567 713 1796 767 quodmale
1811 713 1913 754 fece-

271 796 401 822 ramus
422 792 459 822 et
483 795 624 822 omnes
652 783 691 822 hi
717 783 784 836 qui
818 796 903 823 eam
930 783 1200 836 judicaverant
1232 784 1332 824 male
1370 784 1541 825 fecerant
1573 785 1684 839 (quae
1715 785 1875 840 quidem
1897 795 1914 820 4

267 853 386 894 verba
418 867 553 907 sapere
583 854 813 894 viderentur
839 863 848 888 5
876 854 1084 895 fautoriam
1110 857 1235 909 ipsius
1257 856 1491 909 Johannae),
1517 867 1555 897 et
1579 870 1649 910 per
1676 857 1752 897 hoc
1777 857 1910 909 ipsum

269 927 439 978 graviter
459 939 641 979 peccasse
660 936 697 966 et
721 940 869 966 errasse
890 941 898 966 ;
923 927 1190 967 nihilominus
1214 938 1363 975 tamen,
1389 929 1481 982 quia
1507 927 1616 968 idem
1635 928 1751 968 frater
1775 925 1911 968 Petrus'

270 997 451 1050 cupiens,
469 1007 510 1036 ut
534 998 699 1038 asseruit
715 1011 846 1038 coram
870 998 1002 1047 nobis,
1028 998 1136 1039 velut
1158 999 1286 1039 bonus
1311 1009 1348 1040 et
1366 1013 1482 1039 verus
1510 999 1744 1048 catholicus,
1766 1010 1911 1039 sanctae
1930 1033 1932 1035 .

272 1070 385 1108 matri
412 1078 557 1109 nostrie
583 1069 770 1110 Ecclesiae
796 1080 832 1110 et
865 1070 995 1118 nobis,
1019 1070 1217 1123 judicibus
1245 1072 1326 1110 suis
1355 1072 1393 1111 in
1422 1072 1494 1111 hac
1526 1081 1650 1125 parte,
1677 1085 1767 1112 cum
1799 1071 1912 1111 omni

273 1140 498 1181 humilitate
522 1151 559 1180 et
581 1141 813 1189 devotione,
831 1152 950 1195 prout
972 1142 1019 1182 ad
1041 1143 1118 1182 hoc
1143 1156 1183 1182 se
1207 1144 1331 1183 teneri
1351 1143 1552 1196 professus
1570 1153 1642 1192 est,
1664 1144 1703 1182 in
1726 1142 1914 1182 omnibus

271 1222 308 1252 et
330 1226 399 1265 per
420 1214 557 1252 omnia
581 1213 758 1261 obedire,
781 1227 902 1267 seque
921 1228 1039 1267 super
1061 1215 1137 1254 hoc
1159 1215 1429 1254 emendationi
1455 1225 1491 1255 et
1512 1216 1750 1255 correctioni
1771 1215 1916 1255 nostris

274 1284 486 1324 liberaliter
516 1298 555 1324 se
580 1285 780 1334 submisit,
809 1287 953 1326 nostris
986 1287 1104 1326 ctiam
1142 1297 1352 1340 promptus
1389 1300 1534 1340 parere*
1557 1287 1752 1326 mandatis
1776 1301 1783 1325 :
1809 1288 1912 1334 Nos,

274 1357 588 1396 misericordiam
611 1358 732 1409 rigori
754 1356 937 1410 praeferre
962 1357 1158 1406 volentes,
1191 1367 1337 1398 attenta
1369 1360 1588 1411 praesertim
1621 1372 1802 1411 personae
1833 1371 1913 1398 suae

271 1428 473 1482 qualitate,
493 1438 530 1468 et
548 1429 655 1483 quod
680 1442 723 1468 ea
745 1429 843 1469 dixit
864 1439 901 1469 et
922 1430 1087 1482 protulit
1105 1440 1194 1483 post
1213 1440 1368 1484 potum,
1391 1441 1507 1484 prout
1525 1431 1620 1470 dicit
1638 1440 1675 1470 et
1691 1429 1857 1470 affirmat
1879 1431 1919 1478 ⁶,

270 1514 290 1539 a
312 1501 517 1540 sententiis
539 1514 634 1554 quas
660 1510 821 1554 propter
845 1501 921 1541 hoc
945 1502 1108 1540 incurrit
1129 1515 1220 1541 eum
1247 1501 1512 1550 absolventes,
1535 1502 1582 1541 ad
1606 1511 1756 1541 coetum
1776 1502 1911 1541 catho-

271 1571 393 1611 licum
424 1585 700 1625 aggregamus,
727 1582 764 1612 et
797 1573 842 1612 ad
869 1586 980 1613 suam
1003 1574 1147 1612 bonam
1183 1573 1344 1621 famam,
1377 1574 1406 1612 si
1430 1583 1443 1608 7
1474 1583 1510 1613 et
1547 1583 1664 1626 prout
1697 1587 1799 1626 opus
1836 1583 1908 1621 est,

272 1644 530 1682 restituimus,
546 1645 680 1697 Ipsum
704 1654 836 1683 tamen
859 1645 905 1683 ad
928 1645 1143 1684 tenendum
1165 1659 1360 1684 carcerem
1379 1659 1468 1684 cum
1489 1657 1589 1698 pane
1608 1654 1645 1685 et
1662 1658 1763 1698 aqua
1783 1658 1910 1698 usque

269 1715 315 1754 ad
341 1715 445 1753 diem
470 1716 627 1755 Paschae
653 1718 666 1741 ⁸
692 1717 935 1769 proximum,
963 1717 1219 1769 Rothomagi,
1246 1717 1284 1755 in
1310 1717 1433 1756 domo
1470 1718 1645 1756 Fratrum
1675 1716 1911 1756 Praedicato-

271 1801 358 1825 rum
382 1796 411 1834 ⁹,
436 1801 504 1839 per
526 1788 626 1826 hanc
661 1798 835 1826 nostram
862 1789 1096 1827 sententiam
1132 1788 1374 1842 definitivam
1393 1798 1438 1834 ¹0,
1464 1803 1581 1842 quam
1623 1803 1694 1842 pro
1723 1787 1909 1828 tribunali

272 1859 452 1898 sedentes
478 1858 654 1906 ferimus,
686 1860 724 1897 in
757 1860 817 1898 his
851 1860 1021 1912 scriptis,
1051 1861 1170 1912 gratia
1201 1870 1237 1899 et
1272 1861 1543 1899 moderatione
1575 1861 1719 1900 nostris
1756 1873 1912 1914 semper

271 1929 403 1977 salvis,
427 1930 757 1969 condemnamus
785 1933 927 1970 Actum
951 1931 1210 1985 Rotliomagi,
1239 1944 1323 1970 vni.
1346 1931 1408 1970 die
1430 1933 1602 1985 augusti,
1634 1945 1727 1983 1431
1758 1941 1801 1970 ¹¹.

1036 2110 1146 2165 [vt]

273 2232 395 2270 Coma
429 2243 678 2270 ΗΠΕκΑκυΜ
719 2232 1031 2270 UNIVI-:RSITATIS
1072 2232 1316 2271 Palosis-,mm
1346 2244 1542 2270 missust-M
1585 2244 1747 2272 DOMINIS
1779 2233 1908 2281 PAPAE,

326 2304 565 2342 IMPERATORI
597 2315 645 2341 ET
676 2303 880 2342 Coi.1.Eolo
911 2303 1207 2342 CARDINALIL'M.

327 2429 383 2466 Eo
415 2427 646 2480 diligentius
681 2427 966 2466 elaborandum
1002 2428 1229 2480 opinamur,
1260 2427 1484 2466 beatissime
1520 2437 1643 2480 pater,
1668 2442 1716 2466 ne
1738 2428 1911 2481 pseudo-

274 2500 555 2552 prophetarum
577 2508 615 2537 et
636 2498 896 2551 reproborum
924 2499 1135 2537 hominum
1159 2499 1332 2551 pestiferi
1365 2508 1530 2537 conatus
1560 2499 1775 2538 Ecclesiam
1801 2514 1910 2538 sanc-

327 2684 354 2707 1.
375 2674 405 2706 :l
434 2673 552 2719 ajoute
583 2672 712 2706 ordinis
739 2674 896 2718 fratrum
929 2672 1193 2707 Praedisatoriim
1213 2686 1222 2709 ,·
1253 2673 1394 2707 Bomet
1416 2673 1551 2706 Petrum
1581 2673 1734 2719 Bosquitffr
1760 2683 1792 2708 et
1813 2682 1912 2720 porte

274 2744 321 2765 un
343 2741 498 2777 grattage
515 2733 592 2778 plus
610 2733 695 2777 long
712 2744 779 2778 que
799 2744 855 2766 ces
873 2732 967 2766 deux
982 2741 1099 2774 mots;
1124 2732 1154 2767 C
1173 2741 1273 2766 omet
1292 2733 1461 2778 Bosquier.
1481 2753 1527 2757 -—
1543 2742 1575 2766 2.
1604 2733 1652 2766 Le
1667 2733 1798 2779 copiste
1819 2734 1861 2767 de
1883 2732 1913 2767 C

273 2792 362 2825 avait
381 2792 523 2825 d'abord
542 2792 811 2837 ecritpraesatus.
848 2812 896 2816 —
925 2801 955 2835 3.
985 2791 1051 2826 AC
1072 2804 1082 2825 .·
1102 2791 1340 2838 deffinitivam.
1377 2811 1424 2817 —
1455 2801 1489 2833 4.
1519 2791 1586 2826 AC
1615 2804 1625 2826 .·
1657 2792 1829 2837 siquidem.
1866 2813 1912 2817 —

278 2861 306 2892 5.
328 2851 358 2884 A
385 2862 394 2884 :
414 2851 581 2885 videntur.
610 2871 657 2877 —
682 2851 714 2885 6.
738 2850 803 2885 Les
822 2859 915 2885 mots
932 2856 1034 2896 prout
1053 2851 1135 2885 dicit
1155 2850 1340 2896 etaffirmal
1358 2862 1416 2884 sur
1439 2859 1594 2897 grattage
1617 2851 1712 2896 (plus
1732 2851 1817 2897 long
1843 2862 1911 2898 que

273 2910 450 2953 cesmots)
467 2921 509 2943 en
525 2910 563 2944 B.
580 2931 625 2934 —
645 2921 677 2955 7.
695 2910 762 2944 AC
779 2918 954 2944 ornettent
975 2911 1014 2944 si.
1036 2931 1080 2936 -
1093 2911 1113 2944 8
1139 2910 1170 2945 C
1188 2922 1197 2944 .·
1214 2909 1337 2944 Pachae.
1357 2930 1403 2935 ——
1422 2921 1456 2956 9.
1472 2909 1502 2944 C
1515 2918 1611 2944 omet
1628 2909 1791 2944 Fratrum
1811 2910 1908 2944 Prae-

273 2969 468 3002 dicatorum.
482 2989 526 2993 -
548 2980 600 3003 10.
615 2969 682 3004 AC
700 2981 709 3003 .·
727 2969 967 3014 diffinitivam.
984 2990 1029 2995 —
1055 2980 1108 3004 11.
1121 2970 1152 3003 A
1174 2981 1184 3003 :
1198 2969 1250 3003 die
1276 2969 1367 3003 VIII
1380 2970 1500 3003 mensis
1519 2970 1752 3014 augustiniano
1766 2969 1911 3004 Domini

272 3028 450 3061 millesimo
477 3027 619 3062 CCCCo
648 3028 805 3073 XXXJ0;
828 3029 858 3062 le
880 3037 957 3062 mot
984 3030 1121 3073 augusti
1146 3037 1179 3063 et
1204 3029 1236 3063 le
1253 3028 1443 3063 millesime
1460 3040 1518 3062 sur
1532 3037 1690 3074 grattage
1707 3039 1750 3062 en
1771 3029 1822 3069 B,·
1845 3028 1874 3062 C
1898 3041 1908 3062 .-

280 3087 367 3120 VIII
391 3087 442 3120 die
461 3089 578 3121 mensis
597 3089 732 3132 augusti
751 3100 838 3121 anno
857 3088 1043 3122 Domini...

1934 3117 1941 3132 1
