2099 3356
318 179 400 222 282
598 177 758 220 Pitoci'zs
791 190 846 219 DE
880 180 1229 220 coNDAMNATION
1264 189 1321 219 DE
1351 189 1515 231 JEANNE
1547 174 1673 220 D’ARc

313 291 405 330 serit
417 290 609 342 abjurare,
626 298 664 328 et
679 279 988 328 satisfactionem
1002 300 1222 341 congruam
1238 286 1441 335 exhibere,
1459 286 1745 340 relinquendus
1760 296 1819 327 est
1834 300 1959 328 saecu-

316 362 405 401 laris
426 361 567 415 judicis
585 360 763 407 arbitrio,
778 359 951 399 debitam
968 368 1214 412 recepturus,
1230 372 1300 412 pro
1316 359 1503 412 qualitate
1516 357 1719 407 facinoris,
1744 358 1957 400 ultionem.

315 433 398 480 Qui
423 433 453 471 si
478 432 654 485 abjurare
670 430 856 478 voluerit,
873 430 1129 484 impendatur
1141 431 1177 470 ei
1200 429 1441 470 beneficium
1460 429 1741 479 absolutionis,
1768 439 1808 470 et
1824 431 1958 483 injun-

313 514 427 557 gatur
450 503 580 543 eidem
602 503 710 556 quod
726 502 881 555 injungi
905 501 1049 541 talibus
1072 502 1307 550 consuevit3
1326 510 1365 541 et
1389 502 1428 540 in
1450 514 1666 549 carcerem,
1689 501 1736 540 ad
1752 501 1957 554 agendum

319 576 613 628 poenitentiam,
639 573 880 621 includatur,
913 587 1013 626 pane
1043 572 1195 612 doloris
1216 581 1254 612 et
1278 586 1379 626 aqua
1409 573 1601 626 angustiae
1625 582 1633 598 ¹
1661 572 1959 622 sustentandus,

318 656 362 686 ut
385 646 599 686 commissa
629 644 788 693 defleat,
811 654 848 684 et
872 644 1005 684 flenda
1028 644 1197 684 ulterius
1218 657 1299 683 non
1323 644 1562 685 committat.
1590 659 1609 680 >2
1635 644 1701 684 Sic
1724 644 1922 697 signatum
1950 659 1959 683 ;

321 735 339 753 «
363 719 410 756 D.
439 718 694 756 GAsTmEL».

318 898 525 935 MAGISTER
553 908 761 944 JOHANNES
794 907 964 942 BASSETI,
998 906 1258 933 LICENTIATL'S
1289 907 1328 933 IN
1363 907 1461 943 JURE
1493 906 1712 943 CANONICO,
1750 906 1962 933 OFFICIALIS

373 980 722 1014 ROTHOMAGENSIS,
748 979 1012 1006 DELIBERAYIT
1038 979 1077 1005 IN
1105 979 1250 1005 MODUM
1277 978 1348 1010 QUI
1368 978 1567 1010 SEQUITUR
1589 975 1602 992 ²
1630 981 1637 1003 :

376 1127 393 1146 «
419 1112 546 1149 Pauca
580 1109 641 1148 vel
675 1109 798 1157 nulla,
834 1109 1037 1148 reverendi
1070 1119 1196 1162 patres
1227 1118 1269 1148 et-
1301 1109 1473 1155 domini,
1500 1108 1655 1147 domini
1683 1109 1722 1147 in
1758 1109 1831 1147 hac
1855 1117 1962 1161 parte

321 1182 566 1234 conjudices,
608 1182 645 1219 in
683 1180 773 1220 fidei
808 1190 885 1220 tam
921 1182 1077 1233 grandi,
1116 1190 1193 1220 tam
1225 1181 1360 1228 ardua,
1399 1174 1560 1233 tamque
1599 1179 1750 1219 difficili
1785 1180 1962 1228 materia,

322 1254 529 1307 potissime
557 1262 750 1306 quantum
778 1253 824 1291 ad
859 1262 1072 1305 praetensas
1100 1251 1379 1301 revelationes,
1410 1251 1458 1290 de
1485 1251 1629 1305 quibus
1663 1251 1705 1290 fit
1738 1252 1891 1290 mentio
1924 1252 1962 1289 in

320 1325 494 1365 articulis
514 1338 582 1378 per
596 1333 743 1364 vestras
756 1324 1053 1363 dominationes
1067 1324 1166 1363 mihi
1182 1324 1440 1372 transmissis,
1455 1323 1606 1377 aliquid
1623 1323 1753 1362 dicere
1779 1336 1960 1376 possum.

319 1399 621 1444 Verumtamen,
657 1397 872 1449 praemissis
901 1395 1255 1449 protestationibus
1293 1396 1331 1434 in
1361 1394 1504 1434 talibus
1537 1394 1618 1434 fieri
1648 1395 1865 1442 consuetis,
1892 1393 1964 1433 sub

320 1469 491 1521 benigna
521 1482 694 1522 quorum
727 1468 887 1506 interest
913 1468 1177 1513 correctione,
1209 1480 1280 1520 pro
1312 1480 1417 1505 nunc
1445 1466 1543 1505 mihi
1570 1466 1757 1505 videntur
1780 1465 1964 1513 dicenda,

318 1554 435 1593 super
456 1540 606 1579 eisdem
621 1539 810 1587 articulis,
838 1552 881 1578 ea
897 1553 985 1592 quae
1005 1548 1255 1592 sequuntur:

375 1629 392 1647 α
422 1613 468 1650 Et
488 1613 636 1665 primo,
662 1621 854 1665 quantum
869 1611 915 1650 ad
942 1612 1044 1664 ipsas
1064 1610 1328 1650 revelationes
1351 1619 1581 1663 praetensas,
1605 1609 1698 1648 dico
1723 1609 1847 1662 quod,
1871 1608 1963 1647 licet

321 1685 422 1723 dicta
440 1685 551 1722 istius
574 1683 752 1722 mulieris
774 1696 892 1735 super
914 1683 1127 1735 praemissis
1149 1682 1327 1721 articulis
1353 1682 1456 1734 apud
1483 1683 1612 1720 Deum
1638 1681 1717 1719 sint
1735 1680 1963 1734 possibilia;

320 1766 469 1802 tamen,
505 1755 595 1808 quia
627 1755 729 1793 dicta
761 1754 905 1793 mulier
935 1767 979 1792 ea
1005 1768 1086 1793 non
1114 1754 1280 1793 adstruit
1305 1767 1373 1806 per
1398 1753 1673 1806 operationem
1697 1751 1876 1791 miraculi
1904 1752 1963 1791 vel

321 1841 439 1866 sacrse
458 1827 670 1879 Scripturae
685 1826 978 1872 testimonium,
997 1826 1044 1864 de
1060 1825 1205 1879 quibus
1224 1839 1304 1864 non
1324 1834 1479 1864 constat
1496 1824 1714 1871 evidenter,
1733 1823 1963 1876 hujusmodi

321 1899 435 1938 dictis
448 1908 485 1938 et
497 1897 783 1937 assertionibus
796 1897 911 1936 dictae
927 1897 1104 1936 mulieris
1122 1910 1241 1950 super
1256 1897 1408 1936 eisdem
1425 1896 1632 1949 prsetensis
1655 1894 1965 1935 revelationibus

320 1970 546 2009 nullatenus
571 1979 627 2008 est
646 1968 905 2008 credendum.
929 1984 947 2004 »

377 2059 394 2078 c<
423 2043 537 2085 Item,
562 2040 691 2094 quoad
708 2041 981 2079 dimissionem
996 2040 1056 2078 sui
1073 2040 1230 2078 habitus
1253 2039 1475 2087 muliebris,
1502 2040 1532 2077 si
1555 2048 1686 2078 tamen
1711 2039 1757 2078 de
1785 2039 1862 2077 hoc
1878 2051 1959 2077 non

321 2113 500 2152 habuerit
529 2112 758 2151 mandatum
792 2125 810 2150 a
838 2112 937 2158 Deo,
971 2112 1078 2165 quod
1111 2124 1190 2149 non
1218 2111 1405 2159 creditur,
1435 2111 1525 2150 facit
1546 2120 1682 2149 contra
1704 2110 1900 2149 honorem
1929 2119 1969 2149 ct

321 2186 569 2223 honestatem
593 2197 706 2223 sexus
732 2183 923 2229 mulieris,
946 2196 987 2222 ac
1004 2192 1140 2221 contra
1169 2183 1297 2222 bonos
1320 2196 1453 2221 mores
1478 2192 1504 2220 3.
1534 2200 1549 2217 »

379 2273 397 2292 α
422 2258 534 2303 Item,
562 2265 598 2294 ct
619 2269 709 2294 casu
729 2256 937 2308 praemisso
953 2255 991 2293 in
1014 2254 1091 2293 hoc
1114 2254 1221 2307 quod
1247 2267 1327 2293 non
1354 2254 1480 2292 voluit
1498 2255 1669 2308 recipere
1687 2254 1965 2294 eucharistiam

324 2327 461 2366 saltem
485 2327 606 2366 semel
632 2328 669 2365 in
687 2339 809 2374 anno,
836 2327 946 2365 venit
969 2338 1154 2378 expresse
1171 2335 1308 2364 contra
1328 2325 1703 2364 determinationem
1729 2335 1767 2365 et
1785 2339 1965 2379 praecep-

324 2409 408 2437 tum
433 2398 634 2437 Ecclesiae.
661 2415 677 2433 ι)

380 2487 397 2506 «
419 2472 532 2517 Item,
559 2480 597 2509 et
618 2471 655 2507 in
674 2469 750 2508 hoc
772 2470 879 2522 quod
896 2468 1026 2508 noluit
1041 2481 1081 2508 se
1103 2467 1334 2507 submittere
1355 2468 1505 2522 judicio
1531 2468 1738 2507 militantis
1760 2467 1962 2518 Ecclesiae,

323 2541 623 2580 videturvenire
639 2550 776 2579 contra
799 2539 1010 2579 articulum
1033 2539 1140 2588 fidei,
1162 2540 1285 2578 Unam
1299 2543 1465 2578 sanctam
1482 2538 1679 2578 Ecclesiam
1694 2538 1922 2578 catholicam.
1944 2555 1962 2575 ›>

378 2629 396 2648 «
413 2614 757 2651 Praemissatamen
772 2610 1134 2664 semperintelligo,
1148 2611 1372 2649 dummodo
1389 2610 1650 2649 revelationes
1667 2611 1964 2663 istaepraetensae

322 2697 341 2722 a
365 2685 448 2722 Deo
472 2697 552 2722 non
569 2684 744 2731 veniant,
763 2683 870 2737 quod
896 2696 975 2721 non
1002 2682 1135 2721 credo.
1160 2683 1262 2730 Imo,
1289 2682 1335 2720 de
1356 2682 1442 2720 istis
1464 2691 1502 2720 et
1517 2680 1604 2720 aliis
1626 2694 1670 2720 ac
1691 2681 1806 2720 dictis
1818 2694 1965 2734 propo-

324 2754 534 2793 sitionibus
550 2754 823 2807 qualificandis
839 2763 877 2792 et
899 2753 1161 2806 baptizandis,
1182 2766 1245 2792 me
1264 2752 1554 2805 referojudicio
1573 2753 1832 2791 dominorum
1853 2753 1966 2792 theo-

325 2826 526 2877 logorum,
550 2825 596 2864 ad
627 2839 799 2878 quorum
821 2826 1025 2864 scientiam
1046 2826 1172 2877 magis
1193 2833 1343 2877 spectat
1362 2825 1433 2863 ista
1457 2824 1734 2862 determinare.
1756 2824 1964 2867 Quantum

326 2910 420 2938 ,vcro
442 2897 487 2936 ad
517 2897 682 2935 modum
705 2907 742 2935 et
772 2895 941 2935 formam
968 2909 1176 2948 processus
1205 2896 1318 2934 istius
1350 2895 1544 2943 mulieris,
1571 2908 1689 2947 super
1710 2907 1790 2948 quo
1814 2894 1965 2934 delibe-

384 3086 413 3108 1.
439 3075 504 3109 Sur
518 3084 673 3119 grattage
689 3067 732 3108 eii
750 3074 788 3108 B.
808 3095 854 3099 —
869 3085 901 3108 2.
917 3073 1014 3108 ALC
1022 3085 1065 3108 en
1081 3085 1202 3120 margo
1224 3086 1231 3109 ε
1246 3073 1410 3118 Iohannes
1423 3073 1561 3107 Basseti.
1583 3094 1626 3098 --
1646 3082 1677 3118 3.
1689 3072 1719 3107 C
1732 3082 1831 3108 omet
1847 3084 1952 3107 mores

2070 1270 2095 1334 ις

2066 1334 2094 1516 ἓ

2067 1517 2084 1548 s
2093 1528 2099 1555 χ

2065 1652 2095 1721 ἕ,

2067 1722 2090 1833 ξ

2067 1831 2083 1887 ‚i

2065 1890 2090 1933 s<

2066 1950 2099 2060 ἐῖ

2064 2071 2092 2314 Ξ

2057 2329 2089 2617 ξ

2055 2632 2086 2729 ’ἑὲ

2056 2735 2079 2826 ’Ξ

2059 2855 2077 2895 ᾖ
2082 2874 2086 2878 .

2061 2898 2089 2980 Ξῖ

2048 3205 2060 3217 e
2056 3156 2067 3181 .,
2058 3062 2077 3133 ³⁴1³·
2055 2982 2077 3035 -.'·¹'
2060 2931 2065 2948 ,v
