2099 3356
293 166 378 209 214
577 152 737 195 PROCl'zs
769 166 825 195 DE
856 165 1206 197 CONDAMNATION
1239 169 1296 198 DE
1326 169 1492 211 JEANNE
1524 155 1652 200 D'ARC

291 277 446 309 sanctae
472 264 706 309 Katharina
720 277 760 309 et
789 266 1023 323 Margareta
1046 265 1438 326 odiantAnglicos:
1463 268 1684 327 respondit
1700 269 1933 329 quodipsae

293 361 439 393 amant
464 347 572 392 illud
597 357 605 374 ¹
630 347 748 406 quod
770 348 890 393 Deus
915 361 1045 403 amat,
1075 362 1116 394 et
1142 349 1299 395 odiunt
1326 351 1444 410 quod
1466 353 1585 397 Deus
1605 351 1711 398 odit.
1743 354 1934 398 Interro-

293 445 388 490 gata
415 433 448 475 si
480 432 597 475 Deus
621 430 736 475 odiat
762 431 997 490 Anglicos:
1027 433 1247 492 respondit
1280 435 1414 493 quod,
1450 435 1502 480 de
1540 452 1688 481 amore
1733 436 1799 480 vel
1832 436 1934 481 odio

295 531 425 574 quem
465 516 582 559 Deus
613 514 738 560 habet
763 523 776 540 ²
804 514 855 559 ad
897 516 1118 574 Anglicos,
1159 517 1223 560 vel
1259 517 1364 577 quid
1393 519 1513 563 Deus
1541 519 1667 564 faciet
1708 519 1935 564 animabus

295 615 463 649 eorum,
493 599 602 642 nihil
629 600 731 653 scit3
759 598 832 644 sed
849 599 956 644 bene
983 602 1060 644 scit
1086 599 1204 660 quod
1227 602 1499 660 expellentur
1525 619 1547 646 a
1573 604 1764 657 Francia,
1788 619 1936 662 excep-

296 682 349 723 tis
373 680 454 723 illis
475 681 550 738 qui
574 680 837 735 morientur3
867 693 908 724 et
934 680 1053 739 quod
1079 682 1196 725 Deus
1225 683 1364 726 mittet
1388 684 1614 727 victoriam
1637 683 1811 729 Gallicis
1829 700 1938 728 con-

296 777 358 807 tra
380 763 599 819 Anglicos.
638 764 902 822 Interrogata
945 777 1092 808 utrum
1128 765 1246 809 Deus
1282 779 1367 810 erat
1406 783 1481 825 pro
1514 767 1722 824 Anglicis,
1759 766 1936 826 quando

298 846 509 892 habebant
539 849 866 905 prosperitatem
897 849 940 891 in
974 848 1178 893 Francia:
1209 849 1429 908 respondit
1457 851 1575 910 quod
1606 852 1694 910 ipsa
1727 852 1862 895 nescit
1904 852 1939 895 si

297 944 398 975 tunc
431 932 550 975 Deus
570 930 743 975 odiebat
767 931 981 987 Gallicos;
1009 930 1082 976 sed
1106 931 1238 976 credit
1263 933 1381 991 quod
1402 934 1570 978 volebat
1596 935 1840 992 permittere
1867 950 1940 979 eos

299 1015 459 1074 percuti
484 1030 561 1072 pro
590 1015 766 1073 peccatis
792 1016 895 1069 suis,
924 1017 956 1059 si
984 1027 1103 1059 erant
1126 1017 1169 1059 in
1191 1018 1388 1073 peccatis.

357 1165 562 1209 XXXVI.
601 1182 620 1205 «
653 1165 777 1218 ITEM,
813 1163 922 1208 dicta
965 1165 1165 1221 Johanna
1195 1164 1319 1220 dixit,
1355 1168 1532 1211 asseruit
1556 1180 1597 1211 et
1629 1183 1757 1225 super
1791 1167 1875 1212 hoc
1899 1183 1942 1212 se

302 1251 483 1306 jactavit,
504 1248 711 1307 dicitque,
734 1250 879 1294 asserit
906 1261 948 1293 et
969 1248 1020 1294 de
1043 1248 1112 1294 die
1141 1250 1185 1293 in
1220 1249 1336 1294 diem
1366 1266 1409 1294 se
1436 1252 1559 1308 jactat
1585 1252 1755 1295 scivisse
1779 1252 1944 1296 veraci-

301 1347 363 1379 ter
389 1345 429 1378 et
453 1334 559 1378 scire
588 1331 723 1391 quod,
744 1331 907 1378 nedum
936 1334 1040 1391 ipsa,
1067 1332 1138 1378 sed
1165 1335 1295 1378 etiam
1315 1333 1386 1378 alii
1413 1334 1627 1388 homines,
1653 1333 1707 1379 ad
1732 1336 1822 1392 ejus
1851 1336 1944 1378 ins·

300 1418 498 1470 tantiam,
525 1430 825 1474 cognoverunt
843 1430 884 1461 et
912 1418 1114 1461 veraciter
1131 1418 1348 1462 sciverunt
1363 1417 1597 1476 quamdam
1619 1434 1787 1472 vocem,
1808 1434 1942 1476 quam

301 1517 423 1545 suam
452 1499 644 1553 vocabat,
671 1500 721 1544 ad
754 1516 798 1544 se
837 1501 1110 1554 venientem;
1149 1500 1262 1554 licet,
1305 1500 1356 1546 de
1391 1503 1456 1545 sui
1489 1515 1654 1556 natura,
1688 1501 1943 1558 hujusmodi

300 1601 401 1637 vox,
423 1600 554 1643 quam
580 1583 809 1629 declaravit
844 1597 884 1629 et
911 1583 1108 1638 declarat,
1137 1584 1267 1630 fuerit
1301 1598 1342 1630 et
1368 1586 1422 1630 sit
1456 1585 1683 1630 invisibilis
1712 1602 1734 1629 a
1755 1598 1943 1630 creatura

305 1668 514 1714 humana.
554 1686 574 1708 »

361 1751 459 1796 *Ad
487 1751 602 1797 hunc
628 1760 638 1785 ³
661 1751 907 1813 articulum,
936 1751 1157 1810 respondit
1179 1762 1195 1785 ⁴
1225 1751 1344 1810 quod
1369 1768 1411 1796 se
1444 1764 1561 1797 tenet
1593 1751 1645 1797 ad
1673 1751 1714 1797 id
1750 1752 1869 1811 quod
1893 1752 1945 1798 de

305 1836 388 1880 hoc
405 1835 506 1880 alias
527 1835 648 1880 dixit.
1819 1831 1821 1834 ⁸

361 1920 487 1973 Item,
526 1921 650 1975 jovi5‚
691 1934 796 1963 xxn.
833 1918 1050 1971 februarii,
1089 1918 1197 1963 dixit
1235 1918 1353 1977 quod
1389 1918 1449 1963 illi
1487 1918 1539 1963 de
1577 1931 1692 1977 parte
1729 1935 1805 1964 sua
1833 1918 1941 1963 bene

304 2015 602 2061 cognoverunt
634 2002 752 2060 quod
786 2018 872 2047 vox
900 2002 978 2046 sibi
1015 2017 1220 2060 apparens
1250 2014 1337 2046 erat
1375 2018 1425 2046 ex
1467 2014 1582 2061 parte
1624 2002 1722 2056 Dei,
1763 2014 1804 2046 et
1827 2002 1945 2061 quod

305 2086 505 2131 viderunt
520 2099 559 2131 et
592 2098 890 2144 cognoverunt
915 2087 1050 2143 ipsam
1078 2101 1252 2138 vocem;
1278 2098 1320 2130 et
1347 2085 1467 2143 quod
1502 2086 1589 2143 ipsa
1612 2085 1810 2141 Johanna
1839 2085 1947 2130 bene

306 2173 397 2214 scit.
421 2171 526 2213 Item
554 2169 660 2213 dixit
686 2169 804 2228 quod
830 2185 900 2212 rex
924 2184 1028 2213 suus
1054 2183 1095 2213 et
1129 2169 1270 2227 plures
1296 2169 1367 2213 alii
1392 2168 1652 2214 audiverunt
1680 2181 1721 2212 et
1747 2167 1946 2214 viderunt

307 2270 431 2299 voces
452 2270 549 2312 quae
569 2253 798 2298 veniebant
826 2252 875 2297 ad
904 2267 1022 2307 eam;
1056 2266 1097 2297 et
1136 2252 1193 2297 ibi
1232 2265 1321 2297 erat
1361 2252 1543 2297 Karolus
1569 2251 1620 2297 de
1647 2251 1882 2306 Borbonio,
1907 2265 1947 2296 et

309 2339 397 2383 duo
416 2339 480 2382 vel
506 2351 588 2381 tres
609 2337 694 2381 alii.

368 2481 591 2525 XXXVII.
613 2498 632 2520 «
660 2481 784 2534 ITEM,
799 2479 917 2538 quod
936 2479 1044 2524 dicta
1067 2479 1266 2535 johanna
1292 2477 1448 2522 fatetur
1467 2494 1510 2523 se
1537 2478 1782 2537 frequenter
1803 2477 1948 2523 fecisse

307 2566 572 2610 contrarium
611 2564 725 2608 illius
752 2563 869 2622 quod
909 2563 989 2607 sibi
1033 2575 1291 2621 praeceptum
1339 2575 1382 2606 et
1422 2561 1670 2606 ordinatum
1707 2561 1842 2606 fuerat
1876 2577 1950 2619 per

309 2648 400 2691 illas
433 2648 728 2701 revelationes,
761 2663 864 2705 quas
900 2649 1023 2703 jactat
1063 2662 1106 2690 se
1141 2645 1293 2689 habere
1334 2661 1356 2688 a
1393 2645 1504 2698 Deo,
1540 2658 1728 2703 utputa:
1772 2644 1948 2703 quando

362 2825 379 2843 *
400 2825 586 2878 Respond
609 2824 752 2878 qu'elle
777 2824 855 2863 s'en
879 2824 979 2862 croit
1002 2823 1048 2862 ad
1079 2837 1122 2862 ce
1147 2836 1222 2877 que
1247 2822 1456 2862 autresfois
1481 2821 1555 2860 elle
1583 2835 1631 2860 en
1654 2835 1673 2860 a
1693 2821 1893 2874 respondu
1918 2828 1945 2859 5.

365 3015 393 3037 1.
426 3004 459 3048 Q
490 3012 588 3037 omet
606 3001 724 3036 '1·Nud.
745 3023 798 3043 ,-
835 3013 866 3036 2.
907 3002 972 3036 AC
990 3013 1000 3036 .·
1017 3001 1139 3035 habeat.
1168 3022 1213 3026 —
1236 3011 1270 3044 3.
1307 3001 1338 3035 A
1371 3012 1382 3035 ‚¹
1411 3001 1614 3034 tricesimum
1630 3004 1768 3034 sextum.
1794 3019 1840 3024 —
1860 3009 1894 3041 4.
1914 2999 1946 3033 A

315 3064 431 3109 ajoute
446 3061 780 3108 pra’dicliisohanmi.
796 3082 841 3086 —
865 3071 894 3104 ς.
916 3061 957 3103 U,
981 3060 1045 3097 fol.
1073 3071 1128 3105 29,
1152 3070 1197 3094 r0.
