2099 3356
323 152 406 195 218
601 150 758 194 PRoc¹Es
791 164 848 193 DE
880 162 1234 194 CONDAMNATION
1268 164 1324 194 DE
1355 165 1522 206 JEANNE
1554 151 1683 196 D‘ARc

320 262 528 322 (magno)
556 276 742 322 peccato,
780 262 915 307 credit
956 262 1075 321 quod
1100 279 1183 307 vox
1205 279 1294 307 non
1321 265 1487 309 veniret
1510 263 1561 308 ad
1596 280 1721 319 eam3
1760 278 1801 310 et
1839 265 1967 311 vellet

319 346 438 406 quod
471 346 653 405 quilibet
680 346 937 404 intelligeret
963 363 1114 392 vocem
1139 363 1278 401 suam,
1301 348 1357 391 ita
1385 347 1492 392 bene
1511 349 1621 392 sicut
1646 348 1734 406 ipsa
1760 348 1873 393 facit.

380 431 504 482 Item,
533 431 659 488 jovis,
690 431 826 488 prima
860 431 1017 484 martii,
1052 429 1159 475 dixit
1195 430 1313 489 quod
1350 430 1476 476 habet
1517 447 1727 490 magnum
1757 422 1965 490 gaudium

322 513 498 572 quando
525 512 639 557 videt
665 529 816 558 vocem
846 530 1001 569 suam,
1030 526 1072 558 et
1099 513 1207 558 dixit
1230 513 1347 573 quod
1375 514 1547 559 videtur
1569 516 1608 558 ei
1629 515 1764 574 quod,
1790 515 1966 575 quando

322 596 437 641 videt
458 613 568 650 eam,
600 612 688 641 non
725 610 786 641 est
825 598 870 641 in
910 610 1080 655 peccato
1121 598 1309 641 morian.
1355 598 1466 642 Item
1505 597 1612 642 dixit
1653 598 1771 657 quod
1810 597 1968 645 sanctae'

322 680 556 725 Katbarina
582 693 623 725 et
669 682 907 739 Margareta
950 680 1131 726 libenter
1171 681 1332 726 faciunt
1359 697 1452 726 eam
1491 681 1710 727 interdum
1746 683 1960 728 confiteri.

321 765 429 808 Item
458 763 564 808 dixit
591 763 728 822 quod,
754 765 789 809 si
815 777 877 808 est
905 766 947 808 in
982 777 1152 824 peccato
1187 765 1374 820 mortali,
1407 766 1494 824 ipsa
1518 767 1666 810 nescit.
1702 767 1965 825 Interrogata

322 860 528 891 utrumne
552 846 692 892 credat
719 864 808 892 esse
834 847 1068 906 aliquando
1102 850 1145 892 in
1170 862 1341 907 peccato
1369 848 1556 903 mortali,
1585 849 1760 908 quando
1780 850 1965 895 confite-

322 943 419 976 tur:
448 930 668 989 respondit
688 930 807 990 quod
837 933 969 976 nescit
991 933 1025 976 si
1052 931 1196 986 fuerit,
1225 948 1301 976 nec
1324 932 1456 977 credit
1482 948 1525 977 se
1549 932 1696 978 fecisse
1722 949 1850 992 opera
1872 950 1965 993 pec-

322 1016 400 1059 cati
429 1015 644 1070 mortalis;
669 1027 710 1059 et
747 1031 766 1054 «
804 1031 893 1059 non
918 1015 1077 1074 placeat
1104 1016 1199 1061 Deo
1226 1031 1246 1054 ))
1271 1017 1429 1075 inquit,
1462 1033 1482 1056 α
1511 1016 1628 1076 quod
1661 1033 1742 1076 ego
1770 1034 1965 1077 unquam

322 1097 518 1153 fecerim3
543 1114 620 1143 nec
635 1099 795 1157 placeat
819 1101 947 1144 etiam
967 1100 1061 1144 Deo
1078 1099 1195 1158 quod
1212 1116 1292 1158 ego
1316 1099 1468 1144 faciam
1493 1116 1636 1159 opera,
1659 1101 1726 1145 vel
1752 1101 1869 1160 quod
1887 1117 1966 1160 ego

325 1182 512 1237 fecerim,
535 1198 608 1242 per
629 1198 726 1241 quae
752 1185 896 1227 anima
910 1199 1004 1228 mea
1022 1185 1076 1228 sit
1096 1196 1272 1228 onerata
1302 1201 1339 1227 ».

381 1266 506 1321 Item,
535 1266 603 1310 die
628 1268 845 1320 mercurii,
870 1282 978 1312 xlm.
1010 1268 1167 1318 martii,
1199 1268 1456 1326 interrogata
1484 1269 1519 1312 si
1542 1284 1689 1327 capere
1713 1284 1856 1313 unum
1884 1267 1967 1313 ho-

323 1351 487 1394 minem
516 1349 567 1394 ad
592 1349 881 1395 redditionem
902 1363 942 1395 et
966 1350 1100 1395 facere
1121 1352 1260 1409 ipsum
1280 1352 1391 1396 mori
1408 1353 1729 1410 prisionarium,
1750 1353 1862 1396 sitne
1874 1368 1966 1411 pec-

321 1443 465 1474 catum
494 1431 674 1475 mortale
699 1448 707 1475 :
739 1431 959 1489 respondit
987 1431 1104 1490 quod
1138 1432 1226 1490 ipsa
1261 1431 1342 1476 hoc
1374 1447 1461 1476 non
1489 1431 1600 1476 fecit.
1637 1433 1687 1476 Et
1713 1434 1814 1491 quia
1838 1432 1966 1477 fiebat

320 1513 398 1558 sibi
424 1513 604 1559 verbum
621 1513 672 1558 de
692 1530 783 1559 uno
811 1528 962 1559 vocato
980 1516 1183 1574 Franquet
1206 1516 1400 1570 d'Arras,
1431 1517 1504 1574 qui
1526 1516 1606 1560 fuit
1629 1517 1758 1560 morti
1785 1516 1964 1562 traditus

321 1597 433 1655 apud
467 1599 792 1656 Latigniacum:
840 1598 1060 1657 respondit
1092 1598 1211 1657 quod
1253 1599 1334 1643 fuit
1369 1600 1645 1644 consentiens
1683 1599 1735 1656 de
1768 1599 1964 1645 faciendo

322 1682 463 1739 ipsum
499 1683 624 1736 mori,
658 1684 691 1725 si
731 1684 819 1740 ipse
857 1695 1084 1736 meruerat,
1127 1696 1302 1741 propter
1334 1682 1415 1727 hoc
1459 1682 1577 1742 quod
1616 1685 1703 1741 ipse
1746 1684 1966 1729 confessus

321 1777 382 1808 est
411 1781 455 1809 se
490 1781 579 1810 esse
607 1768 857 1820 occisorem,
890 1766 1101 1810 latronem
1134 1779 1175 1810 et
1208 1765 1490 1824 proditorem.
1519 1768 1569 1811 Et
1598 1766 1704 1811 dixit
1726 1766 1844 1826 quod
1871 1784 1965 1826 pro-

321 1863 462 1892 cessus
498 1848 611 1893 illius
648 1847 815 1893 duravit
850 1848 1099 1908 quindecim
1135 1849 1306 1904 diebus;
1338 1863 1378 1893 et
1408 1849 1490 1894 fuit
1515 1849 1643 1908 judex
1673 1850 1854 1895 ballivus
1889 1851 1966 1895 Sil-

319 1934 587 1976 vanectensis
608 1945 649 1976 et
672 1933 871 1977 homines
903 1934 1077 1990 justitiae
1110 1933 1162 1977 de
1200 1934 1461 1991 Larigniaco.
1498 1933 1549 1977 Et
1588 1933 1696 1977 dixit
1734 1933 1851 1992 quod
1878 1935 1968 1992 ipsa

322 2016 563 2073 requirebat
592 2015 745 2060 habere
769 2016 890 2059 illurn
920 2018 1211 2075 Franquetum
1241 2033 1318 2075 pro
1346 2033 1436 2061 uno
1463 2017 1643 2061 homine
1682 2016 1734 2061 de
1764 2018 1964 2072 Parisius,

323 2098 492 2155 hospite
519 2098 676 2142 domus
711 2101 765 2143 ad
803 2101 981 2154 Ursum,
1018 2113 1059 2144 et
1094 2099 1270 2158 quando
1303 2101 1424 2144 scivit
1451 2099 1568 2158 quod
1609 2100 1678 2144 ille
1711 2100 1847 2145 homo
1886 2100 1965 2145 fuit

324 2194 539 2235 mortuus,
560 2195 601 2225 et
626 2181 745 2241 quod
775 2182 955 2226 ballivus
970 2182 1076 2227 dixit
1103 2184 1140 2227 ei
1169 2184 1285 2241 quod
1312 2184 1398 2241 ipsa
1415 2183 1585 2227 volebat
1603 2183 1738 2227 facere
1762 2200 1964 2242 magnam

323 2266 526 2323 injuriam
566 2267 756 2323 justitiae,
796 2265 1071 2311 deliberando
1093 2267 1234 2325 ipsum
1263 2267 1557 2325 Franquetum
1577 2275 1605 2321 ¹,
1636 2268 1724 2326 ipsa
1748 2267 1855 2311 dixit
1881 2267 1966 2311 bal-

322 2348 407 2392 livo
435 2366 442 2391 :
492 2365 512 2388 «
543 2349 778 2407 Postquam
810 2349 944 2393 homo
976 2365 1114 2404 meus,
1151 2365 1285 2408 quem
1322 2349 1521 2394 volebam
1562 2349 1732 2404 habere,
1767 2362 1965 2396 mortuus

323 2444 400 2481 est,
429 2431 589 2476 faciatis
616 2432 668 2476 de
708 2434 790 2476 isto
824 2432 930 2476 illud
972 2432 1089 2491 quod
1118 2432 1325 2476 debebitis
1358 2433 1492 2477 facere
1515 2449 1588 2491 per
1614 2435 1883 2491 justitiam.»
1917 2434 1967 2478 Et

323 2514 499 2572 quando
520 2516 598 2559 sibi
630 2515 856 2560 reductum
891 2516 971 2560 fuit
1005 2515 1055 2560 ad
1085 2518 1342 2560 memoriam
1371 2516 1487 2575 quod
1524 2518 1612 2574 ipsa
1639 2518 1850 2561 invaserat
1884 2518 1968 2561 vil-

324 2599 407 2641 lam
434 2599 713 2643 parisiensem
745 2601 788 2642 in
822 2599 889 2643 die
921 2599 1061 2654 festo;
1098 2599 1215 2658 quod
1244 2601 1330 2658 ipsa
1372 2599 1577 2644 habuerat
1606 2615 1767 2658 equum
1797 2597 1969 2644 domini

324 2683 509 2740 episcopi
537 2682 865 2727 Silvanectensis
886 2701 896 2737 3
922 2683 1040 2741 quod
1064 2685 1153 2741 ipsa
1173 2682 1337 2727 dimisit
1360 2699 1402 2727 se
1425 2682 1569 2728 cadere
1589 2699 1611 2727 a
1633 2685 1737 2728 turri
1762 2682 1813 2728 de
1831 2685 1968 2728 Beau-

324 2766 472 2818 7'ev0ir3
511 2765 629 2822 quod
670 2778 809 2823 portat
846 2765 1042 2809 habitum
1090 2766 1284 2820 virilem,
1331 2765 1449 2825 quod
1489 2779 1576 2810 erat
1615 2768 1887 2811 consentiens
1913 2767 1965 2812 de

327 2860 466 2892 morte
518 2848 745 2906 Franqueti
786 2849 994 2903 d'Am‘c153
1039 2862 1189 2893 utrum
1227 2851 1314 2907 ipsa
1346 2849 1536 2894 creditne
1569 2849 1714 2894 fecisse
1742 2862 1963 2908 peccatum

381 3007 412 3031 1.
433 2996 500 3031 AC
520 2996 678 3042 ajoutent
690 3001 780 3043 tune
799 3018 847 3022 —
863 2997 895 3031 A
911 2998 1017 3043 partir
1037 2998 1080 3031 de
1100 3005 1153 3032 cet
1174 2997 1304 3040 article,
1327 2998 1359 3032 le
1382 2998 1521 3033 resume
1536 2999 1696 3044 presente
1715 2998 1777 3033 des
1793 2998 1966 3033 variantes

327 3066 419 3089 assez
447 3056 690 3090 nombreuses.
