2099 3356
349 187 401 230 32
629 176 786 218 przocsss
819 189 875 219 DE
907 189 1258 220 CONDAMNATION
1294 191 1350 220 DE
1380 192 1547 233 JEANNE
1579 178 1706 223 D'ARc

341 303 440 332 rum
472 287 761 332 habueramus
800 287 937 347 quod,
966 290 1065 333 visis
1098 290 1351 334 criminibus
1378 290 1429 335 de
1469 290 1626 350 quibus
1671 291 1780 337 dicta
1828 294 1986 338 mulier

342 370 558 416 diffamata
579 384 666 416 erat
694 384 736 416 et
771 371 1052 416 difformitate
1087 372 1257 417 habitus
1288 375 1331 417 in
1365 390 1455 432 quo
1505 375 1808 433 perseverabat,
1838 393 1984 435 super-

338 453 580 500 sedendum
607 468 694 499 erat
722 471 742 499 a
765 455 1042 499 concedendo
1060 456 1139 499 sibi
1162 456 1380 500 licentiam
1418 456 1470 501 de
1497 457 1714 503 audiendo
1736 461 1912 504 missam
1942 473 1982 505 et

339 537 634 583 interessendo
661 539 820 583 divinis
841 538 994 583 officiis
1025 548 1052 583 ¹.

765 741 952 778 JOHANNA
980 742 1214 769 ADDUCITUR
1243 743 1293 769 AD
1321 743 1511 778 JUDlCIUM
1538 740 1566 770 ².

394 869 576 921 Interea,
601 867 706 912 dum
728 867 817 912 haec
843 883 916 925 per
943 882 1022 912 nos
1048 867 1307 923 dicerentur,
1336 868 1518 913 adducta
1542 869 1621 913 fuit
1651 869 1800 914 eadem
1823 871 1979 916 mulier

333 969 406 1011 per
442 951 695 1010 praedictum
737 965 1033 996 exsecutorem
1067 953 1325 996 citationum
1367 966 1624 997 nostrarum.
1667 954 1767 1006 Qua
1798 950 1978 1012 compa-

332 1050 450 1080 rente
476 1035 694 1094 injudicio
722 1052 866 1079 coram
887 1035 1027 1085 nobis,
1045 1037 1260 1094 coepimus
1287 1052 1500 1095 exponere
1516 1036 1632 1095 quod
1654 1039 1740 1094 ipsa
1753 1038 1970 1093 Johanna,

334 1119 499 1164 dudum
517 1133 635 1178 capta
657 1132 697 1163 et
724 1118 986 1178 deprebensa
1004 1119 1112 1162 infra
1139 1120 1349 1164 terminos
1374 1133 1414 1164 et
1430 1120 1588 1164 limites
1614 1133 1770 1165 nostrae
1791 1121 1972 1165 diocesis

332 1203 612 1257 Belvacensis,
642 1205 764 1261 cujus
779 1216 895 1261 gesta
915 1203 1100 1262 plurima
1128 1204 1170 1246 in
1199 1204 1421 1247 laesionem
1448 1203 1706 1248 orthodoxae
1738 1203 1854 1257 fidei,
1883 1221 1971 1249 non

332 1286 464 1331 modo
486 1288 529 1330 in
550 1300 693 1331 nostra
720 1286 911 1340 dioecesi,
939 1302 1090 1330 verum
1118 1288 1248 1330 etiam
1276 1288 1319 1330 in
1342 1289 1504 1330 caeteris
1532 1288 1679 1331 multis
1709 1288 1969 1345 regionibus,

330 1370 441 1414 fama
476 1370 644 1429 publica
667 1373 751 1428 jam
791 1369 875 1414 fere
910 1386 982 1428 per
1018 1371 1216 1414 universa
1241 1386 1369 1428 regna
1392 1370 1729 1415 christianorum
1756 1371 1975 1429 divulgata

331 1454 536 1499 referebat
559 1472 569 1509 3
597 1455 833 1498 novissime
870 1470 943 1512 per
975 1455 1299 1498 serenissimum
1328 1462 1400 1497 et3
1426 1454 1831 1499 christianissimum
1855 1456 1971 1513 prin-

331 1540 470 1596 cipem
492 1538 723 1596 dominum
750 1550 948 1582 nostrum
986 1553 1127 1595 regem
1165 1537 1289 1581 nobis
1327 1537 1489 1581 reddita
1521 1551 1562 1582 et
1589 1537 1784 1596 expedita
1811 1537 1964 1592 fuerat,

331 1635 379 1666 ut
402 1622 602 1666 adversus
641 1638 750 1676 eam,
797 1622 1047 1680 prout‘juri
1086 1634 1127 1665 et
1165 1622 1320 1665 rationi
1346 1637 1589 1666 consonum
1618 1637 1708 1665 esse
1737 1621 1966 1674 videretur,

333 1722 553 1764 processus
574 1707 616 1749 in
658 1706 834 1749 materia
873 1704 971 1748 fidei
1010 1718 1218 1763 ageretur.
1244 1705 1336 1748 Nos
1360 1720 1477 1756 vero,
1506 1707 1680 1749 attentis
1706 1704 1818 1749 fama
1850 1721 1967 1749 com-

330 1791 454 1833 muni
486 1803 526 1833 et
554 1789 735 1848 publicis
763 1788 1025 1842 rumoribus,
1061 1805 1145 1832 una
1182 1805 1282 1833 cum
1327 1790 1449 1832 certis
1486 1788 1886 1843 informationibus,
1914 1788 1965 1834 de

328 1873 485 1932 quibus
511 1875 706 1932 superius
722 1872 902 1917 fecimus
930 1874 1218 1937 mentionem,
1247 1872 1392 1916 habito
1415 1873 1456 1916 in
1484 1874 1632 1930 primis
1660 1874 1896 1930 peritorum
1922 1874 1966 1916 in

329 1959 419 2014 jure
446 1957 596 2001 divino
617 1971 658 2000 et
679 1957 872 2001 humano
895 1970 1066 2000 maturo
1087 1956 1284 2009 consilio,
1302 1958 1437 2013 ipsam
1457 1956 1701 2012 Johannam
1719 1956 1966 2001 litteratorie

326 2042 442 2085 citari
476 2054 517 2085 et
553 2042 718 2085 evocari
754 2039 1111 2084 mandaveramus
1159 2056 1206 2083 ex
1241 2039 1387 2083 officio
1421 2053 1586 2092 nostro,
1613 2055 1740 2098 super
1783 2041 1964 2084 interro-

324 2126 498 2183 gatoriis
520 2126 561 2168 in
605 2125 780 2167 materia
804 2122 902 2167 fidei
927 2122 1069 2166 eidem
1095 2122 1390 2181 proponendis
1414 2138 1714 2181 responsuram
1741 2124 1966 2166 veritatem

325 2220 366 2251 et
386 2208 486 2252 alias
502 2207 707 2252 facturam
723 2206 840 2265 quod
862 2208 965 2265 juris
988 2218 1096 2250 esset
1121 2222 1165 2250 ac
1194 2207 1386 2259 rationis,
1419 2206 1551 2250 veluti
1585 2222 1635 2250 ex
1669 2205 1823 2249 litteris
1845 2218 1966 2249 ante-

325 2291 447 2336 dictis
473 2308 577 2349 quas
600 2304 826 2350 promotor
853 2289 1100 2334 exhibuerat
1128 2302 1295 2348 poterat
1313 2305 1525 2347 apparere.

715 2486 977 2514 EXHORTATIO
1008 2486 1127 2513 PRIMA
1160 2486 1279 2513 FACTA
1308 2485 1505 2522 JOHANNAE
1528 2480 1558 2511 4.

380 2622 657 2678 Quapropter
684 2618 880 2662 debitum
908 2617 1037 2662 officii
1058 2618 1194 2661 nostri
1219 2616 1270 2661 ad
1285 2617 1656 2660 conservationem
1680 2628 1719 2659 et
1740 2615 1962 2659 exaltatio-

322 2720 422 2748 nem
452 2702 548 2747 fidei
587 2702 824 2755 catholicae,
854 2717 953 2746 cum
982 2701 1170 2758 benigno
1187 2700 1347 2744 auxilio
1378 2700 1532 2756 Jhesus
1557 2699 1734 2752 Christi,
1752 2700 1873 2755 cujus
1897 2715 1960 2742 res

319 2788 472 2845 agitur,
505 2787 726 2844 cupientes
771 2786 815 2828 in
849 2784 932 2829 hoc
967 2799 1166 2842 processu
1206 2783 1390 2840 explere,
1429 2783 1471 2826 in
1509 2782 1658 2840 primis
1688 2781 1958 2840 saepedictam

371 2981 401 3004 1.
431 2969 493 3003 AB
509 2980 553 3003 en
571 2979 692 3014 marge
714 2980 721 3003 :
746 2967 946 3002 Conclusam
959 2966 1042 3012 quod
1058 2978 1121 3000 non
1143 2967 1295 2999 intererit
1315 2965 1442 2999 divinis
1455 2965 1596 3010 officiis;
1617 2963 1646 2998 C
1659 2975 1703 2998 en
1718 2975 1838 3010 marge
1859 2964 1956 2998 :Non

314 3030 527 3076 permittetur
551 3029 700 3062 interesse
724 3027 853 3060 divinis
878 3027 912 3059 in
940 3026 998 3059 illo
1017 3025 1140 3059 habitu.
1165 3046 1207 3050 -
1230 3036 1260 3059 2.
1287 3025 1338 3058 En
1367 3036 1486 3069 marge
1506 3024 1548 3058 de
1574 3023 1649 3058 ΑΒ.
1679 3043 1724 3048 »-
1748 3034 1778 3068 3.
1803 3022 1833 3057 C
1853 3032 1952 3057 omet

321 3089 567 3122 serenissimum
594 3092 635 3121 et.
656 3107 700 3111 —
721 3098 754 3129 4.
775 3086 826 3119 En
851 3096 970 3131 marge
987 3085 1030 3119 de
1045 3084 1140 3118 ΑΒΕ
1155 3097 1166 3125 ‚·
1192 3083 1255 3118 AC
1273 3084 1430 3129 ajoutent
1445 3083 1550 3117 dicta.
