2099 3356
400 156 559 199 PRoclzs
592 170 646 198 DE
678 169 1030 200 CONDAMNATION
1064 171 1120 199 DE
1152 172 1319 213 JEANNE
1352 158 1480 202 D’Assc
1687 162 1765 215 169

178 276 230 319 ΙΙ.
264 276 424 331 «ITEM,
457 275 577 336 quod
602 276 713 320 dicta
739 292 821 328 rea,
851 275 1019 320 nedum
1041 292 1156 320 anno
1185 278 1398 334 praesenti,
1425 277 1497 321 sed
1524 293 1547 320 a
1572 290 1766 334 tempore

116 375 207 403 suae
235 361 471 417 juventutis
489 361 606 414 citra,
633 372 675 404 et
693 376 782 404 non
806 360 950 404 solum
972 361 1016 403 in
1045 359 1167 403 dictis
1195 359 1370 404 dioecesi
1399 372 1439 404 et
1460 360 1756 417 jurisdictione

116 455 270 496 vestra,
301 442 373 488 sed
398 445 528 487 etiam
547 444 818 488 circumcirca
835 444 877 486 in
902 442 1094 501 pluribus
1120 443 1213 487 aliis
1239 459 1284 486 ac
1302 442 1479 487 diversis
1507 443 1608 487 locis
1630 443 1760 500 hujus

118 527 254 583 regni,
284 527 541 586 quamplura
568 527 784 585 sortilegia
804 541 845 571 et
869 527 1193 585 superstitiones
1230 526 1341 577 fecit,
1374 528 1634 584 composuit,
1661 528 1760 570 mis-

117 610 204 654 cuit
221 622 262 653 et
281 610 529 664 ordinavit3
555 609 735 654 divinita
763 624 840 659 est,
871 623 911 654 et
931 625 973 653 se
993 610 1186 667 permisit
1206 608 1371 654 adorari
1399 623 1439 653 et
1473 612 1664 654 venerari
1689 625 1696 662 ;
1721 623 1762 654 et

117 691 338 738 daemones
358 710 403 738 ac
429 694 642 752 malignos
677 695 852 752 spiritus
882 695 1112 746 invocavit,
1135 709 1208 737 eos
1225 694 1460 747 consuluit,
1488 710 1587 738 curn
1611 695 1668 737 eis
1684 694 1767 737 fre-

116 779 357 836 quentavit,
383 790 602 836 pactaque,
634 790 837 821 tractatus
862 790 903 821 et
927 778 1239 821 conventiones
1267 778 1379 831 iniit,
1404 777 1502 821 fecit
1532 790 1572 821 et
1597 777 1762 831 habuit,

116 874 156 904 et
182 861 241 904 eis
269 877 343 904 usa
356 874 417 905 est
446 879 456 915 ;
485 845 576 905 aliis
600 862 728 905 etiam
753 860 843 904 haec
869 860 1123 905 facientibus
1147 860 1396 915 consilium,
1427 861 1637 905 auxilium
1655 863 1767 920 pari-

114 956 178 988 ter
203 958 244 988 et
288 944 479 988 favorem
506 944 656 988 tribuit
690 954 717 998 ¹,
744 957 784 988 et
823 943 874 988 ad
918 944 1007 988 haec
1028 957 1070 988 et
1124 944 1281 987 similia
1305 944 1551 988 faciendum
1574 944 1759 999 induxit,

115 1027 316 1081 dicendo,
350 1027 579 1081 credendo,
606 1027 833 1072 asserendo
860 1040 901 1072 et
938 1027 1266 1072 manutenendo
1291 1028 1408 1086 quod
1424 1030 1480 1072 sic
1502 1027 1634 1072 facere
1658 1042 1699 1072 et
1720 1030 1765 1073 in

117 1111 371 1168 hujusmodi
422 1112 665 1169 sortilegiis,
704 1111 1047 1156 divinationibus
1090 1125 1131 1155 et
1151 1113 1457 1169 superstitiosis
1485 1111 1648 1156 actibus
1682 1129 1768 1156 cre-

115 1195 213 1240 dere
229 1208 270 1239 et
297 1196 356 1239 eis
384 1197 564 1249 uti,non
592 1208 679 1239 erat
698 1208 938 1253 peccatum,
969 1197 1058 1239 imo
1088 1211 1164 1239 nec
1186 1195 1457 1253 prohibitum
1486 1213 1497 1249 3
1525 1195 1597 1239 sed
1622 1197 1764 1254 potius

116 1280 301 1331 licitum,
325 1278 538 1323 laudabile
565 1295 610 1323 ac
631 1278 977 1337 approbandum,
1007 1295 1138 1338 quarn
1163 1279 1371 1337 plurimas
1400 1295 1600 1336 personas
1624 1280 1763 1324 diver-

118 1379 266 1407 sorum
299 1376 508 1417 statuum,
541 1365 671 1407 etiam
714 1364 939 1422 utriusque
965 1379 1102 1416 sexus,
1126 1362 1177 1407 ad
1200 1363 1279 1407 hos
1304 1378 1465 1407 errores
1480 1377 1521 1407 et
1554 1364 1763 1408 maleficia

115 1445 381 1498 inducendo,
400 1460 441 1490 et
465 1462 617 1491 eorum
647 1446 846 1491 cordibus
874 1446 963 1490 haec
990 1461 1030 1490 et
1057 1447 1214 1491 similia
1239 1446 1550 1504 imprimendo,
1569 1449 1762 1492 asseruit.

115 1532 165 1575 Et
189 1547 286 1589 quae
312 1530 491 1589 quidem
517 1531 733 1586 Johanna,
766 1530 963 1575 faciendo
984 1544 1026 1574 et
1059 1530 1345 1589 perpetrando
1374 1530 1571 1589 praedicta
1592 1531 1760 1585 delicta,

115 1628 235 1673 capta
261 1627 302 1658 et
330 1613 596 1672 deprehensa
622 1614 704 1658 fuit
747 1614 853 1658 infra
875 1615 1086 1658 terminos
1107 1628 1147 1658 et
1171 1614 1330 1658 limites
1376 1627 1525 1659 vestrae
1564 1615 1763 1659 dioecesis

118 1698 399 1743 Belvacensis.
427 1716 446 1739 »
1294 1688 1300 1696 .

128 1817 129 1820 η
174 1782 272 1826 *Ad
296 1782 412 1826 hunc
441 1791 454 1807 ²
492 1782 734 1827 secundum
763 1783 993 1827 articulum
1016 1783 1245 1841 respondet
1261 1783 1461 1842 Johanna
1484 1800 1491 1826 ;
1523 1783 1574 1827 de
1596 1784 1766 1827 sortile-

112 1867 191 1923 giis
224 1883 269 1909 ac
298 1867 603 1925 superstitiosis
625 1867 826 1922 operibus
853 1880 894 1911 et
924 1866 1266 1912 divinationibus
1290 1880 1413 1924 negat
1438 1885 1447 1921 ;
1475 1880 1516 1910 et
1545 1866 1596 1910 de
1616 1866 1744 1911 adora

113 1951 233 1993 tione
254 1949 372 2003 dicit,
391 1951 424 1993 si
453 1950 585 2009 aliqui
613 1950 793 1994 osculati
815 1950 976 1994 fuerint
1006 1967 1158 1995 manus
1182 1967 1278 1994 suas
1297 1964 1369 1994 aut
1392 1964 1543 2004 vestes,
1568 1951 1649 1995 hoc
1677 1968 1766 1995 non

111 2033 193 2077 fuit
222 2050 295 2092 per
323 2035 458 2092 ipsam
480 2034 545 2078 vel
567 2034 619 2078 de
643 2036 735 2092 ejus
750 2035 999 2089 voluntate'3
1023 2047 1063 2079 et
1090 2051 1217 2093 super
1245 2035 1325 2078 hoc
1344 2034 1442 2079 fecit
1456 2052 1499 2079 se
1522 2037 1765 2093 praeservari

112 2130 152 2161 et
173 2119 210 2161 ei
237 2117 427 2161 obviavit
457 2134 533 2175 pro
559 2134 680 2176 posse
698 2135 793 2162 suo.
824 2117 1066 2163 Residuum
1099 2118 1266 2162 articuli
1291 2132 1431 2176 negat.

174 2201 224 2244 Et
246 2200 361 2254 alias,
391 2200 458 2244 die
485 2201 647 2245 sabbati
675 2204 797 2246 tertia
817 2203 976 2246 mensis
1004 2204 1162 2256 martii,
1191 2218 1307 2246 anno
1333 2202 1552 2261 praedicto,
1583 2202 1633 2246 ad
1658 2219 1760 2246 con-

114 2297 284 2327 tentum
303 2286 346 2327 in
371 2285 550 2329 articulo
575 2298 615 2328 et
639 2285 689 2329 ad
712 2287 1093 2344 interrogatorium
1127 2287 1161 2329 si
1182 2286 1341 2330 sciebat
1366 2288 1566 2330 animum
1585 2286 1760 2330 illorum

113 2366 164 2411 de
193 2380 309 2425 parte
330 2384 423 2421 sua,
439 2368 545 2412 dum
566 2369 871 2413 osculabantur
883 2386 1054 2423 manus,
1077 2369 1204 2427 pedes
1220 2383 1260 2413 et
1281 2383 1416 2414 vestes
1438 2372 1530 2426 ejus
1554 2387 1561 2413 :
1587 2386 1761 2428 respon-

113 2450 174 2494 dit
199 2451 317 2509 quod
360 2452 510 2496 multae
538 2466 688 2510 gentes
709 2452 909 2498 videbant
945 2469 1041 2497 eam
1066 2453 1261 2497 libenter.
1296 2455 1362 2507 Et,
1391 2470 1491 2497 cum
1520 2454 1616 2503 hoc,
1655 2455 1757 2497 dicit

167 2642 183 2659 *
200 2642 263 2680 Ad
291 2643 490 2681 secundum
512 2643 718 2682 articulum
757 2643 798 2681 de
811 2643 1018 2696 sortilegiis,
1046 2648 1077 2682 et
1097 2643 1353 2698 superstitiosis
1372 2643 1538 2698 operibns
1557 2649 1588 2682 et
1617 2644 1765 2683 divina-

109 2713 283 2761 tionibus,
311 2719 430 2766 m’gat.
458 2716 505 2753 Et
535 2714 806 2754 decoloratione
841 2715 922 2754 dit:
968 2716 1018 2754 Se
1049 2729 1199 2754 aucuns
1235 2725 1306 2754 ont
1327 2715 1447 2754 baisie'
1479 2730 1538 2754 ses
1559 2718 1686 2754 mains
1711 2730 1762 2754 ou

110 2795 350 2833 vestemens‚
367 2800 409 2825 ce
424 2786 522 2825 n’est
541 2787 656 2839 point
676 2801 745 2840 par
757 2787 832 2826 elle
853 2801 906 2826 ou
932 2787 979 2826 de
1004 2801 1044 2825 sa
1069 2787 1257 2826 voulente':
1277 2803 1285 2835 3
1310 2797 1347 2826 et
1360 2788 1439 2826 s’en
1457 2797 1515 2826 est
1540 2788 1607 2827 fait
1625 2788 1764 2839 garder

110 2867 148 2895 et
169 2871 329 2896 comme
348 2871 395 2896 en
422 2872 495 2896 son
528 2859 682 2910 povoir.
714 2860 758 2897 Et
774 2858 808 2897 le
831 2859 963 2897 residu
985 2859 1032 2897 de
1052 2859 1213 2898 l’article
1238 2859 1312 2898 elle
1336 2873 1388 2911 ny
1413 2866 1445 2898 3.

166 3083 193 3106 1.
218 3072 282 3106 AC
304 3073 493 3119 :prochain
520 3095 565 3098 -—
588 3084 619 3108 2.
644 3073 674 3107 A
699 3083 797 3108 omer
815 3074 961 3108 hunc.-—
988 3085 1017 3119 3.
1042 3075 1110 3109 Ms.
1137 3075 1253 3120 ajoute
1267 3077 1407 3122 povoir:
1427 3075 1468 3118 U,
1491 3074 1552 3109 fol.
1574 3086 1617 3120 27
1636 3086 1688 3109 vn.

413 3151 433 3173 4
