2099 3356
427 167 586 212 PROC'ES
620 183 678 212 DE
710 182 1065 212 coNDAMNA’rioN
1099 183 1154 212 DE
1185 183 1349 224 JEANNE
1382 170 1511 215 D'ARC
1707 173 1788 230 387

145 279 291 337 ipsum
325 278 440 323 diem
470 282 687 335 mercurii,
716 280 766 324 ad
792 280 1060 326 audiendum
1088 282 1168 339 jus,
1198 298 1272 340 per
1292 295 1587 328 exsecutorem
1629 286 1791 329 citatio-

146 378 254 407 num
284 363 326 406 in
353 363 429 407 hac
461 379 585 408 causa
617 381 639 409 a
673 364 797 409 nobis
823 365 1096 425 deputatum,
1132 380 1260 425 prout
1289 383 1341 411 ex
1373 380 1523 413 tenore
1550 368 1790 412 litterarum

147 458 390 491 nostrarum
416 459 457 491 et
484 447 703 493 relationis
719 451 977 494 exsecutoris
990 448 1114 494 latius
1129 463 1308 495 constat.
1336 453 1536 505 Quarum
1553 451 1789 496 litterarum

149 543 275 575 tenor
297 532 495 589 sequitur
526 544 567 575 et
589 545 649 576 est
668 532 762 577 talis
785 546 793 563 ¹
826 551 832 576 :

737 711 771 750 T
776 724 879 752 ENOR
910 724 1134 753 CITATIONIS
1160 722 1173 740 2

201 854 218 873 «
267 839 436 885 Ρετῐωε,
476 838 731 876 miseratione
765 838 899 876 divina
939 839 1160 892 Episcopus
1204 839 1468 888 Belvacensis,
1504 851 1542 880 et
1575 843 1788 890 JoHANNEs

148 909 362 957 MAG1STR1,
388 909 556 947 vicarius
596 908 774 961 praeclari
813 909 1004 958 doctoris,
1046 911 1220 964 magistri
1252 912 1447 960 Johannis
1484 913 1704 962 Graverent,
1750 914 1789 952 in

148 994 272 1034 reguo
313 980 485 1019 Franciae
523 979 616 1019 fidei
650 990 688 1019 et
723 981 920 1020 liaereticae
955 983 1156 1034 pravitatis
1182 984 1432 1036 Inquisitoris
1462 998 1483 1022 a
1513 985 1655 1023 Sancta
1688 985 1789 1024 Sede

145 1051 368 1105 apostolica
399 1051 591 1105 deputati,
619 1051 807 1091 omuibus
833 1053 1070 1106 presbyteris
1098 1053 1283 1106 publicis,
1309 1055 1565 1094 ecclesiarum
1593 1065 1603 1089 3
1626 1057 1789 1095 rectori-

148 1124 234 1172 bus,
269 1124 310 1162 in
346 1123 420 1162 hac
456 1124 614 1162 civitate
649 1124 964 1177 Rothomagensi
1004 1134 1042 1163 et
1072 1125 1238 1164 dioecesi
1271 1126 1439 1165 ubilibet
1474 1128 1717 1175 constitutis,
1751 1137 1789 1167 et

145 1208 283 1234 eorum
306 1194 484 1244 cuilibet,
508 1204 628 1247 prout
652 1194 768 1234 fucrit
790 1196 1018 1248 requisitus,
1044 1196 1208 1235 salutem
1240 1198 1279 1235 in
1307 1198 1498 1238 Domino.
1529 1200 1647 1247 Cum,
1674 1199 1788 1238 certis

148 1267 274 1305 causis
317 1275 355 1304 et
390 1265 610 1305 rationibus
645 1266 759 1305 latius
796 1267 1055 1314 declarandis,
1092 1268 1274 1321 quiedam
1309 1268 1479 1308 foemina
1512 1270 1709 1319 Johanna,
1755 1269 1790 1309 la

146 1337 291 1377 Pztcellc
314 1338 528 1391 vulgariter
553 1347 796 1391 nuncupata,
832 1339 871 1377 in
906 1339 1124 1378 nonnullos
1155 1354 1306 1379 errores
1340 1350 1476 1380 contra
1503 1341 1622 1381 fidem
1647 1342 1788 1381 ortho-

145 1410 290 1449 doxam
316 1410 481 1464 relapsa‚
517 1410 645 1450 dictos
675 1424 827 1449 errores
852 1411 891 1449 in
923 1410 1020 1449 facie
1053 1411 1239 1451 Ecclesiae
1273 1412 1433 1465 publice
1466 1414 1716 1465 abjuraverit,
1749 1414 1788 1452 in

145 1482 289 1536 quibus
313 1482 575 1529 reincidisset‚
603 1491 737 1535 prout,
763 1481 879 1536 [tam]
906 1496 950 1521 ex
985 1483 1064 1521 suis
1095 1484 1417 1523 confessionibus
1445 1494 1481 1524 et
1505 1485 1789 1525 assertionibus

145 1568 262 1608 quam
284 1554 394 1603 alias,
422 1553 552 1593 debite
574 1564 612 1593 et
636 1553 881 1593 sufficienter
898 1555 1075 1594 constitit
1099 1564 1216 1608 atque
1242 1565 1396 1595 constat
1420 1570 1428 1594 :
1460 1569 1556 1596 HINC
1576 1569 1645 1596 EST
1662 1557 1786 1611 quod,

145 1625 260 1665 vobis
282 1635 320 1665 et
344 1635 521 1665 vestrum
553 1625 730 1674 cuilibet,
755 1635 874 1679 prout
904 1625 1022 1665 fuerit
1046 1627 1273 1680 requisitus,
1300 1626 1475 1667 districte
1497 1628 1785 1682 praecipiendo,

144 1698 618 1752 mandaniuS‚quatenus‚
642 1712 744 1737 unus
769 1698 891 1737 alium
915 1699 1081 1737 minime
1103 1708 1349 1752 exspectans,
1380 1713 1452 1739 nec
1483 1713 1588 1739 unus
1614 1713 1687 1753 pro
1709 1700 1787 1740 alio

145 1784 185 1810 se
224 1784 434 1818 excusans,
475 1771 604 1809 citetis
645 1770 791 1809 dictam
829 1771 1055 1819 johannam
1087 1771 1133 1809 ad
1169 1772 1485 1824 comparendum
1528 1772 1789 1825 personaliter

144 1857 279 1882 coram
304 1843 420 1883 nobis
445 1843 491 1882 ad
514 1843 621 1882 diem
640 1843 867 1890 crastinam,
891 1843 987 1881 hora
1015 1853 1151 1882 octava
1180 1843 1227 1882 de
1253 1856 1384 1892 mane,
1405 1844 1451 1882 ad
1473 1843 1607 1884 locum
1633 1845 1787 1883 Veteris

146 1915 249 1963 Fori,
270 1915 530 1968 Rothomagi,
552 1915 726 1953 visuram
751 1914 900 1953 scilicet
917 1916 1016 1952 'eam
1038 1929 1108 1967 per
1130 1928 1203 1953 nos
1232 1915 1440 1967 relapsam,
1465 1917 1787 1955 excommunica-

143 1996 222 2026 tam
244 1996 281 2026 et
301 1987 530 2026 haereticam
555 1985 759 2033 declarari,
784 1999 875 2024 cum
903 1986 1153 2024 intimatione
1173 1985 1244 2024 sibi
1266 1985 1363 2024 facta
1389 1987 1427 2024 in
1449 1986 1592 2025 talibus
1614 1997 1782 2027 assueta.

147 2060 293 2098 Datum
316 2059 355 2098 in
380 2057 559 2112 cappella
590 2058 734 2098 domus
764 2057 1113 2110 archiepiscopalis
1149 2058 1501 2110 Rofflomagwsis,
1531 2058 1594 2097 die
1634 2059 1783 2106 martis,

144 2142 284 2170 xxtx4
341 2131 490 2170 mensis
536 2130 646 2178 maii,
687 2144 793 2169 anno
834 2130 998 2169 Domini
1043 2128 1257 2168 millesimo
1301 2129 1451 2168 CCCC.
1492 2131 1659 2178 XXXL,
1698 2140 1788 2184 post

142 2203 285 2242 festum
313 2203 518 2242 Trinitatis
554 2202 732 2241 Domini.
766 2218 784 2238 >³
816 2202 879 2240 Sic
902 2202 1051 2254 signata
1075 2215 1082 2239 :
1119 2217 1136 2236 «
1164 2202 1212 2240 G.
1237 2202 1465 2259 MANCHON'.
1490 2202 1539 2241 G.
1567 2203 1787 2242 Boscocir-

144 2285 279 2315 LAUME
305 2281 331 2313 ἱ.
359 2291 376 2311 >)

150 2451 244 2488 ITEM
275 2460 477 2492 SEQUITUR
513 2460 647 2487 TENOR
678 2459 909 2486 RELATIONIS
949 2459 1238 2486 EXSECUTIONIS
1279 2458 1504 2486 CITATIONIS
1540 2459 1751 2486 PRAEDICTAE
1772 2449 1787 2474 6

201 2598 220 2618 «
246 2579 482 2620 Reverendo
505 2580 544 2618 in
577 2579 736 2618 Christo
768 2579 864 2632 patri
890 2592 933 2617 ac
958 2578 1141 2627 domino,
1165 2578 1333 2617 domino
1366 2579 1496 2626 Petro,
1532 2580 1785 2620 miseratione

145 2654 280 2693 divina
294 2653 484 2707 episcopo
506 2651 751 2698 Belvacensi,
775 2664 817 2689 ac
838 2660 851 2686 7
876 2650 1091 2688 venerabili
1112 2659 1149 2688 et
1165 2650 1353 2703 religioso
1370 2650 1470 2698 viro,
1493 2649 1785 2700 fratriJohauni

143 2726 340 2779 Magistri,
380 2725 529 2764 vicario
571 2723 745 2777 praeclari
786 2722 976 2770 doctoris,
1010 2722 1185 2774 magistri
1221 2722 1415 2770 Johannis
1437 2724 1451 2747 3
1486 2723 1706 2772 Θναυενεηί,
1746 2725 1784 2763 in

198 2918 226 2941 1.
247 2906 313 2941 AC
330 2913 504 2940 omettent
525 2909 552 2938 et
570 2908 612 2938 est
635 2903 725 2937 talis.
745 2923 786 2926 —
808 2912 838 2935 2.
864 2902 913 2935 lin
935 2913 1053 2947 marge
1074 2902 1116 2935 de
1134 2901 1240 2936 ΑΒΕ.
1258 2922 1304 2926 -
1324 2912 1356 2946 3.
1375 2902 1407 2936 A
1425 2914 1434 2936 .·
1455 2913 1581 2937 earum.
1604 2925 1652 2953 --μ
1666 2915 1699 2947 4,
1717 2904 1752 2948 Q
1774 2917 1783 2937 ,·

145 2976 222 3001 xlx.
238 2987 285 2991 -—
309 2977 337 3010 5.
360 2966 389 3000 Α
412 2978 421 2998 .·
444 2964 718 3010 Boisguillaume.
737 2983 784 2986 --
803 2960 836 2995 6.
860 2961 926 2995 AC
946 2972 989 2995 en
1011 2972 1130 3007 marge
1150 2973 1156 2994 :
1176 2961 1282 2995 Tenor
1302 2962 1470 2996 relationis
1483 2964 1679 3004 citatiom'5;
1699 2964 1727 2998 Β
1742 2976 1785 2999 en

145 3037 263 3072 marge
288 3038 293 3060 :
325 3026 433 3059 Temn-
460 3024 643 3059 citationis.
672 3042 714 3046 —
745 3031 776 3065 7.
808 3021 840 3065 Q
864 3033 872 3053 .·
892 3026 933 3054 et.
960 3041 1005 3045 ——
1035 3020 1067 3054 8.
1092 3020 1122 3055 C
1141 3029 1239 3055 omct
1272 3021 1449 3067 Magistri,
1476 3023 1603 3056 vicario
1628 3024 1787 3069 prcrclari

142 3085 281 3120 doctoris
306 3085 462 3130 magistri
475 3083 655 3128 johannis,
