2099 3356
381 164 542 207 PROCJ'is
574 178 629 208 DE
661 179 1015 210 CONDAMNATION
1051 181 1104 210 DE
1135 181 1301 222 JEANNE
1335 167 1463 211 D'ARC
1659 182 1736 226 315

97 276 258 319 minata
306 275 534 335 diligenter
565 277 756 322 fuerunt.
789 279 836 322 In
864 278 1021 337 quibus
1068 281 1340 338 reperiuntur
1369 281 1496 325 multi
1528 295 1570 326 et
1599 283 1744 340 magni

92 358 304 413 defectu33
333 376 442 418 quos
463 374 607 405 tamen
635 363 669 405 si
699 362 924 406 humiliter
947 363 1177 407 emendare
1205 364 1407 419 voluerit,
1438 365 1554 409 velut
1583 364 1742 409 bonam

89 456 130 486 et
166 441 368 487 devotam
407 444 684 488 christianam
732 445 867 499 decet,
913 447 1184 491 ecclesiastici
1220 449 1298 491 viri
1338 449 1673 493 misericorditer
1705 461 1747 493 et

88 527 306 570 caritative
326 542 471 570 secum
495 543 617 585 agere
635 530 765 586 parati
784 542 885 573 sunt
901 545 976 588 pro
993 532 1083 586 ejus
1105 531 1257 575 salute.
1288 532 1330 575 Si
1349 547 1469 585 vero,
1494 547 1567 590 per
1593 547 1743 589 super—

89 609 203 653 biam
231 622 271 653 et
291 612 595 668 arrogantiam,
627 611 728 656 velit
757 614 978 670 persistere
1007 615 1050 656 in
1090 615 1301 672 opinione
1340 616 1526 673 propria,
1566 615 1742 660 credens

19 692 28 695 ”
93 709 136 737 se
157 693 251 752 plus
276 694 514 753 intelligere
548 696 591 738 in
618 695 683 739 his
707 712 805 754 quae
831 709 932 740 sunt
972 697 1088 750 fidei,
1116 714 1247 756 quam
1275 697 1472 743 doctores
1493 711 1534 743 et
1568 699 1742 744 litterati

98 778 192 831 viri,
219 777 419 835 gravibus
444 795 488 822 se
505 792 737 838 exponeret
766 780 977 838 periculis.
1006 798 1025 820 »

156 862 208 904 II.
242 878 262 901 ‹<
291 862 416 915 Item,
445 861 523 905 sibi
551 864 750 920 exposuit
781 863 963 921 qualiter
991 863 1041 908 de
1080 865 1416 910 revelationibus
1443 879 1483 910 et
1509 868 1742 925 apparitio-

99 945 224 989 nibus
245 961 350 1003 quas
370 944 475 988 dixit
502 962 545 989 se
583 945 752 999 habere,
796 948 884 1005 ipsa
928 964 1016 991 non
1051 948 1144 991 vult
1179 965 1222 992 se
1259 949 1515 993 submittere
1552 951 1744 994 Ecclesiae

97 1029 301 1072 militanti
323 1044 399 1073 nec
422 1029 592 1073 homini
617 1031 798 1083 viventi,
824 1029 896 1074 sed
919 1030 967 1074 ad
998 1031 1141 1075 solum
1166 1032 1310 1076 Deum
1338 1033 1431 1076 vult
1457 1033 1569 1078 dicta
1594 1050 1669 1078 sua
1703 1046 1744 1078 et

97 1112 201 1156 facta
225 1111 393 1157 referre.
414 1112 742 1172 Declaravitque
764 1113 859 1167 sibi,
879 1116 986 1158 circa
1006 1115 1102 1167 hoc⁷
1131 1115 1235 1174 quid
1251 1128 1313 1159 est
1330 1116 1511 1161 Ecclesia
1536 1118 1742 1172 militans,

97 1210 138 1242 et
164 1213 296 1255 quam
321 1198 623 1241 auctoritatem
651 1197 775 1242 habet
793 1214 824 1241 -a
853 1199 962 1252 Deo,
989 1211 1029 1242 et
1052 1200 1095 1242 in
1118 1199 1277 1258 quibus
1298 1202 1526 1245 auctoritas
1554 1201 1624 1245 illa
1651 1203 1749 1246 resi—

97 1280 195 1335 det;
219 1293 262 1324 et
288 1280 471 1339 qualiter
491 1280 672 1339 quilibet
700 1281 956 1325 christianus
980 1294 1152 1326 tenetur
1174 1282 1344 1328 credere
1365 1300 1453 1327 esse
1477 1301 1608 1329 unam
1630 1301 1746 1329 sanc-

99 1378 185 1409 tam
212 1364 442 1409 Ecclesiam
467 1365 741 1419 catholicam,
767 1381 864 1423 quae
891 1382 1060 1424 semper
1086 1368 1246 1424 regitur
1271 1383 1292 1410 a
1319 1369 1478 1425 Spiritu
1516 1369 1671 1413 Sancto
1704 1383 1746 1413 et

100 1464 326 1507 nunquam
345 1461 454 1492 errat
474 1462 547 1493 aut
568 1448 733 1503 deficit3
756 1451 823 1493 cui
846 1451 975 1493 etiam
999 1452 1297 1509 unusquisque
1315 1452 1551 1496 catholicus
1574 1465 1745 1497 tenetur

100 1532 275 1576 obedire
296 1545 502 1590 tanquam
532 1532 648 1576 filius
678 1534 819 1586 matri,
841 1546 882 1577 et
902 1534 1051 1576 omnia
1084 1533 1195 1577 dicta
1225 1546 1265 1578 et
1295 1534 1399 1579 facta
1432 1551 1506 1579 sua
1536 1535 1745 1580 determi-

100 1617 267 1660 nationi
293 1616 407 1660 illius
433 1615 717 1671 submittere;
743 1632 819 1660 nec
847 1617 1015 1676 aliquiS,
1040 1633 1336 1676 quascumque
1363 1620 1652 1677 apparitiones
1678 1620 1747 1664 vel

99 1700 381 1744 revelationes
406 1699 575 1754 habeat,
599 1700 725 1745 debet
753 1717 795 1745 se
824 1713 1045 1759 propterea
1070 1700 1316 1746 subtrahere
1339 1701 1499 1759 judicio
1532 1703 1744 1758 Ecclesiae,

95 1800 194 1828 cum
216 1785 344 1828 etiam
369 1784 553 1842 apostoli
580 1784 1027 1842 submiserintscripta
1051 1801 1125 1829 sua
1151 1786 1371 1840 Ecclesiae;
1403 1799 1444 1830 et
1467 1796 1580 1831 tota¹
1613 1788 1751 1846 Scrip-

96 1881 204 1917 tura,
226 1884 323 1926 quae
338 1884 360 1911 a
377 1870 471 1912 Deo
488 1868 669 1912 revelata
683 1881 744 1912 est
759 1868 882 1912 nobis
898 1868 1082 1913 traditur
1097 1868 1307 1913 credenda
1321 1886 1394 1928 per
1407 1884 1589 1914 matrem
1603 1871 1749 1916 Eccle-

95 1953 217 2005 siam,
240 1968 336 2011 quae
361 1965 423 1996 est
450 1952 594 2010 regula
618 1952 852 1996 infallibilis
885 1954 953 1996 cui
986 1969 1064 1996 nos
1100 1966 1270 2012 oportet
1308 1969 1380 2011 per
1404 1955 1553 1998 omnia
1579 1954 1747 1999 confor-

97 2037 219 2089 mati,
247 2035 407 2094 absque
430 2035 690 2079 schismate²
718 2050 792 2080 aut
818 2036 1032 2080 divisione
1055 2037 1381 2096 qualicumque,
1416 2038 1548 2082 veluti
1578 2040 1622 2081 in
1664 2038 1743 2097 ple-

98 2121 241 2178 risque
267 2120 370 2164 locis
397 2119 520 2164 docet
544 2119 766 2177 apostolus
790 2120 965 2174 Paulus,
988 2133 1067 2164 etc.
1090 2121 1228 2164 Etiam
1246 2121 1448 2165 revelatio
1474 2121 1578 2165 facta
1602 2138 1624 2166 a
1652 2123 1747 2166 Deo

97 2220 265 2262 semper
291 2202 458 2248 inducit
478 2203 529 2248 ad
553 2203 848 2248 obedientiam
873 2216 912 2248 et
937 2204 1230 2248 humilitatem
1258 2204 1490 2248 tenendam
1519 2207 1560 2248 in
1593 2205 1746 2250 ordine

97 2287 149 2332 ad
177 2290 416 2346 superiores
443 2301 484 2332 et
505 2287 555 2331 ad
573 2288 821 2342 Ecclesiam,
846 2300 886 2332 et
913 2304 1140 2347 nunquam
1165 2288 1214 2332 ad
1241 2290 1531 2343 contrarium,
1561 2304 1637 2333 nec
1654 2290 1748 2333 vult

98 2373 319 2416 Dominus
344 2371 458 2431 quod
487 2373 584 2431 quis
603 2385 835 2431 praesumat
856 2388 898 2416 se
919 2373 1058 2416 dicere
1074 2373 1151 2430 ipsi
1174 2373 1252 2416 soli
1286 2373 1482 2416 Domino
1504 2372 1744 2427 subditum,

96 2469 169 2501 aut
197 2455 308 2499 dicta
334 2472 409 2500 sua
436 2469 477 2500 et
511 2456 615 2500 facta
642 2455 692 2499 ad
730 2457 871 2514 ipsum
902 2456 1045 2499 solum
1090 2455 1263 2509 referre;
1306 2458 1395 2500 imo
1435 2455 1608 2500 tradidit
1647 2458 1747 2500 viris

93 2541 382 2584 ecclesiasticis
409 2552 449 2584 et
467 2541 686 2583 commisit
712 2541 1013 2583 auctoritatem
1036 2552 1076 2582 et
1102 2551 1355 2597 potestatem
1392 2539 1680 2597 cognoscendi
1708 2553 1750 2584 et

92 2622 356 2679 dijudicandi
385 2622 438 2666 de
462 2623 582 2666 factis
606 2622 821 2675 fidelium,
852 2623 941 2665 sive
970 2621 1110 2675 bonis,
1135 2623 1223 2665 sive
1241 2622 1362 2665 malis
1381 2640 1390 2676 3
1411 2638 1522 2681 quos
1541 2624 1614 2681 qui
1636 2639 1748 2680 sper-

93 2708 172 2760 nit,
204 2707 351 2750 Deum
379 2707 558 2764 spernit,
588 2707 719 2764 etqui
741 2707 853 2764 ipsos
870 2705 1005 2759 audit,
1035 2706 1179 2748 Deum
1206 2704 1337 2749 audit.
1366 2706 1567 2750 Finaliter
1592 2705 1749 2750 admo-

94 2792 189 2833 nuit
214 2806 310 2834 eam
335 2791 454 2848 quod
481 2790 623 2833 credat
649 2791 783 2848 ipsam
808 2789 1037 2833 Ecclesiam
1066 2788 1320 2833 catholicam
1344 2805 1433 2833 non
1459 2805 1581 2847 posse
1608 2805 1745 2834 errare

92 2886 166 2917 aut
193 2874 382 2933 aliquem
411 2875 570 2930 injuste
597 2873 798 2928 judicare,
829 2874 928 2931 quia
956 2873 1029 2930 qui
1070 2872 1150 2916 hoc
1178 2888 1267 2915 non
1296 2871 1428 2916 credit
1458 2886 1566 2916 errat
1593 2885 1742 2917 contra

150 3086 179 3109 Ι.
201 3076 231 3108 A
264 3088 272 3108 :
295 3080 358 3108 toto
376 3076 469 3113 (sis).
492 3096 534 3099 -—
555 3085 588 3108 2.
610 3075 640 3108 A
668 3087 676 3107 :
698 3076 858 3108 scismate.
