2099 3356
336 191 496 233 PRocEs
530 205 586 233 DE
618 204 968 234 CONDAMNATION
1003 206 1058 234 DE
1089 206 1256 247 JEANNE
1290 191 1417 234 n’ARc
1612 206 1691 247 273

56 303 147 356 Qui
170 302 347 361 angelus
373 316 414 345 et
434 302 634 354 foemina,
655 319 779 361 supra
808 316 980 356 terram,
998 306 1213 362 perviam,
1239 303 1393 362 gradus
1417 317 1458 347 et
1485 319 1695 346 cameram

53 385 200 438 simul,
238 385 370 443 longo
420 370 589 439 itinere,
635 385 940 444 gradiebantur
961 395 989 440 ¹,
1043 387 1134 430 aliis
1183 387 1344 445 angelis
1391 400 1433 431 et
1482 385 1696 444 praedictis

55 469 219 514 Sanctis
234 468 654 523 concomitantibus3
676 485 723 514 ac
750 469 888 513 eidem
914 471 1094 528 principi
1120 487 1326 514 coronam
1344 471 1697 528 pretiosissimam

55 552 107 598 de
133 568 239 596 auro
266 553 498 610 purissimo
520 552 699 610 quidam
727 545 904 610 angelus
925 553 1116 607 tradidit,
1144 567 1185 597 et
1211 570 1353 597 coram
1377 554 1494 597 dicto
1513 554 1701 611 principe

56 635 193 680 dictus
231 635 408 693 angelus
430 651 473 679 se
498 635 733 689 inclinavit,
761 636 905 680 eidem
935 638 1218 680 reverentiam
1246 636 1506 681 exhibendo.
1537 637 1589 680 Et
1615 652 1702 680 una

56 720 162 772 vice,
191 718 298 762 dixit
324 718 459 776 quod,
488 718 664 777 quando
694 720 887 777 princeps
911 736 1013 763 suus
1038 720 1186 764 habuit
1219 721 1410 777 signum,
1435 721 1523 779 ipsa
1544 721 1700 778 cogitat

51 801 170 861 quod
197 812 301 846 tunc
342 801 460 846 solus
498 815 603 855 erat,
636 804 835 860 quamvis
863 805 962 846 satis
995 819 1127 862 prope
1151 803 1292 861 plures
1319 803 1390 847 alii
1416 805 1694 856 interessent3

56 898 97 929 et
122 885 202 928 alia
243 887 349 940 vice,
379 884 511 944 quod,
558 898 686 943 prout
727 885 872 936 credit,
900 903 1014 930 unus
1045 887 1389 945 archiepiscopus
1415 888 1571 945 recepit
1596 886 1700 929 illud

57 970 233 1024 signum
261 985 447 1023 coronae,
463 982 504 1013 et
532 968 704 1013 tradidit
726 970 901 1026 przelato
930 971 1128 1028 principi,
1153 970 1433 1028 praesentibus
1467 984 1508 1013 et
1554 969 1702 1013 viden-

58 1051 171 1096 tibus
199 1052 394 1111 pluribus
414 1051 606 1096 dominis
626 1053 951 1111 temporalibus.
981 1073 1001 1093 »

857 1222 914 1263 ΙΙΙ

124 1371 143 1393 «
172 1354 299 1407 ITEM,
326 1352 436 1397 dicta
465 1351 645 1396 foemina
673 1353 878 1411 cognovit
917 1366 957 1396 et
985 1365 1094 1396 certa
1123 1365 1186 1396 est
1230 1352 1347 1411 quod
1391 1353 1460 1396 ille
1507 1354 1580 1410 qui
1609 1369 1701 1396 eam

63 1439 204 1481 visitat
225 1449 286 1480 est
299 1449 470 1480 sanctus
497 1436 697 1489 Michael,
725 1452 797 1494 per
816 1435 981 1479 bonum
1001 1437 1248 1489 consilium,
1271 1436 1637 1490 confortationem
1666 1450 1707 1479 et

63 1520 222 1565 bonam
275 1519 532 1570 doctrinam,
598 1535 702 1578 quas
772 1519 999 1577 praedictus
1025 1529 1038 1545 ²
1104 1534 1275 1564 sanctus
1340 1520 1522 1564 Michael
1566 1520 1705 1563 eidem

62 1605 257 1649 foeminae
278 1603 396 1648 dedit
423 1616 463 1647 et
485 1602 603 1657 fecit3
628 1619 672 1647 ac
695 1619 768 1661 per
793 1603 874 1647 hoc
902 1603 1020 1662 quod
1044 1605 1131 1661 ipse
1166 1605 1408 1648 nominavit
1435 1620 1492 1653 se,
1522 1602 1706 1647 dicendo

62 1687 179 1748 quod
206 1689 294 1747 ipse
315 1701 403 1731 erat
430 1687 629 1731 Michael.
660 1688 708 1730 Et
749 1687 948 1731 similiter
971 1702 1133 1731 sanctas
1163 1688 1442 1731 Katharinam
1476 1700 1518 1730 et
1539 1689 1709 1744 Marga-

63 1786 197 1817 retam
223 1773 446 1829 cognoscit
468 1770 667 1815 distincte
686 1771 736 1814 ab
765 1772 967 1824 invicem,
992 1788 1065 1830 per
1093 1772 1174 1814 hoc
1202 1771 1319 1829 quod
1345 1787 1387 1814 se
1413 1773 1643 1815 nominant
1667 1784 1708 1814 et

62 1856 260 1901 eamdem
283 1855 484 1899 salutant.
516 1856 693 1913 Propter
717 1871 827 1913 quae,
866 1855 917 1898 de
941 1869 1088 1899 sancto
1123 1855 1334 1907 Michaele
1358 1854 1436 1898 sibi
1455 1868 1700 1913 apparente,

61 1940 194 1984 credit
220 1939 338 1998 quod
364 1941 452 1997 ipse
479 1952 542 1983 est
569 1952 740 1983 sanctus
762 1939 963 1992 Michael,
990 1938 1159 1983 etdicta
1183 1941 1273 1996 ejus
1293 1938 1513 1982 Michaelis
1535 1952 1576 1982 et
1600 1937 1706 1981 facta

65 2040 162 2068 vera
182 2022 318 2082 [sunt]
356 2036 397 2067 et
422 2023 551 2076 bona,
581 2039 703 2081 aeque
730 2022 912 2066 firmiter
939 2024 1048 2066 sicut
1082 2024 1171 2080 ipsa
1212 2021 1347 2066 credit
1397 2022 1514 2080 quod
1560 2023 1710 2065 Domi-

65 2125 146 2152 nus
173 2121 319 2152 noster
362 2107 551 2163 Jhesus3
604 2123 750 2164 passus
788 2105 870 2150 fuit
897 2120 937 2150 et
985 2118 1184 2150 mortuus
1219 2122 1294 2163 pro
1338 2118 1480 2149 nostra
1508 2104 1709 2162 redemp-

67 2193 201 2236 tione.
236 2209 255 2230 »

869 2298 928 2340 IV

133 2447 153 2470 ‹<
183 2428 430 2484 ITEM,dicta
456 2429 640 2472 foemina
662 2428 763 2472 dicit
783 2441 824 2472 et
839 2427 1025 2472 affirmat
1053 2427 1171 2486 quod
1197 2430 1284 2486 ipsa
1307 2441 1368 2471 est
1395 2441 1519 2481 certa,
1541 2427 1591 2471 de
1616 2429 1717 2486 qui-

71 2513 250 2558 busdam
284 2513 440 2557 futuris
461 2528 577 2556 mere
619 2511 988 2569 contingentibus,
1015 2511 1133 2569 quod
1159 2513 1375 2564 evenient,
1414 2513 1522 2555 sicut
1543 2513 1631 2569 ipsa
1655 2525 1717 2554 est

71 2608 180 2638 certa
201 2593 252 2638 de
284 2594 348 2637 his
390 2610 487 2652 quae
523 2606 615 2637 actu
645 2592 761 2636 videt
800 2606 898 2636 ante
919 2608 981 2645 se,
1022 2605 1063 2636 et
1086 2591 1137 2635 de
1165 2591 1380 2649 aliquibus
1405 2591 1719 2649 occultisjactat

72 2693 115 2722 se
136 2677 290 2722 habere
316 2691 357 2721 et
406 2677 604 2721 habuisse
644 2678 862 2729 notitiam,
902 2692 975 2734 per
1002 2675 1282 2718 revelationes
1318 2675 1448 2719 verbo
1476 2689 1601 2719 tenus
1639 2675 1718 2719 sibi

73 2760 214 2815 factas,
256 2777 328 2819 per
360 2777 486 2805 voces
523 2773 767 2805 sanctarum
805 2759 1052 2803 Katharinae
1080 2772 1122 2802 et
1163 2760 1430 2816 Margaretae,
1462 2772 1578 2816 puta,
1602 2758 1719 2816 quod

128 2949 158 2974 1.
177 2940 283 2985 Super
301 2939 450 2980 secundo,
478 2939 535 2972 ubi
554 2940 699 2985 ponitur
719 2938 756 2971 de
778 2937 1004 2983 angelisqnod
1031 2951 1047 2967 «
1078 2937 1172 2981 longo
1203 2938 1320 2970 itinere
1336 2936 1590 2982 gradiebantur,
1607 2942 1662 2971 etc.
1690 2953 1720 2975 ».

75 2999 191 3044 stt-[licit
207 2999 313 3033 dicere
330 2998 538 3044 quodcmgeli
557 2998 816 3034 comitabamur,
839 3002 900 3033 etc,
930 2997 974 3030 Et
1005 2998 1037 3029 sn
1061 2998 1212 3041 margine
1227 2997 1409 3042 ponebatur
1425 3009 1433 3031 ,-
1467 2997 1589 3029 Debent
1619 2998 1722 3030 malla

75 3058 154 3091 addi
172 3058 209 3092 de
228 3058 323 3104 longo
336 3059 468 3100 itinere,
484 3058 521 3091 de
531 3057 706 3101 gradibus,
721 3058 830 3098 ostiis,
853 3062 912 3090 clf.
931 3057 1012 3090 llem
1029 3056 1184 3090 set-nudus
1199 3056 1361 3089 articulus
1395 3056 1570 3088 <lividulus
1592 3057 1626 3088 ll!
1647 3057 1725 3090 zltws

75 3118 242 3152 articulos.
262 3138 305 3143 —
327 3128 358 3152 2.
375 3117 466 3152 AC:
488 3117 608 3152 dictus.
632 3138 678 3142 —
703 3128 732 3162 3.
755 3116 823 3151 AC
840 3116 998 3161 ajoutcnt
1027 3116 1194 3149 Christus.

183 3177 308 3207 Pnoci'sss
331 3187 371 3207 m:
393 3177 520 3216 JEANNE
544 3176 658 3206 n'ARc.
1582 3177 1617 3205 ib*
