2099 3356
354 184 512 227 1³Roc1'3s
553 197 609 226 DE
641 196 998 227 countxMNA'rloN
1044 198 1098 226 ms
1129 196 1295 239 JEANNE
1330 184 1457 228 o’ARc
1648 197 1725 241 323

87 295 271 339 dornino
296 294 346 339 de
376 294 615 340 Tremollia
639 307 680 340 et
704 295 924 354 Stephano
953 295 1068 340 dicto
1093 298 1156 341 La
1179 298 1294 356 Hyre
1318 305 1344 350 ¹,
1370 296 1528 355 quibus
1553 309 1626 341 aut
1653 297 1732 341 ali-

88 378 247 437 quibus
274 380 468 437 ipsorum
495 377 601 423 dixit
625 393 887 424 monstrasse
916 380 1032 423 illan]
1057 395 1265 424 coronam
1287 379 1339 425 de
1360 395 1444 439 qua
1467 379 1514 424 fit
1534 381 1732 439 superius

87 463 269 514 mentio,
294 475 335 506 et
356 462 474 521 quod
499 475 618 507 erant
642 474 870 520 praesentes
897 460 1073 521 quando
1096 464 1274 522 angelus
1300 462 1454 508 detulit
1485 462 1731 522 praedictam

85 560 290 589 coronam
319 544 370 590 ad
399 546 523 590 illum
558 562 690 605 quem
724 546 825 590 dicit
854 561 998 605 regem
1028 562 1173 598 suum,
1209 561 1341 605 quam
1382 546 1555 592 tradidit
1594 546 1735 592 archi-

85 631 287 688 episcopo
321 629 523 688 praedicto
543 647 554 684 ;
592 631 657 674 vel
685 644 738 674 an
778 645 821 674 se
860 630 961 674 velit
995 630 1147 674 referre
1185 631 1277 675 aliis
1303 630 1355 675 de
1389 642 1504 689 parte
1532 646 1622 685 sua,
1658 631 1732 690 qui

85 712 270 757 scribant
297 713 376 758 sub
403 714 554 772 sigillis
578 721 589 739 ²
625 716 711 758 suis
741 712 846 773 quid
874 716 927 758 sit
955 713 1007 758 de
1035 716 1116 758 isto
1152 732 1159 758 :
1191 714 1414 773 respondit
1438 733 1445 759 :
1485 733 1505 757 «
1534 715 1734 759 Tradatis

87 798 195 842 mihi
220 805 230 831 ³
257 799 481 852 nuntium,
505 810 545 842 et
565 813 645 855 ego
666 798 848 842 scribam
870 799 930 842 eis
951 797 1003 842 de
1028 810 1123 843 toto
1150 800 1234 843 isto
1252 814 1466 858 processu.
1491 814 1510 839 »
1538 799 1588 842 Et
1613 798 1734 843 aliter

87 881 228 925 noluit
247 890 263 914 ⁴
288 880 458 925 credere
482 892 554 925 aut
579 896 621 925 se
643 881 796 926 referre
825 882 940 940 ipsis.

145 966 253 1009 Item
290 966 399 1009 circa
434 980 481 1009 ea
516 980 615 1023 quae
657 964 735 1008 sibi
773 964 1022 1010 dicebantur
1058 965 1110 1011 de
1142 967 1482 1025 praesumptione
1509 965 1732 1011 divinandi

85 1047 230 1093 futura
265 1049 577 1106 contingentia,
615 1060 714 1102 etc.9
743 1049 859 1105 juxta
893 1058 1062 1092 sextum
1089 1049 1319 1093 articulum
1347 1048 1536 1107 praedicti
1562 1063 1735 1093 merno-

86 1127 214 1179 rialis,
240 1124 463 1184 respondit
487 1141 494 1169 ε
523 1144 542 1167 «
574 1126 663 1183 Ego
689 1140 758 1170 me
782 1125 917 1170 refero
941 1125 992 1170 de
1018 1126 1100 1170 hoc
1127 1126 1178 1170 ad
1207 1126 1393 1183 judicem
1425 1141 1588 1180 meum,
1616 1126 1735 1171 vide·
1760 1144 1763 1147 ’

86 1205 182 1248 licet
204 1205 364 1258 Deum,
384 1216 425 1247 et
449 1202 500 1247 ad
529 1202 610 1247 hoc
631 1203 749 1261 quod
769 1203 868 1247 alias
890 1203 940 1247 de
961 1204 1042 1248 hoc
1064 1203 1279 1262 respondi,
1299 1204 1417 1263 quod
1442 1217 1505 1248 est
1525 1206 1733 1262 scriptum

87 1289 131 1331 in
160 1287 284 1332 libro.
320 1304 339 1327 »

146 1373 272 1426 Item,
311 1373 571 1428 interrogata
601 1384 763 1424 utrum,
790 1373 822 1414 si
851 1370 902 1415 ad
940 1387 1033 1415 eam
1069 1373 1294 1416 mittantur
1321 1385 1402 1415 tres
1441 1385 1513 1415 aut
1547 1383 1735 1437 quutuor

84 1457 338 1502 clericorum
361 1456 412 1500 de
448 1471 523 1501 sua
554 1469 672 1516 parte
711 1457 785 1515 qui
821 1457 996 1499 veniant
1030 1456 1099 1499 hic
1132 1455 1210 1499 sub
1240 1456 1358 1499 salvo
1380 1455 1617 1509 conductu,
1646 1457 1735 1513 ipsa

84 1541 201 1585 volet
221 1556 264 1585 se
289 1539 444 1584 referre
472 1538 555 1584 illis
589 1539 640 1584 de
676 1540 765 1584 suis
798 1539 1138 1598 apparitionibus
1165 1552 1206 1583 et
1234 1539 1299 1583 his
1329 1554 1426 1598 quae
1453 1540 1736 1583 continentur

85 1627 130 1668 in
175 1625 258 1668 isto
297 1639 533 1683 processu:
571 1624 795 1681 respondit
827 1622 947 1682 quod
976 1623 1049 1667 fiat
1077 1623 1195 1682 quod
1235 1624 1315 1681 ipsi
1351 1624 1553 1677 veniant3
1589 1635 1735 1681 postea

86 1711 173 1767 ipsa
196 1707 487 1767 respondebit,
513 1709 565 1752 Et
588 1707 710 1752 aliter
737 1722 828 1752 non
856 1707 995 1752 voluit
1021 1724 1064 1752 se
1094 1707 1248 1751 referre
1272 1706 1322 1751 ad
1350 1723 1423 1751 eos
1449 1707 1517 1750 vel
1551 1706 1733 1750 submit—

88 1806 174 1837 tere
199 1793 250 1837 de
275 1793 358 1837 isto
381 1809 597 1851 processu.

85 1935 318 1976 Tremoulle
343 1945 380 1975 et
402 1938 454 1975 La
480 1937 591 1983 Hire,
615 1936 850 1990 ausquieulz
881 1947 933 1974 ou
959 1946 1089 1974 aucun
1112 1934 1238 1974 d'eulz
1270 1933 1345 1973 elle
1378 1933 1588 1973 autresfois
1621 1946 1641 1972 a
1678 1934 1735 1973 dit

85 2010 196 2048 avoir
223 2010 400 2048 monstre
427 2018 530 2047 ceste
571 2020 794 2055 couronne,
822 2017 860 2046 et
895 2006 1012 2060 qu'ilz
1046 2007 1217 2045 estoierit
1246 2007 1424 2059 presens,
1448 2015 1571 2058 quant
1592 2005 1734 2058 l’angle

85 2090 250 2134 apporta
280 2080 400 2119 ladite
434 2093 714 2127 couronne‚...
747 2090 784 2118 et
815 2079 851 2117 la
882 2078 1001 2118 bailla
1036 2078 1146 2117 audit
1174 2089 1441 2130 arcevesque3
1480 2090 1533 2116 ou
1556 2077 1665 2115 s'elle
1695 2090 1735 2116 se

85 2152 194 2192 veult
216 2161 422 2206 rapporter
440 2164 512 2191 aux
536 2161 666 2191 autres
689 2151 736 2190 de
755 2164 828 2190 son
853 2160 979 2205 party,
1003 2149 1220 2204 lesquieulz
1246 2150 1463 2202 escripsent
1485 2148 1608 2188 soubz
1630 2148 1734 2187 leurs

87 2224 217 2264 seaulz
242 2222 338 2278 qu'il
360 2236 410 2263 en
431 2230 490 2263 est
514 2238 521 2262 :
550 2223 723 2276 respond
747 2237 754 2261 ε
785 2239 803 2259 «
826 2222 970 2262 Baillez
992 2234 1075 2275 ung
1102 2222 1333 2274 messagier,
1362 2230 1399 2259 et
1420 2222 1454 2273 je
1480 2220 1564 2259 leur
1589 2221 1736 2273 escrip—

86 2309 153 2349 ray
178 2297 225 2336 de
250 2305 338 2336 tout
359 2309 402 2335 ce
425 2297 580 2349 proces.
605 2311 621 2331 »
653 2296 700 2334 Et
723 2303 948 2334 auti-efflent
969 2306 1018 2333 ne
1036 2293 1080 2332 s'i
1106 2302 1164 2332 est
1190 2293 1313 2331 voulu
1338 2293 1465 2332 croire
1491 2305 1538 2330 ne
1570 2304 1736 2345 rappor-

88 2378 145 2408 ter
163 2369 182 2408 ὲ
204 2368 311 2408 eulx.

143 2442 236 2479 Item
259 2440 301 2479 de
325 2439 528 2479 temeritate
546 2439 735 2478 credentia:
758 2443 789 2477 et
814 2437 1022 2492 defuturis
1044 2436 1351 2490 rontimgentibm,
1378 2446 1452 2475 etc.
1486 2450 1493 2474 :
1527 2435 1699 2489 respond
1724 2449 1733 2475 ε

90 2529 106 2548 «
129 2514 173 2561 je
196 2512 299 2551 m'cn
324 2521 508 2565 rapporte
536 2511 557 2550 ὲι
587 2523 683 2550 mon
710 2512 815 2564 juge,
850 2509 943 2549 c'est
964 2509 1138 2549 assavoir
1161 2508 1279 2556 Dieu,
1302 2517 1340 2547 et
1363 2508 1410 2546 ad
1427 2521 1470 2546 ce
1492 2519 1569 2561 que
1589 2517 1737 2546 autres-

86 2584 164 2625 fois
183 2584 255 2638 j'ay
280 2585 497 2637 respondu‚
519 2584 586 2637 qui
606 2592 663 2622 est
684 2596 732 2622 eu
755 2581 903 2622 livre.»

140 2658 250 2704 Item,
275 2657 525 2709 interi-ogue'e
568 2669 609 2694 se
634 2666 685 2694 on
710 2654 778 2707 luy
803 2665 958 2706 envoye
976 2652 1093 2692 deulx
1119 2665 1170 2691 ou
1194 2653 1291 2690 trois
1314 2663 1364 2690 ou
1391 2659 1527 2704 quatre
1552 2651 1620 2690 des
1642 2651 1736 2690 che-

84 2728 225 2768 valiers
248 2729 295 2767 de
318 2742 391 2767 son
418 2738 544 2781 party,
571 2728 639 2781 qui
662 2728 854 2766 viennent
879 2738 947 2779 par
968 2724 1059 2764 sauf
1075 2724 1242 2763 conduit
1268 2733 1276 2757 5
1303 2736 1365 2776 cy,
1389 2723 1496 2762 s'elle
1519 2722 1599 2761 s’en
1623 2722 1735 2762 veult

84 2808 262 2853 raporter
285 2800 305 2838 a
325 2800 415 2839 eulx
439 2799 486 2838 de
515 2811 577 2838 ses
615 2798 868 2851 apparicions
890 2806 927 2836 et
951 2797 1094 2836 choses
1118 2805 1341 2834 contenues
1365 2807 1414 2833 en
1445 2804 1525 2834 cest
1557 2795 1697 2847 proces
1726 2809 1733 2832 ε

87 2873 258 2926 respond
281 2886 357 2925 que
389 2885 442 2911 on
475 2871 530 2910 les
554 2870 637 2909 face
671 2871 797 2916 venir,
831 2879 868 2907 et
893 2869 982 2921 puis
1009 2867 1083 2906 elle
1109 2867 1342 2919 respondra.
1365 2868 1411 2905 Et
1436 2876 1657 2905 autrement
1688 2879 1736 2904 ne

88 2945 133 2983 s'i
157 2954 216 2983 est
233 2943 354 2983 voulu
382 2952 558 2996 raporter
583 2957 631 2981 ne
663 2938 902 2980 submeictre
924 2940 971 2979 de
997 2949 1078 2979 cest
1096 2939 1250 2992 proces.

141 3111 168 3135 1.
192 3099 258 3134 AC
278 3113 287 3133 :
303 3100 403 3134 Hire.
420 3120 463 3124 -—
485 3109 517 3133 2.
543 3098 595 3133 C:
615 3099 736 3144 signis.
760 3119 803 3122 —
829 3108 856 3142 3.
878 3096 946 3132 AC
966 3104 1142 3131 omettent
1166 3095 1250 3129 mihi
1268 3108 1281 3137 ,·
1306 3095 1334 3129 B
1351 3107 1359 3128 .·
1389 3094 1500 3129 michi.
1521 3113 1566 3119 ———
1583 3104 1616 3136 4.
1638 3093 1705 3128 AC
1726 3105 1735 3127 :

90 3172 152 3194 non
172 3160 291 3194 voluit.
315 3180 356 3184 -
380 3170 409 3203 5.
431 3159 497 3192 Ms.
527 3171 536 3192 :
551 3158 673 3192 condit.
