2099 3356
381 205 539 249 Paocizs
572 219 628 248 DE
660 219 1014 249 CONDAMNATlou
1051 220 1107 248 DE
1139 220 1306 261 JEANNE
1339 206 1467 249 D'ARC
1692 221 1745 263 49

154 319 417 376 Interrogata
437 334 490 362 an
520 319 622 376 ipsa,
654 319 696 362 in
719 333 795 362 sua
816 317 993 376 juvenili
1015 330 1152 371 aetate,
1181 317 1330 361 habuit
1365 334 1567 377 magnam
1609 319 1748 362 inten-

94 403 260 446 tionem
286 400 570 460 persequendi
599 400 858 459 Burgundos
889 419 897 445 z
923 401 1143 459 respondit
1177 400 1295 460 quod
1326 400 1508 446 habebat
1544 418 1748 460 magnam

94 485 366 530 voluntatem
391 501 466 530 seu
490 485 761 529 affectionem
792 484 910 544 quod
947 501 1018 528 rex
1050 501 1154 529 suus
1184 484 1357 529 haberet
1380 501 1561 543 regnum
1595 502 1744 530 suum.

157 569 419 626 Interrogata
441 569 474 612 si
497 568 604 613 bene
622 569 827 612 voluisset
851 584 894 612 se
913 584 1000 613 esse
1020 585 1182 613 marem
1205 568 1381 627 quando
1399 568 1579 613 debebat
1607 570 1750 613 venire

99 652 148 696 ad
169 653 391 696 Franciam
418 669 426 696 :
454 651 674 711 respondit
699 651 818 711 quod
843 653 942 695 alias
959 653 1047 710 ipsa
1064 651 1115 696 ad
1141 652 1223 696 hoc
1246 652 1521 711 responderat
1550 661 1578 697 ¹.

159 736 423 794 Interrogata
460 748 609 780 utrum
647 735 884 780 ducebatne
923 735 1125 779 animalia
1151 735 1202 781 ad
1231 752 1405 794 campos
1437 753 1445 780 :
1483 735 1590 781 dixit
1632 735 1751 796 quod

105 817 206 861 alias
232 816 283 861 de
305 816 387 861 hoc
415 816 706 876 responderat,
734 829 775 860 et
801 815 936 875 quod,
964 829 1195 875 postquam
1228 816 1309 861 fuit
1331 817 1535 875 grandior
1564 830 1606 861 et
1633 816 1751 876 quod

103 899 253 945 habuit
289 899 609 955 discretionem,
653 917 742 944 non
770 900 1055 944 custiodiebat
1087 901 1288 945 animalia
1325 903 1637 955 communiter,
1678 900 1751 945 sed

105 983 211 1028 bene
238 984 412 1042 juvabat
439 986 482 1028 in
510 983 796 1029 conducendo
818 1000 865 1028 ea
889 984 939 1028 ad
966 997 1081 1042 prata
1103 998 1145 1029 et
1171 983 1222 1028 ad
1247 1001 1389 1028 unum
1407 998 1611 1039 castrum,
1634 984 1751 1043 quod

107 1069 360 1112 nominatur
392 1068 552 1121 Insula,
597 1084 673 1126 pro
716 1070 871 1112 timore
917 1069 1151 1112 hominum
1192 1081 1486 1122 armatorum3
1533 1068 1603 1112 sed
1658 1085 1747 1113 non

103 1151 347 1197 recordatur
373 1169 442 1206 an,
472 1154 516 1195 in
534 1168 609 1195 sua
637 1152 817 1210 juvenili
842 1165 966 1196 aetate
994 1151 1262 1196 custodiebat
1288 1168 1341 1196 an
1368 1169 1473 1196 non.

164 1237 289 1289 Item,
318 1237 575 1294 interrogata
603 1235 685 1280 fuit
716 1235 767 1279 de
788 1227 974 1293 quadam
1005 1235 1170 1289 arbore,
1201 1237 1408 1279 existente
1437 1252 1568 1294 prope
1605 1236 1748 1280 villam

104 1320 252 1379 ipsius.
284 1319 351 1363 Ad
376 1318 493 1379 qnod
516 1318 736 1378 respondit
760 1319 875 1379 quod
904 1321 1001 1363 satis
1022 1336 1155 1378 prope
1182 1320 1329 1363 villam
1355 1319 1405 1363 de
1434 1321 1666 1378 Dompremi
1693 1332 1754 1363 est

106 1403 304 1463 quaedam
323 1403 461 1456 arbor,
492 1417 639 1447 vocata
665 1403 806 1447 Arbor
827 1404 1137 1458 Dominarum,
1161 1417 1202 1448 et
1223 1404 1292 1447 alii
1311 1417 1467 1448 vocant
1492 1420 1585 1447 eam
1610 1404 1753 1448 Arbo-

102 1504 193 1532 rem
219 1487 447 1541 Fatalium,
471 1487 620 1544 gallice
645 1488 709 1531 des
735 1488 870 1539 Fades,
899 1489 1016 1544 juxta
1036 1504 1169 1545 quam
1193 1501 1255 1532 est
1279 1504 1392 1531 unus
1414 1487 1538 1542 fons,
1566 1500 1607 1532 et
1627 1487 1748 1532 audi-

104 1572 164 1615 vit
197 1569 279 1614 dici
312 1570 431 1630 quod
469 1571 631 1614 infirmi
671 1570 957 1615 febricitantes
1002 1584 1152 1629 potant
1174 1571 1225 1615 de
1261 1571 1334 1615 illo
1363 1571 1482 1615 fonte
1523 1585 1563 1615 et
1590 1571 1755 1615 vadunt

108 1656 340 1713 quaesitum
359 1654 412 1698 de
437 1670 547 1713 aqua
573 1654 702 1709 illius,
723 1671 800 1713 pro
819 1653 1014 1698 habenda
1029 1656 1225 1699 sanitate.
1252 1656 1300 1699 Et
1322 1655 1404 1699 hoc
1423 1656 1605 1713 ipsamet
1623 1654 1751 1709 vidit3

103 1737 175 1782 sed
198 1739 330 1782 nescit
357 1751 506 1782 utrum
528 1737 628 1782 inde
652 1751 874 1793 sanentur,
901 1739 967 1782 vel
996 1755 1101 1782 non.
1132 1740 1259 1793 Item,
1283 1739 1384 1784 dicit
1413 1738 1530 1798 quod
1550 1739 1714 1783 audivit
1740 1748 1754 1765 ²

104 1821 222 1880 quod
250 1821 429 1875 infirmi,
472 1821 648 1881 quando
683 1835 865 1881 possunt
899 1839 941 1866 se
975 1823 1128 1877 levare,
1153 1822 1316 1867 vadunt
1354 1822 1406 1867 ad
1443 1823 1640 1868 arborem
1680 1840 1756 1882 pro

102 1905 341 1964 spatiando.
364 1906 413 1950 Et
428 1919 490 1949 est
506 1923 592 1950 una
612 1922 767 1964 magna
789 1905 927 1960 arbor,
952 1919 1100 1950 vocata
1116 1908 1266 1964 Pagus,
1287 1906 1402 1951 unde
1415 1909 1534 1951 venit
1553 1924 1752 1966 mayum,

102 1989 250 2048 gallice
287 1990 319 2034 le
353 1990 447 2034 beau
476 2005 567 2049 may
585 2007 595 2045 ;
633 2004 675 2034 et
702 1989 866 2034 solebat
901 1992 1114 2048 pertinere
1140 1990 1323 2035 domino
1348 1993 1474 2035 Petro
1503 1990 1554 2036 de
1589 1993 1752 2036 Bom‘le-

106 2083 212 2118 mont
242 2081 270 2127 3,
310 2074 452 2117 militi.
489 2075 614 2128 Item,
639 2073 803 2118 dicebat
830 2073 947 2132 quod
972 2073 1206 2132 aliquando
1243 2075 1330 2133 ipsa
1370 2074 1455 2118 ibat
1480 2084 1497 2107 4
1527 2077 1757 2134 spatiatum

107 2173 206 2201 cum
240 2157 331 2201 aliis
354 2157 534 2209 filiabus,
564 2171 605 2202 et
632 2157 808 2202 faciebat
847 2157 1099 2216 apud-illam
1130 2166 1139 2190 5
1170 2157 1369 2202 arborem
1407 2172 1515 2202 serta
1540 2176 1617 2218 pro
1652 2161 1758 2203 ima-

108 2242 207 2300 gine
232 2243 370 2285 Beatae
395 2243 543 2286 Mariae
561 2241 613 2287 de
639 2242 884 2300 Dompremi.
908 2242 959 2285 Et
982 2242 1141 2300 pluries
1158 2241 1324 2286 audivit
1349 2242 1619 2302 abantiquis,
1644 2243 1759 2302 (non

109 2324 159 2368 ab
184 2325 266 2368 illis
282 2324 332 2369 de
351 2342 425 2370 sua
441 2325 682 2384 progenie),
709 2325 828 2384 quod
848 2326 1053 2369 Dominae
1072 2326 1231 2370 Fatales
1254 2325 1355 2370 illuc
1376 2327 1756 2372 conversabantur.

112 2409 160 2452 Et
188 2408 351 2453 audivit
382 2408 463 2453 dici
485 2409 536 2453 ab
564 2426 650 2454 una
680 2409 876 2463 muliere,
911 2411 1134 2454 nominata
1168 2409 1383 2467 Johanna,
1414 2426 1546 2456 uxore
1585 2413 1761 2470 Maioris

111 2492 310 2547 Alberici,
347 2493 496 2551 gallice
536 2494 589 2538 du
637 2495 775 2538 Maire
804 2494 964 2554 Aubery
989 2495 1020 2548 ⁶,
1051 2494 1102 2539 de
1143 2494 1213 2538 illa
1245 2495 1360 2548 villa,
1390 2510 1488 2554 quae
1515 2508 1601 2539 erat
1629 2497 1761 2555 ipsius

106 2576 319 2632 Johannae
349 2578 566 2636 loquentis
589 2580 789 2632 matrina,
827 2577 944 2636 quod
971 2580 1058 2637 ipsa
1086 2577 1144 2622 ibi
1169 2578 1335 2623 viderat
1359 2579 1581 2638 praedictas
1608 2580 1764 2624 Domi·

107 2675 179 2704 nas
207 2662 394 2715 Fatales;
433 2661 506 2706 sed
535 2663 623 2721 ipsa
651 2662 833 2721 loquens
858 2663 991 2706 nescit
1012 2678 1065 2706 an
1092 2675 1238 2706 utrum
1265 2663 1347 2707 hoc
1367 2676 1476 2708 esset
1499 2680 1667 2718 verum,
1695 2663 1763 2709 vel

111 2759 217 2788 non.
250 2745 375 2799 Item,
397 2745 504 2790 dixit
524 2744 644 2804 quod
667 2762 894 2804 nunquam
921 2745 1027 2790 vidit
1049 2745 1270 2804 praedictas
1301 2747 1463 2791 Fatales
1500 2748 1613 2806 apud
1637 2748 1764 2793 arbo-

175 3011 202 3035 1.
231 3001 324 3037 AC.-
347 3002 432 3037 alias
452 3002 564 3037 adhoc
583 3004 652 3049 ipsa
673 3003 893 3050 responderat.
922 3023 967 3028 —
989 3014 1021 3037 2.
1050 3003 1117 3038 AC
1137 3004 1295 3050 aj0utent
1318 3004 1398 3039 dici.
1417 3025 1464 3030 —
1488 3016 1518 3051 3.
1548 3006 1614 3040 AC
1634 3019 1643 3040 :
1672 3007 1765 3041 Bou-

120 3059 268 3096 lemont.
304 3083 348 3086 -—
372 3073 404 3105 4.
434 3063 490 3096 A:
512 3063 580 3109 ipsa
602 3063 667 3096 ibat
684 3062 876 3109 aliquando.
908 3083 952 3088 —
977 3073 1006 3105 5.
1035 3064 1069 3107 Q
1094 3073 1191 3098 omet
1212 3064 1319 3098 illam.
1351 3085 1393 3089 —-
1415 3064 1449 3099 6.
1477 3066 1508 3099 A
1529 3078 1538 3099 .·
1560 3066 1689 3112 Aubry.

209 3145 333 3174 PROCILS
358 3156 397 3175 nra
419 3147 543 3185 memz
568 3147 671 3175 n'Auc
1645 3162 1660 3187 «⁸
