2099 3356
352 175 508 219 PRocizs
542 189 597 218 DE
630 188 979 218 CONDAMNArioN
1014 188 1069 216 DE
1101 188 1265 229 JEANNE
1300 173 1427 217 D’ARC
1531 225 1534 229 ⁵
1627 187 1708 230 245

70 305 168 333 rum
217 288 342 333 dictae
375 288 586 345 Johannae
615 297 642 330 ¹.
674 287 741 331 Ad
769 286 887 345 quod
917 286 1029 331 dicta
1054 287 1254 342 Johanna
1291 286 1432 330 eidem
1469 286 1716 330 Katharinae

70 372 293 431 respondit
319 371 437 431 quod
470 373 559 430 ipsa
592 371 829 415 Katharina
863 370 1021 414 rediret
1056 371 1106 414 ad
1147 372 1353 414 maritum
1381 386 1530 424 suum,
1564 370 1718 414 faceret

68 473 200 501 suum
228 457 501 515 mesnagium
525 468 566 499 et
589 456 771 498 nutriret
796 470 950 512 pueros
971 470 1086 498 suos.
1120 455 1186 507 Et,
1218 470 1293 512 pro
1326 453 1504 498 sciendo
1543 455 1716 497 certitu-

71 539 217 585 dinem
246 539 297 584 de
318 539 430 584 dicta
460 539 711 592 Katharina,
739 539 881 582 locuta
907 537 988 581 fuit
1022 554 1071 581 ex
1104 553 1151 581 ea
1184 550 1340 581 sanctae
1364 536 1612 581 Katharinae
1648 537 1715 580 vel

70 637 225 669 sanctae
252 625 528 682 Margaretae3
559 639 655 682 quae
687 621 890 666 dixerunt
927 621 1066 665 eidem
1103 621 1314 677 Joliannae
1354 620 1489 680 quod,
1525 620 1576 664 de
1603 620 1716 665 facto

68 707 193 752 dictae
225 708 486 761 Katharinae,
524 723 613 751 non
642 720 727 751 erat
770 707 851 749 nisi
879 706 1076 755 stultitia,
1111 718 1151 748 et
1197 718 1284 748 erat
1338 717 1478 748 totum
1522 704 1713 758 nullum,

67 791 218 850 gallice
247 807 351 850 quar
369 800 382 817 ²
410 808 447 835 ce
473 790 625 835 n'estoit
656 807 728 849 que
744 791 843 849 solie
865 799 899 833 et
926 799 1008 833 tout
1036 793 1167 832 ne'ant.
1203 788 1271 846 [Et
1301 788 1565 846 superfacto
1591 788 1714 832 dictae

68 874 355 934 Katharinae,]
381 876 546 933 scripsit
582 874 690 918 dicta
720 874 919 930 Johanna
943 889 1023 917 suo
1051 875 1137 931 regi
1165 882 1175 906 ³
1211 872 1329 931 quod
1351 872 1491 916 eidem
1514 882 1529 905 4
1557 871 1714 916 diceret

66 959 172 1018 quid
200 975 251 1003 ex
278 958 427 1003 eadem
456 958 690 1002 Katharina
729 956 862 1001 facere
887 956 1090 1010 debebat;
1114 969 1172 1009 et,
1199 955 1374 1014 quando
1403 957 1490 1014 ipsa
1517 955 1715 1012 Johanna

66 1045 186 1087 venit
218 1042 269 1087 ad
306 1044 614 1101 praesentiam³
668 1043 735 1085 sui
790 1043 915 1099 regis,
957 1040 1064 1085 dixit
1103 1041 1141 1084 ei
1181 1038 1298 1098 quod
1337 1053 1423 1083 erat
1460 1039 1642 1083 stultitia
1675 1052 1716 1083 et

68 1139 212 1171 totum
252 1127 425 1171 nullum
466 1126 518 1170 de
553 1126 664 1170 facto
689 1125 813 1169 dictae
848 1124 1108 1168 Katharinae.
1142 1124 1311 1167 Tamen
1350 1123 1476 1167 frater
1509 1122 1715 1168 Ricardus

67 1210 238 1254 volebat
265 1209 384 1269 quod
412 1209 523 1254 dicta
559 1209 795 1254 Katharina
830 1217 1061 1267 poneretur
1096 1210 1139 1251 in
1177 1223 1334 1265 opere,
1378 1220 1419 1250 et
1457 1206 1577 1251 valde
1605 1207 1716 1250 male

66 1296 262 1338 contenti
283 1294 458 1338 fuerunt
478 1293 580 1338 dicti
603 1293 728 1337 frater
744 1292 948 1337 Ricardus
971 1305 1012 1336 et
1031 1291 1265 1335 Katharina
1289 1290 1340 1335 de
1361 1290 1475 1335 dicta
1498 1290 1713 1346 Johanna.

66 1404 123 1409 ——-
147 1379 410 1435 Interrogata
440 1379 474 1421 si
505 1393 558 1421 ne
587 1377 729 1421 locuta
755 1376 837 1421 fuit
863 1376 1111 1419 Katharinae
1139 1374 1190 1419 de
1225 1376 1288 1419 La
1312 1375 1497 1428 Rochelle,
1525 1373 1576 1418 de
1603 1374 1714 1418 facto

65 1460 197 1505 eundi
221 1460 272 1506 ad
298 1462 532 1505 Caritatem
555 1478 563 1504 t
589 1460 811 1518 respondit
828 1458 947 1519 quod
969 1459 1078 1503 dicta
1098 1458 1333 1502 Katharina
1352 1475 1440 1502 non
1462 1457 1713 1502 consulebat

65 1544 204 1589 eidem
231 1546 446 1602 Johannae
466 1544 586 1604 quod
614 1546 710 1598 iret,
733 1557 772 1588 et
800 1543 918 1602 quod
950 1557 1121 1601 tempus
1157 1555 1246 1586 erat
1270 1543 1400 1586 nimis
1428 1541 1651 1600 frigidum,
1672 1555 1713 1586 et

63 1629 180 1688 quod
201 1631 287 1687 ipsa
309 1629 509 1686 Johanna
526 1644 614 1673 non
638 1630 730 1672 iret.
757 1629 884 1682 Item,
907 1627 1054 1672 eadem
1078 1628 1200 1671 tertia
1222 1627 1381 1680 martii,
1406 1628 1493 1684 ipsa
1512 1625 1713 1682 Johanna

65 1714 256 1758 confessa
277 1713 359 1757 fuit
379 1713 534 1758 dixisse
554 1712 678 1757 dictae
699 1712 962 1765 Katharinae,
985 1728 1082 1770 quae
1112 1709 1284 1754 volebat
1314 1711 1374 1754 ire
1400 1726 1547 1753 versus
1565 1709 1708 1754 d‘omi-

67 1813 175 1841 num
209 1797 363 1842 ducem
395 1796 673 1854 Burgundiae,
714 1813 790 1854 pro
830 1795 1026 1840 faciendo
1066 1810 1230 1852 pacem,
1266 1793 1385 1853 quod
1420 1810 1509 1838 non
1546 1795 1591 1837 in
1632 1794 1714 1838 hoc

66 1883 320 1939 reperiretur
343 1897 439 1940 pax,
471 1882 552 1924 nisi
568 1881 583 1906 ⁶
605 1894 712 1924 esset
736 1896 810 1938 per
828 1880 983 1924 butum
1006 1880 1176 1923 lanceae.
1194 1879 1320 1932 Item,
1343 1878 1493 1922 eadem
1517 1877 1715 1934 Johanna

65 1965 256 2009 confessa
291 1965 371 2009 fuit
399 1966 597 2024 petivisse
622 1973 636 1998 7
669 1981 691 2008 a
717 1964 829 2008 dicta
863 1964 1097 2007 Katharina
1129 1964 1163 2006 si
1197 1962 1267 2005 illa
1301 1961 1480 2006 domina
1508 1961 1715 2006 omnibus

65 2049 265 2094 noctibus
298 2049 522 2102 veniebat3
551 2062 592 2093 et
612 2061 835 2107 propterea
858 2047 1032 2092 cubaret
1054 2050 1068 2073 ⁸
1092 2063 1191 2090 cum
1219 2062 1281 2099 ea,
1305 2059 1434 2104 prout
1460 2058 1500 2088 et
1536 2045 1712 2100 cubuit,

64 2147 106 2177 et
132 2134 324 2191 vigilavit
352 2149 488 2192 usque
514 2132 566 2176 ad
595 2131 785 2176 mediam
813 2145 1004 2185 noctem,
1035 2147 1112 2174 nec
1145 2128 1307 2189 aliquid
1341 2128 1462 2183 vidit,
1497 2142 1538 2173 et
1567 2142 1714 2187 postea

65 2233 108 2261 se
129 2216 421 2270 obdormivit3
452 2230 493 2261 et
520 2215 695 2275 quando
718 2217 836 2259 venit
870 2231 1013 2269 mane,
1040 2216 1128 2273 ipsa
1150 2215 1271 2272 petiit
1295 2229 1316 2256 a
1343 2212 1452 2257 dicta
1477 2213 1714 2256 Katharina

65 2302 99 2344 si
124 2302 211 2359 ipsa
239 2300 417 2345 domina
446 2314 648 2354 venerat;
689 2314 730 2344 et
769 2299 881 2344 dicta
918 2298 1150 2343 Katharina
1199 2296 1420 2355 respondit
1466 2295 1583 2355 quod
1626 2297 1714 2353 ipsa

67 2384 246 2429 domina
264 2398 455 2438 venerat,
477 2397 518 2428 et
537 2397 642 2427 tunc
661 2382 903 2428 dormiebat
928 2382 1035 2426 dicta
1057 2382 1273 2438 Johanna,
1298 2397 1374 2424 nec
1399 2396 1493 2423 eam
1516 2392 1715 2438 potuerat

66 2468 284 2526 evigilare.
317 2469 368 2511 Et
398 2468 473 2511 illo
501 2481 621 2521 tunc,
659 2467 771 2511 dicta
797 2466 996 2523 Johanna
1025 2466 1147 2523 petiit
1194 2481 1216 2508 a
1250 2463 1361 2508 dicta
1395 2462 1629 2506 Katharina
1661 2479 1714 2506 an

68 2553 156 2611 ipsa
210 2552 404 2605 domina,
439 2552 618 2595 crastina
656 2550 740 2604 die,
782 2552 973 2603 veniret,
1012 2550 1123 2593 dicta
1160 2548 1395 2591 Katharina
1433 2545 1720 2605 respondente

68 2636 187 2695 quod
215 2638 287 2680 sic.
319 2637 419 2690 Qua
447 2635 498 2679 de
526 2651 651 2679 causa
677 2634 883 2678 dormivit
909 2635 996 2692 ipsa
1017 2633 1217 2689 Johanna
1244 2631 1295 2676 de
1332 2630 1417 2685 die,
1448 2644 1496 2675 ut
1542 2630 1718 2688 vigilare

70 2734 211 2779 posset
239 2720 289 2764 de
315 2734 464 2774 nocte;
492 2732 548 2769 et,
577 2732 705 2763 nocte
733 2720 948 2777 sequenti,
970 2718 1234 2776 pernoctavit
1281 2717 1369 2774 ipsa
1393 2714 1592 2772 Johanna
1617 2730 1717 2758 cum

123 2964 151 2988 1.
169 2952 199 2988 C
220 2965 229 2987 .·
250 2953 465 2990 Katharinae,
494 2973 538 2977 —
558 2963 590 2986 2.
617 2952 648 2985 A
675 2964 686 2985 .·
705 2963 775 2997 que.
795 2972 841 2975 —
864 2961 893 2995 3.
920 2950 951 2983 A
980 2949 1099 2996 ajoute
1117 2954 1158 2983 et.
1181 2970 1226 2973 —
1244 2959 1278 2991 4.
1299 2948 1332 2982 Α
1354 2948 1472 2993 ajoute
1489 2959 1546 2981 suo
1568 2948 1650 2991 regi.
1670 2967 1716 2971 —

74 3024 104 3057 5.
124 3013 156 3047 A
177 3013 294 3059 ajoute
320 3012 416 3047 dicti.
445 3033 491 3037 —
520 3011 554 3046 6.
577 3011 644 3046 AC
675 3011 835 3057 ajoutent
868 3010 934 3044 hoc.
966 3031 1011 3034 —
1044 3020 1076 3054 7.
1115 3009 1146 3043 A
1183 3021 1192 3042 .·
1219 3008 1329 3042 eadem
1358 3008 1500 3052 rousessa
1523 3007 1600 3052 suit
1627 3006 1715 3040 dicta

65 3072 213 3115 johanna
240 3073 436 3118 petiisse...
471 3092 514 3096 -—
546 3071 578 3106 S.
603 3070 722 3104 ABC:
747 3070 884 3105 czcbiret.
