2099 3356
373 189 530 232 mocks
563 204 619 232 DE
651 203 1004 234 CONDAMNATION
1044 204 1100 233 DE
1131 205 1298 246 JEANNE
1332 190 1459 234 D'ARC
1648 204 1728 246 401

96 317 302 346 coronam
331 300 383 344 de
407 317 491 359 qua
518 301 565 344 fit
587 318 729 346 sermo
755 311 783 356 ¹,
807 315 847 346 et
874 302 992 361 quod
1018 304 1198 362 ipsamet
1226 302 1306 347 fuit
1335 302 1526 361 angelus,
1557 318 1633 346 nec
1648 301 1738 345 fue-

100 397 160 429 rat
180 384 288 428 alius
314 384 508 442 angelus,

160 469 209 511 Et
235 481 338 512 tuuc
360 467 440 511 fuit
461 468 720 526 interrogata
741 470 772 512 si
799 469 877 524 illi,
898 485 1029 528 quem
1047 469 1150 513 dicit
1169 486 1298 514 suum
1315 486 1474 527 regem,
1504 469 1639 514 fuerat
1656 484 1743 513 rea-

101 552 196 595 liter
236 551 388 596 tradita
423 567 509 595 una
552 567 724 595 corona.
756 552 995 611 Respondit
1041 553 1159 612 quod
1206 554 1313 597 nihil
1352 553 1467 598 aliud
1511 553 1607 606 fuit,
1663 553 1744 596 nisi

103 637 330 693 promissio
358 636 652 680 coronationis
676 635 790 679 illius
814 644 827 661 ²
856 653 988 694 quem
1011 637 1111 681 dicit
1141 653 1282 695 regem
1324 654 1469 691 suum,
1487 653 1617 695 quam
1650 636 1746 680 fecit

103 719 260 773 eidem,
283 718 579 778 promittendo
604 719 761 762 scilicet
783 719 901 777 quod
918 721 1004 778 ipse
1032 733 1324 764 coronaretur.

164 804 281 847 Dicit
309 804 485 860 insuper
499 802 636 847 dictus
664 803 846 860 loquens
873 803 990 861 quod
1010 805 1182 861 pluries,
1212 817 1298 848 tam
1328 806 1371 847 in
1400 805 1624 862 praesentia
1645 819 1747 862 prae-

105 885 178 930 fati
198 887 390 944 magistri
409 887 524 930 Petri
552 899 593 930 et
619 886 810 930 duorum
833 886 1011 930 fratrum
1041 887 1371 932 Praedicatorum
1392 904 1521 946 quam
1547 895 1558 921 3
1582 889 1625 930 in
1648 903 1748 931 nos-

107 971 160 1014 tri
190 971 428 1028 praesentia,
458 971 647 1028 episcopi
676 968 854 1027 praefati‚
899 983 939 1014 et
985 987 1116 1029 quam
1157 971 1349 1029 plurium
1382 973 1511 1015 etiam
1546 971 1748 1021 aliorum,

107 1052 272 1098 audivit
298 1070 320 1098 a
346 1053 456 1098 dicta
481 1054 679 1110 Johanna
704 1053 822 1112 quod
848 1056 934 1112 ipsa
964 1055 1165 1098 habuerat
1195 1055 1362 1099 realiter
1392 1055 1673 1099 revelationes
1712 1066 1754 1098 et

110 1138 399 1196 apparitiones
450 1138 684 1196 spirituum
715 1155 725 1191 3
773 1137 979 1196 quodque
1026 1139 1069 1181 in
1120 1138 1373 1196 hujusmodi
1420 1137 1755 1182 revelationibus

112 1220 289 1280 decepta
313 1221 449 1265 fuerat
473 1230 489 1254 4
515 1239 526 1275 3
556 1234 597 1265 et
613 1221 694 1264 hoc
719 1234 821 1264 tunc
847 1221 953 1265 bene
974 1222 1257 1279 cognoscebat
1284 1234 1324 1266 et
1352 1221 1539 1275 videbat,
1564 1238 1664 1265 cum
1683 1237 1755 1279 per

116 1304 369 1362 hujusmodi
397 1305 679 1349 revelationes
706 1303 856 1349 fuisset
888 1305 967 1348 sibi
1002 1307 1211 1363 promissa
1238 1305 1431 1349 liberatio
1459 1307 1550 1363 ejus
1574 1321 1595 1348 a
1622 1321 1756 1349 carce-

114 1388 247 1441 ribus,
277 1390 400 1446 cujus
427 1390 691 1432 contrarium
714 1388 997 1447 percipiebat3
1034 1402 1076 1433 et
1113 1391 1146 1433 si
1175 1389 1235 1432 illi
1279 1390 1451 1447 spiritus
1496 1402 1616 1433 erant
1655 1388 1757 1432 boni

113 1473 181 1517 vel
197 1474 315 1527 mali,
332 1472 383 1516 de
408 1473 490 1516 hoc
514 1488 558 1516 se
580 1472 785 1516 referebat
809 1472 969 1516 clericis
992 1490 1002 1526 3
1031 1472 1102 1517 sed
1129 1473 1210 1516 illis
1225 1473 1446 1531 spiritibus
1468 1488 1557 1517 non
1573 1472 1758 1531 amplius

116 1556 248 1601 fidem
272 1555 502 1600 adhibebat
529 1573 608 1601 nec
635 1555 871 1600 adhiberet.

175 1643 301 1695 Item,
332 1640 435 1685 dicit
461 1640 599 1685 dictus
620 1641 802 1699 loquens
829 1640 946 1700 quod
966 1642 1053 1699 ipse
1075 1641 1322 1685 exhortatus
1339 1653 1400 1684 est
1415 1657 1507 1684 eam
1530 1653 1757 1699 quatenuS,

118 1725 169 1770 ad
197 1725 442 1770 tollendum
464 1741 668 1777 errorem,
699 1741 831 1783 quem
867 1726 1151 1768 seminaverat
1180 1726 1224 1767 in
1250 1724 1428 1783 populo,
1456 1724 1661 1768 fateretur
1684 1739 1761 1781 pu—

119 1809 225 1853 blice
249 1825 292 1853 se
316 1808 446 1853 fuisse
472 1808 646 1853 illusam
672 1822 713 1852 et
739 1825 782 1853 se
813 1809 1026 1867 populum
1047 1808 1244 1861 illusisse,
1270 1807 1524 1866 hujusmodi
1546 1807 1765 1851 revelatio-

122 1892 248 1938 nibus
270 1892 403 1937 fidem
430 1892 660 1951 praebuisse
681 1905 723 1936 et
750 1892 1018 1936 exhortatam
1042 1891 1171 1936 fuisse
1189 1892 1402 1950 populum
1424 1890 1475 1935 ad
1501 1878 1765 1935 credendum

120 1976 293 2031 talibus,
313 1993 441 2035 super
461 1976 544 2020 hoc
570 1977 743 2020 veniam
765 1976 990 2020 humiliter
1013 1974 1214 2034 petendo.
1240 1976 1353 2028 Quae
1366 1974 1565 2031 Johanna
1591 1990 1766 2032 respon-

125 2060 189 2105 dit
215 2059 333 2120 quod
363 2060 477 2113 istud
502 2059 684 2105 libenter
723 2059 893 2113 faceret,
924 2059 996 2104 sed
1043 2076 1132 2103 non
1166 2058 1358 2118 sperabat
1385 2070 1503 2112 tunc,
1528 2074 1629 2101 cum
1659 2073 1768 2116 opus

123 2157 231 2189 esset
265 2144 346 2190 hoc
366 2143 518 2199 facere,
543 2144 674 2202 hujus
694 2145 928 2197 reminisci,
953 2142 1152 2187 videlicet
1179 2159 1278 2187 cum
1306 2155 1412 2186 esset
1432 2143 1473 2185 in
1498 2140 1658 2199 judicio
1686 2157 1769 2199 pu-

126 2228 237 2273 blico
266 2246 277 2283 3
306 2227 500 2287 rogando
521 2228 810 2273 confessorem
827 2244 959 2272 suum
980 2226 1098 2286 quod
1123 2226 1237 2271 istud
1259 2225 1478 2270 reduceret
1501 2224 1581 2269 sibi
1606 2240 1772 2269 memo-

128 2314 200 2356 riae
227 2326 269 2357 et
297 2325 448 2357 caetera
487 2311 755 2357 conferentia
782 2311 833 2356 ad
872 2311 1055 2355 salutem
1094 2327 1233 2354 suam.
1272 2310 1323 2353 Et
1356 2326 1406 2353 ex
1433 2309 1516 2352 hoc
1546 2321 1587 2353 et
1620 2308 1770 2352 multis

128 2396 221 2440 aliis
251 2396 438 2450 indiciis,
468 2395 638 2440 videtur
665 2395 780 2440 dicto
808 2395 1005 2454 loquenti
1033 2393 1150 2452 quod
1184 2393 1296 2437 dicta
1326 2392 1524 2449 Johanna
1555 2404 1643 2436 erat
1674 2407 1774 2435 sana

133 2493 295 2534 mente,
326 2492 430 2524 tunc
455 2479 661 2524 exhibens
695 2495 847 2537 magna
868 2480 987 2537 signa
1014 2478 1290 2521 contritionis
1314 2482 1324 2509 5
1361 2489 1402 2520 et
1419 2476 1690 2534 poenitentiae
1723 2473 1775 2518 de

132 2563 387 2609 criminibus
415 2579 489 2622 per
513 2579 606 2607 eam
636 2563 915 2622 perpetratis3
941 2577 1071 2620 quam
1115 2560 1296 2614 audivit,
1324 2573 1410 2604 tam
1445 2561 1489 2602 in
1525 2574 1702 2611 carcere,
1732 2559 1776 2601 in

133 2649 356 2706 praesentia
380 2647 723 2707 quamplurium,
751 2662 882 2705 quam
906 2647 948 2689 in
969 2644 1141 2703 publico
1162 2643 1339 2701 judicio,
1363 2659 1463 2687 cum
1486 2644 1669 2686 maxima
1688 2658 1778 2686 cor-

137 2731 200 2776 dis
228 2733 492 2776 contritione
511 2732 526 2756 ⁶
547 2743 688 2790 petere
710 2729 1025 2788 indulgentiam
1049 2727 1099 2772 ab
1116 2728 1307 2785 Anglicis
1323 2740 1363 2770 et
1379 2725 1636 2784 Burgundis,
1661 2727 1777 2784 quia,

136 2828 185 2860 ut
210 2814 438 2867 fatebatur,
466 2816 621 2859 fecerat
649 2830 721 2858 eos
740 2812 938 2863 interfici,
964 2811 1116 2869 fugari,
1143 2823 1185 2854 et
1209 2827 1283 2855 eos
1296 2809 1592 2868 multipliciter
1616 2807 1782 2852 damni-

137 2899 349 2943 ficaverat.

192 3047 220 3070 1.
245 3036 274 3070 C
295 3048 304 3069 :
328 3036 459 3069 mentio.
488 3055 534 3060 ——
553 3045 585 3068 2.
604 3034 669 3069 AC
688 3046 697 3067 .·
721 3034 834 3079 1'p5ius.
861 3053 900 3056 ——
935 3042 964 3075 3.
991 3031 1021 3065 C
1040 3040 1138 3065 omet
1158 3042 1268 3076 qnam.
1292 3050 1338 3055 -—
1367 3040 1402 3072 4.
1431 3030 1462 3063 A
1482 3038 1578 3064 omet
1594 3030 1717 3073 fuerat.
1738 3048 1783 3052 —

145 3106 173 3139 5.
199 3095 228 3130 C
246 3107 256 3129 :
276 3096 516 3129 contrictionis.
538 3115 585 3118 —
602 3093 635 3128 6.
658 3093 687 3127 (Σ
705 3105 715 3127 .·
730 3093 957 3127 contrictione.

225 3174 352 3203 Pnocfis
370 3182 412 3202 DE
435 3172 562 3212 JEANNE
586 3171 693 3200 D'Anc
1666 3165 1702 3195 26
