2099 3356
337 177 422 221 206
623 174 779 219 PRocizs
811 189 868 218 DE
900 187 1254 219 CONDAMNATlon
1290 188 1346 218 DE
1376 187 1542 231 JssANNE
1574 172 1703 218 D'ARC

334 290 441 348 quin
461 289 643 333 libenter
668 289 898 342 evasisset;
932 299 989 342 et,
1022 289 1110 346 ipsa
1138 288 1364 332 exsistente
1385 288 1429 330 in
1458 287 1532 331 illo
1558 299 1709 337 castro,
1735 285 1976 331 inclusisset

332 388 432 417 suos
465 371 665 417 custodes
698 371 807 415 infra
833 372 1006 425 turrim,
1036 372 1117 415 nisi
1152 370 1302 414 fuisset
1327 371 1538 429 portarius
1567 371 1641 429 qui
1674 385 1767 414 eain
1799 368 1907 414 vidit
1933 381 1975 414 et

329 455 406 500 sibi
429 455 634 500 obviavit.
666 456 778 498 Item
805 453 912 499 dixit
939 453 991 498 ad
1016 454 1097 499 hoc
1124 453 1243 513 quod
1268 455 1305 497 ei
1330 453 1503 498 videtur
1532 452 1650 512 quod
1675 469 1765 497 non
1790 453 1976 512 placebat

331 539 424 582 Deo
451 536 568 596 quod
591 539 679 595 ipsa
705 537 902 581 evaderet
934 552 1011 596 pro
1038 537 1108 581 illa
1128 539 1234 590 vice,
1263 550 1304 581 et
1334 535 1452 596 quod
1485 535 1711 595 oportebat
1742 534 1860 595 quod
1888 538 1976 594 ipsa

329 620 490 665 videret
506 636 649 679 regem
671 620 932 678 Anglorum,
955 622 1064 665 sicut
1086 636 1211 665 voces
1231 636 1319 665 suae
1346 620 1547 664 dixerunt
1562 621 1615 673 ei,
1634 632 1762 678 prout
1776 621 1976 678 superius

331 704 494 748 dictum
519 713 528 730 ¹
550 717 626 748 est.
645 705 770 758 Item,
796 703 906 748 dicta
931 703 998 748 die
1017 706 1141 761 jovis,
1164 705 1425 763 interrogata
1443 703 1495 748 de
1516 703 1818 762 magnitudine
1838 716 1878 747 et
1895 715 1976 747 sta-

333 801 429 832 tura
455 788 593 846 angeli
621 787 701 832 sibi
722 789 963 847 apparentis
987 805 995 832 :
1018 787 1127 832 dixit
1146 787 1263 847 quod
1284 787 1443 831 saobati
1466 786 1753 846 respondebit,
1777 802 1877 831 cum
1899 787 1977 830 alia

334 887 376 915 re
401 871 451 915 de
475 887 560 930 qua
580 870 841 930 respondere
861 871 1001 925 debet,
1028 871 1223 916 videlicet
1256 870 1298 915 id
1334 869 1452 929 quod
1483 869 1535 914 de
1569 870 1634 914 his
1661 871 1757 914 Deo
1781 869 1977 929 placebit.

333 981 390 986 —
424 956 479 999 Ea
506 955 575 1000 die
601 957 874 1014 interrogata,
907 956 1008 1014 quia
1041 955 1129 1014 ipsa
1157 955 1262 999 dixit
1289 954 1407 1013 quod
1438 969 1516 1012 pro
1544 953 1728 998 dicendo
1752 954 1977 997 veritatem

332 1037 626 1097 suspenditur,
647 1039 680 1083 si
705 1039 829 1082 sciret
850 1039 893 1081 in
915 1054 958 1082 se
980 1039 1069 1095 ipsa
1088 1036 1264 1096 aliquod
1283 1046 1297 1062 ²
1320 1039 1483 1081 crimen
1503 1036 1569 1081 vel
1592 1036 1826 1091 defectum,
1847 1052 1976 1095 prop-

331 1135 395 1166 ter
421 1138 530 1181 quos
557 1135 698 1179 posset
726 1121 789 1165 vel
816 1120 1021 1166 deberet³
1050 1122 1181 1175 mori,
1207 1123 1239 1165 si
1267 1121 1382 1179 ipsos
1411 1121 1691 1165 confiteretur
1723 1138 1732 1165 ε
1759 1119 1980 1179 respondit

332 1205 449 1264 quod
473 1222 576 1250 non.

389 1291 513 1342 Item,
543 1288 718 1343 sabbati,
754 1303 860 1332 xvii.
905 1289 1064 1342 martii,
1099 1290 1356 1347 interrogata
1393 1287 1445 1332 de
1469 1277 1601 1332 'aetate
1633 1301 1674 1332 et
1710 1288 1981 1337 vestimentis,

331 1385 575 1417 sanctarum
604 1373 847 1417 Katharinae
885 1385 925 1416 et
961 1373 1208 1429 Margaret-<e
1236 1390 1244 1416 :
1280 1371 1498 1430 respondit
1526 1388 1534 1415 ε
1565 1388 1586 1411 «
1612 1372 1884 1430 Responsum
1915 1383 1978 1415 est

334 1456 456 1500 vobis
483 1456 535 1500 de
557 1456 653 1510 hoc,
679 1455 798 1515 quod
833 1472 908 1500 vos
935 1471 1062 1514 super
1096 1455 1160 1499 his
1192 1455 1398 1499 habebitis
1431 1471 1453 1499 a
1482 1471 1578 1509 me3
1606 1471 1682 1499 nec
1716 1455 1815 1499 inde
1849 1454 1979 1498 habe-

337 1539 433 1583 bitis
454 1539 596 1591 aliud3
625 1552 666 1584 et
688 1539 742 1583 de
765 1540 830 1583 his
854 1538 1053 1597 respondi
1082 1538 1204 1583 vobis
1235 1552 1377 1583 totum
1411 1538 1461 1583 ad
1490 1540 1645 1583 certius
1675 1537 1792 1597 quod
1818 1539 1921 1583 scio.
1954 1553 1974 1577 >³

394 1707 575 1751 XXXII.
623 1724 641 1746 «
682 1707 803 1760 ΙΤΕΜ,
854 1705 972 1765 quod
1018 1723 1091 1765 per
1135 1721 1181 1750 ea
1219 1707 1394 1764 potestis
1435 1721 1481 1750 ac
1526 1705 1687 1750 debetis
1720 1719 1978 1763 praesumere

335 1791 613 1834 vehementer
627 1789 743 1848 quod
769 1792 869 1848 ipsae
895 1789 1175 1834 revelationes
1202 1805 1246 1833 ac
1274 1790 1477 1844 visiones,
1503 1790 1535 1833 si
1561 1805 1666 1848 quas
1700 1788 1848 1832 habuit
1869 1788 1979 1833 dicta

332 1874 546 1930 johanna,
574 1875 718 1932 potius
741 1886 1035 1932 provenerunt
1058 1884 1073 1907 4
1095 1890 1145 1918 ex
1173 1886 1286 1932 parte
1314 1872 1590 1918 mendacium
1618 1886 1659 1916 et
1684 1873 1977 1930 malignorum

332 1959 563 2016 spirituum
581 1952 718 2016 quam*
737 1957 954 2002 bonorum
975 1959 1145 2016 3sicque
1164 1957 1214 2001 ab
1229 1957 1434 2001 omnibus
1456 1955 1686 2001 tenendem
1708 1970 1787 2010 est,
1800 1956 1981 2000 attentis
2011 1995 2014 2001 .

334 2043 519 2084 maxime
551 2042 790 2093 severitate,
824 2039 1038 2099 superbia,
1071 2053 1210 2098 gestu,
1248 2040 1378 2094 factis,
1413 2038 1663 2094 mendaciis,
1700 2053 1739 2083 et
1766 2038 1978 2084 conditio·

335 2125 460 2168 nibus
483 2124 874 2168 contradicentibus
895 2126 938 2167 in
956 2124 1150 2182 pluribus
1171 2138 1212 2168 et
1239 2124 1415 2168 diversis
1437 2123 1623 2167 articulis
1645 2123 1713 2166 hic
1737 2122 1976 2177 declaratis,

335 2224 431 2266 qua:
450 2224 592 2252 revera
619 2220 719 2252 sunt
738 2220 780 2251 et
805 2206 887 2251 dici
910 2206 1066 2251 debent
1086 2209 1447 2266 praesumptiones
1474 2208 1576 2263 juris
1601 2219 1642 2250 et
1668 2205 1720 2250 de
1743 2207 1849 2264 jure.
1879 2224 1898 2246 »

393 2290 495 2335 *Ad
539 2291 654 2335 hunc
684 2298 695 2323 ⁵
731 2290 976 2343 articulum,
1023 2290 1090 2334 die
1126 2291 1325 2335 mercurii
1359 2303 1454 2348 post
1509 2290 1669 2334 Ramos
1711 2290 1975 2342 Palmarum,

335 2390 485 2418 xxvnl.
517 2376 656 2418 martii
679 2375 709 2427 ⁶,
741 2374 996 2433 respondit7
1039 2374 1157 2433 quod
1202 2386 1355 2432 negat;
1402 2373 1473 2417 sed
1502 2373 1598 2417 fecit
1641 2389 1714 2431 per
1751 2373 1978 2417 revelatio—

335 2476 435 2502 nem
463 2472 706 2502 sanctarum
743 2459 988 2502 Katharinae
1015 2471 1054 2502 et
1089 2459 1364 2516 Margaretae3
1393 2470 1433 2501 et
1471 2457 1552 2501 hoc
1581 2456 1808 2501 sustinebit
1840 2472 1977 2515 usque

386 2674 402 2690 *
422 2674 608 2727 Respond
633 2672 778 2727 qu'elle
803 2687 879 2726 nye
900 2689 909 2722 ;
936 2673 1034 2712 mais
1058 2672 1105 2711 l'a
1126 2672 1194 2711 fait
1216 2686 1285 2725 par
1307 2670 1531 2712 rex-elacior]
1553 2671 1620 2711 des
1639 2672 1806 2711 sainctes
1829 2670 1977 2710 Kathe·

334 2745 417 2783 rinc
439 2754 475 2784 et
500 2746 756 2798 Mai-guerite,
778 2754 816 2783 et
836 2744 871 2782 le
897 2744 1128 2783 soustendra
1149 2744 1312 2797 jusques
1336 2745 1357 2782 a
1376 2743 1412 2782 la
1433 2753 1550 2782 mort.

390 2968 418 2992 1.
443 2957 509 2992 AC
529 2959 729 3004 :si-ripum„
758 2978 802 2982 —
819 2967 850 2991 2.
870 2957 905 3001 Q
929 2957 1100 3002 :aliquast
1119 2978 1164 2982 μ
1194 2968 1223 3002 3.
1243 2957 1339 2992 ΑΒΕ
1365 2966 1398 2991 et
1420 2957 1455 3001 Q
1478 2961 1607 3002 :posset
1626 2956 1777 2990 dubitare
1805 2956 1904 2990 mori.
1930 2976 1971 2980 —

339 3027 373 3059 4.
393 3017 427 3061 Q
453 3030 462 3052 .·
487 3022 794 3063 pert-er1er1171t.‘—-
822 3027 851 3059 5.
874 3016 906 3050 A
932 3028 941 3051 :
970 3018 1174 3050 tricesimmn
1199 3016 1389 3053 secundum.
1414 3036 1460 3041 —
1486 3015 1519 3050 6.
1543 3015 1576 3050 A
1593 3016 1712 3062 ajoute
1736 3015 1903 3059 Johann'a.
1928 3035 1975 3038 —

341 3087 373 3121 7.
394 3078 423 3110 A
450 3089 458 3110 :
486 3076 661 3122 respondet.

2092 2396 2099 2466 i

2093 2470 2099 2531 ³.

2086 2587 2099 2724 ἒ

2082 2725 2099 2814 3

2084 2814 2099 2874 Ξ

2082 2878 2099 2963 3
