2099 3356
391 217 446 248 20
667 205 827 249 PRocizs
861 220 918 249 DE
950 219 1301 249 CONDAMNATION
1328 200 1393 250 'DE
1425 221 1591 262 JEANNE
1627 206 1753 251 n'ARc

385 315 592 365 fidelitate,
612 317 821 371 probitate,
849 317 1058 367 industria,
1085 317 1322 357 sufficientia
1352 328 1390 358 et
1414 318 1630 358 idoneitate
1660 332 1839 373 personae
1867 332 2030 359 venera-

385 387 474 427 bilis
495 398 533 428 et
548 389 827 444 circumspecti
845 390 918 429 viri
938 391 1116 442 magistri
1134 390 1329 440 Johannis
1345 390 1392 429 de
1415 391 1553 439 Fonte,
1569 392 1607 429 in
1628 390 1775 430 artibus
1797 391 1975 445 magistri
1999 401 2026 440 ¹,

381 459 573 500 licentiati
596 461 635 499 in
655 461 835 509 decretis,
851 461 1010 514 plenam
1033 462 1074 500 in
1097 462 1275 500 Domino
1294 461 1480 501 fiduciam
1499 471 1681 515 gerentes
1700 471 1738 501 et
1753 462 1883 502 debite
1902 462 2029 502 infor-

380 532 491 578 mati,
518 532 650 584 ipsum
685 534 919 586 magistrum
946 533 1172 582 Johannem
1203 533 1386 582 fecimus,
1412 533 1702 582 ordinavimus,
1728 535 2022 582 commisimus,

379 602 660 655 deputavimus
697 614 734 643 et
757 604 996 643 retinuimus
1021 613 1203 644 nostrum
1225 605 1545 644 commissarium
1565 615 1602 644 et
1621 614 1634 631 ²
1651 606 1926 645 consiliarium
1948 615 1987 645 et
2007 612 2019 638 3

381 674 692 714 examinatorem
713 676 875 715 testium
894 676 934 714 in
956 676 1058 715 facto
1079 686 1117 715 et
1138 676 1301 715 materia
1315 676 1564 729 hujusmodi,
1589 690 1660 730 pro
1682 686 1791 729 parte
1811 686 2020 730 promoto-

380 745 431 783 ris
447 746 571 784 nostri
587 746 940 799 producendorum
961 755 1003 796 4;
1042 748 1178 787 dantes
1217 748 1347 787 eidem
1382 748 1572 800 magistro
1603 748 1778 797 Johanni
1803 757 1840 787 et
1878 762 2022 788 conce-

381 816 517 856 dentes
536 818 752 868 licentiam,
784 818 1013 858 facultatem
1035 829 1072 859 et
1100 820 1375 859 auctoritatem
1409 820 1535 859 dictos
1568 829 1686 859 testes
1710 820 1944 873 recipiendi,
1961 821 2021 874 ju-

380 889 506 937 randi,
531 891 800 939 examinandi,
829 891 876 930 ad
907 891 1100 930 cautelam
1125 890 1374 940 absolvendi,
1406 905 1545 930 eorum
1567 891 1668 930 dicta
1693 900 1730 931 et
1748 891 2021 945 depositiones

380 959 594 1014 inscriptis
637 962 842 1016 redigendi
883 972 949 1002 aut
985 963 1109 1016 redigi
1144 962 1332 1011 faciendi,
1362 977 1406 1002 ac
1433 972 1572 1002 caetera
1610 964 1748 1002 omnia
1783 972 1821 1002 et
1864 962 2021 1017 singula

375 1030 562 1082 faciendi,
587 1047 675 1087 quae
696 1034 962 1083 consiliarius,
986 1035 1284 1074 commissarius
1300 1044 1339 1073 et
1356 1035 1603 1074 examinator
1623 1034 1753 1074 debite
1777 1035 2018 1075 constitutus

376 1112 507 1156 potest
527 1114 565 1144 et
588 1105 706 1145 debet
728 1105 870 1155 facere,
892 1115 930 1145 et
950 1120 1037 1160 quae
1067 1120 1140 1145 nos
1168 1107 1270 1145 circa
1295 1107 1379 1145 haec
1396 1106 1615 1146 faceremus
1645 1115 1711 1145 aut
1731 1106 1858 1146 facere
1882 1120 2017 1160 posse-

374 1189 477 1223 mus,
501 1176 531 1214 si
556 1187 769 1229 praesentes
794 1187 831 1217 et
852 1177 1114 1231 personaliter
1138 1178 1433 1217 interessemus.
1458 1179 1500 1217 In
1517 1179 1629 1231 cujus
1654 1179 1708 1218 rei
1723 1179 2015 1226 testimonium,

373 1256 453 1287 etc.
486 1255 513 1286 5.
550 1264 568 1284 »

502 1440 594 1467 ITEM
613 1429 628 1455 ⁶
647 1441 846 1472 SEQUITUR
866 1442 999 1469 TENOR
1023 1442 1271 1470 LITTERARUM
1298 1442 1567 1470 EXSECUTORIS
1590 1442 1885 1470 MANDATORUM.

424 1588 442 1606 «
471 1571 678 1610 Universis
702 1582 916 1625 praesentes
942 1573 1088 1612 litteras
1128 1573 1380 1626 inspecturis,
1408 1574 1559 1621 Petrus,
1595 1583 1669 1613 etc.
1702 1574 1855 1613 Notum
1893 1573 2012 1627 igitur

369 1638 537 1681 tacimus
559 1643 665 1696 quod
692 1657 779 1692 nos,
819 1643 1148 1684 deliberationem
1179 1654 1216 1683 et
1243 1644 1457 1684 consilium
1497 1645 1727 1697 hujusmodi
1751 1659 1795 1684 ac
1816 1646 2010 1684 terminos

368 1713 464 1765 juris
489 1714 643 1767 insequi
669 1714 863 1764 volentes,
896 1729 940 1755 ac
965 1716 1013 1755 de
1038 1716 1290 1765 sufficientia,
1317 1715 1505 1756 fidelitate
1535 1726 1573 1755 et
1597 1726 1779 1770 prompta
1804 1716 2009 1770 diligentia

365 1784 521 1824 discreti
547 1786 620 1824 viri
646 1786 1013 1836 dominiJoliannis
1037 1788 1215 1835 Massieu,
1258 1788 1491 1841 presbyteri,
1527 1788 1666 1827 decani
1701 1788 2007 1828 Christianitatis

366 1857 717 1910 Rothomagensis,
761 1859 922 1912 plenam
954 1861 992 1898 in
1029 1860 1206 1899 Domino
1234 1859 1421 1899 fiduciam
1455 1869 1640 1913 gerentes
1667 1869 1704 1899 et
1728 1859 1860 1899 debite
1884 1859 2008 1899 infor-

362 1929 470 1975 mati,
498 1929 630 1982 ipsum
656 1929 867 1969 dominum
907 1931 1133 1980 Johannem
1168 1930 1349 1979 fecimus,
1383 1931 1681 1979 constituimus,
1709 1931 1947 1970 retinuimus
1967 1939 2006 1970 et

360 1999 634 2039 ordinavimus
657 2001 934 2041 mandatorum
958 2012 995 2041 et
1013 2003 1352 2042 convocationum
1373 1988 1397 2042 a
1416 2001 1530 2041 nobis
1548 2003 1587 2040 in
1613 2003 1697 2055 ipsa
1718 2002 1880 2041 materia
1903 2001 2004 2042 fien—

359 2070 498 2110 darum
524 2082 825 2122 exsecutorem;
867 2073 1066 2113 licentiam
1107 2074 1180 2113 sibi
1211 2088 1329 2128 super
1358 2074 1435 2113 boc
1456 2074 1745 2123 concessimus,
1781 2083 1897 2128 atque
1931 2087 2002 2127 per

360 2152 572 2195 praesentes
598 2145 872 2184 concedimus.
903 2146 945 2184 In
962 2147 1073 2198 cujus
1099 2147 1152 2185 rei
1175 2146 1470 2194 testimonium,
1494 2156 1569 2185 etc.
1591 2162 1608 2182 >›

480 2352 551 2379 XIII
573 2349 602 2379 7.
624 2353 829 2390 JANUARII.
850 2340 1083 2396 [LEGUNTUR
1112 2354 1435 2383 INFORMATIONES
1467 2355 1596 2383 FACTAE
1620 2356 1670 2382 DE
1687 2342 1870 2395 PUELLA]

411 2497 522 2540 Item
558 2496 626 2540 die
664 2496 825 2542 sabbati
867 2499 1081 2557 sequenti,
1115 2498 1273 2543 scilicet
1310 2513 1401 2543 xm.
1443 2501 1600 2544 mensis
1645 2500 1840 2557 januarii,
1888 2516 1983 2552 nos,

353 2579 550 2638 praefatus
578 2581 818 2639 episcopuS,
844 2582 1071 2626 convocari
1097 2581 1274 2627 fecimus
1303 2584 1346 2626 in
1368 2582 1502 2627 domo
1528 2583 1804 2627 habitationis
1829 2595 1987 2628 nostrae

351 2663 616 2721 Rothomagi
652 2663 859 2709 dominos
892 2678 932 2708 et
975 2667 1200 2723 magistros
1232 2683 1239 2709 :
1272 2665 1510 2724 AEgidium,
1552 2667 1735 2710 Sanctae'
1766 2667 1991 2711 Trinitatis

344 2747 687 2805 Fiscampnensis
707 2747 918 2800 abbatem,
949 2747 1174 2793 doctorem
1201 2751 1246 2793 in
1272 2749 1518 2808 theologia3
1549 2750 1781 2795 Nicolaum
1807 2751 1852 2793 de
1887 2751 1988 2794 Ven-

396 2942 426 2965 1.
448 2931 480 2965 A
503 2943 514 2965 .·
535 2932 694 2977 magistri
714 2933 750 2966 in
772 2931 913 2966 artibus.
936 2952 981 2957 —
1003 2942 1036 2967 2.
1054 2932 1087 2976 Q
1104 2941 1201 2967 omet
1230 2938 1271 2966 et.
1291 2953 1338 2959 —
1367 2943 1396 2978 3.
1420 2933 1481 2968 BC
1506 2942 1682 2968 omettent
1707 2938 1750 2968 et.
1774 2954 1818 2959 —-
1839 2944 1873 2977 4.
1899 2933 1986 2968 BC:

343 2989 555 3035 producendi.
581 3011 628 3016 —-
655 3001 683 3034 5.
713 2988 889 3041 Yoyez'la
908 2990 955 3025 fin
983 2991 1025 3026 de
1055 2991 1166 3033 racte,
1195 3004 1228 3037 p.
1257 2993 1310 3035 18,
1339 2992 1420 3027 sauf
1444 2993 1493 3027 les
1515 2993 1687 3027 variantes
1717 2993 1900 3040 indique'es
1929 2993 1982 3027 ci-

348 3049 469 3084 dessus
484 3050 570 3084 dans
585 3050 616 3084 la
637 3059 721 3085 note
743 3062 775 3096 p.
801 3061 853 3097 19.
877 3049 966 3084 —6.
990 3050 1086 3085 ΑΒΕ
1102 3062 1146 3085 en
1167 3063 1286 3097 marge
1311 3062 1317 3085 :
1346 3051 1452 3086 Tenos
1475 3053 1667 3086 litterarum
1677 3053 1872 3087 exsecutoris
1893 3064 1982 3086 man-

343 3107 508 3142 datorum.
533 3129 578 3134 —
599 3120 630 3154 7.
652 3109 748 3144 ABC
762 3110 920 3156 ajoutent
940 3121 983 3144 en
1003 3121 1120 3156 marge
1138 3110 1260 3143 sabbati
1281 3119 1385 3145 avant
1404 3110 1434 3144 la
1448 3112 1543 3148 date.
