2099 3356
383 195 436 240 34
662 182 821 227 PRocks
855 197 908 227 DE
939 197 1289 228 counAMNATioN
1324 197 1381 227 DE
1412 196 1577 239 JssANNE
1610 182 1737 229 D’ARc

739 344 857 371 PRIMA
889 343 1181 371 INTERROGATIO
1211 343 1309 371 POST
1337 343 1609 380 JURAMENTUM
1636 342 1661 371 ¹.

433 471 555 524 Item,
568 472 814 528 juramento
830 471 889 513 sic
912 482 1106 528 praestato
1123 477 1154 522 ²,
1174 468 1323 514 eadem
1344 470 1544 526 Johanna
1559 485 1634 529 per
1655 486 1734 514 nos
1760 472 2020 530 interrogata

374 553 455 598 fuit
478 552 530 597 de
556 553 737 597 nomine
757 564 800 596 et
820 553 1083 610 cognomine
1103 553 1249 612 ipsius.
1265 551 1331 596 Ad
1354 568 1451 611 quae
1478 551 1699 610 respondit
1720 552 1838 611 quod
1858 554 1902 597 in
1926 569 2016 611 par-

375 635 488 680 tibus
513 636 600 679 suis
628 635 859 700 yocabatur
901 635 1143 691 johanneta
1188 647 1244 688 et,
1286 648 1516 694 postquam
1557 636 1674 679 venit
1699 636 1743 679 in
1778 636 2016 689 Franciam,

377 732 524 764 vocata
544 733 605 763 est
644 719 859 775 Johanna.
885 719 949 762 De
994 720 1256 777 cognomine
1288 731 1433 762 autem
1466 734 1546 762 suo
1580 717 1745 763 dicebat
1766 734 1808 762 se
1837 720 2014 763 nescire.

377 803 724 862 Consequenter,
775 804 1033 860 interrogata
1059 801 1110 847 de
1143 802 1240 847 loco
1263 803 1471 860 originis:
1518 801 1738 860 respondit
1768 801 1885 861 quod
1922 814 2019 846 nata

376 885 457 930 fuit
486 888 530 930 in
552 885 652 930 villa
672 885 723 930 de
744 887 991 944 Dompremi,
1016 901 1112 944 quae
1142 899 1203 929 est
1221 885 1371 929 eadem
1399 901 1497 930 cum
1525 885 1623 929 villa
1653 884 1704 929 de
1739 887 1876 940 Gr1153
1907 897 1947 929 et
1975 887 2017 929 in

375 970 470 1014 loco
488 969 540 1014 de
566 970 676 1014 Grns
709 982 770 1013 est
790 968 1035 1028 principalis
1057 969 1248 1016 ecclesia.

431 1054 557 1104 Item,
584 1054 840 1111 interrogata
865 1052 915 1096 de
959 1054 1140 1096 nomine
1168 1053 1295 1111 patris
1340 1064 1380 1096 et
1409 1054 1554 1096 matris
1585 1070 1593 1096 :
1640 1051 1859 1110 respondit
1896 1051 2014 1111 quod

374 1148 489 1194 pater
511 1136 742 1180 vocabatur
764 1135 947 1192 Jacobus
974 1144 984 1167 3
1007 1135 1149 1189 d'Arc,
1174 1148 1309 1180 mater
1332 1151 1448 1188 vero,
1473 1135 1694 1179 Ysabellis.

429 1221 689 1278 Interrogata
705 1235 793 1278 quo
816 1219 910 1263 loco
937 1219 1013 1263 fuit
1040 1220 1246 1277 baptizata
1272 1236 1280 1263 :
1306 1218 1526 1277 respondit
1554 1218 1671 1278 quod
1695 1221 1737 1263 in
1758 1219 1932 1264 ecclesia
1960 1218 2010 1263 de

372 1299 619 1356 Dompremi.

430 1382 692 1438 Interrogata
716 1381 791 1439 qui
812 1379 986 1424 fuerunt
1011 1381 1102 1438 ejus
1129 1381 1285 1438 patrini
1320 1392 1359 1424 et
1389 1381 1583 1423 matrinae
1613 1397 1620 1423 :
1659 1379 1761 1424 dicit
1778 1380 1895 1438 quod
1926 1396 2012 1424 una

374 1466 656 1508 matrinarum
698 1463 928 1508 vocabatur
971 1465 1131 1521 Agnes,
1181 1463 1311 1507 altera
1352 1463 1568 1520 Johanna,
1622 1463 1750 1508 altera
1786 1463 1932 1507 Sibilla
1958 1474 1971 1497 ⁴
2000 1481 2010 1519 3

373 1549 641 1607 patrinorum
669 1564 771 1591 vero
799 1563 913 1591 unus
934 1546 1165 1591 vocabatur
1190 1547 1408 1604 Johannes
1441 1548 1610 1603 Lingnd,
1646 1547 1764 1597 alter,
1793 1547 2012 1603 Johannes

372 1633 521 1690 Barrey
550 1649 559 1686 3
589 1632 775 1689 aliasque
803 1631 944 1689 plures
967 1632 1169 1674 matrinas
1205 1630 1368 1683 habuit,
1396 1644 1525 1688 prout
1549 1630 1751 1674 audix'ita
1780 1643 1931 1674 matre.

428 1716 689 1773 Interrogata
707 1716 802 1773 quis
814 1714 1008 1758 sacerdos
1026 1731 1119 1758 eam
1134 1714 1359 1773 baptizavit
1380 1731 1387 1757 :
1420 1713 1637 1772 respondit
1660 1712 1777 1772 quod
1802 1712 1953 1758 domin
1963 1730 2010 1758 us

368 1798 586 1855 Johannes
611 1800 759 1852 Miner,
790 1811 917 1855 prout
940 1797 1086 1842 credit.

424 1883 687 1939 Interrogata
710 1898 762 1926 an
780 1883 890 1925 vivat
916 1883 1003 1939 ipse
1031 1899 1038 1924 :
1070 1880 1430 1943 respondigquod
1461 1883 1534 1934 sic,
1568 1894 1694 1938 prout
1717 1880 1863 1925 credit.

423 1967 547 2019 Item,
579 1967 834 2023 interrogata
871 1967 993 2021 cujus
1025 1966 1160 2009 aetatis
1195 1966 1281 2022 ipsa
1302 1979 1388 2008 erat
1416 1982 1423 2008 :
1453 1963 1674 2022 respondit
1701 1963 1834 2023 quod,
1872 1978 1999 2022 prout

366 2048 444 2092 sibi
470 2048 655 2100 videtur,
694 2061 755 2091 cst
781 2050 900 2106 quasi
917 2048 1021 2091 XIX
1045 2063 1281 2091 annorum.
1314 2047 1434 2090 Dixit
1451 2059 1651 2105 praeterea
1669 2046 1785 2105 quod
1814 2063 1835 2090 a
1864 2060 1997 2091 matre

367 2130 513 2175 didicit
540 2133 658 2175 Pater
685 2132 926 2183 nouemAve
943 2131 1105 2184 Maria,
1133 2131 1258 2175 Credo
1281 2148 1290 2184 3
1317 2146 1393 2174 nec
1421 2130 1519 2173 alibi
1544 2129 1692 2174 didicit
1718 2127 2006 2184 credentiam,

370 2215 448 2257 nisi
483 2230 504 2257 a
533 2213 701 2272 praefata
727 2215 817 2270 ejus
841 2227 989 2257 matre.

428 2298 554 2351 Item,
585 2298 786 2356 requisita
803 2312 874 2355 per
901 2313 980 2340 nos
1009 2295 1126 2354 quod
1142 2296 1299 2340 diceret
1319 2297 1439 2340 Pater
1459 2305 1585 2340 noster
1608 2313 1615 2339 :
1650 2295 1871 2354 respondit
1887 2295 2006 2355 quod

365 2381 615 2425 audiremus
641 2396 734 2424 eam
763 2382 805 2423 in
838 2380 1110 2424 confessione
1139 2392 1179 2424 et
1206 2381 1293 2438 ipsa
1314 2379 1438 2424 nobis
1465 2379 1622 2424 diceret
1652 2380 1844 2424 libenter.
1870 2380 2004 2424 Cum-

365 2480 448 2522 que
471 2465 627 2508 iterum
644 2463 800 2521 pluries
820 2479 947 2521 super
966 2463 1046 2507 hoc
1060 2464 1375 2521 requireremus
1396 2478 1515 2506 eam:
1544 2463 1762 2521 respondit
1781 2462 1899 2521 quod
1913 2479 2002 2507 non

363 2546 519 2591 diceret
540 2547 661 2590 Pater
682 2556 822 2600 noster,
861 2559 956 2600 etc.,
988 2547 1066 2589 nisi
1105 2562 1198 2590 eam
1227 2545 1473 2590 audiremus
1501 2547 1544 2589 in
1567 2545 1851 2590 confessione.
1874 2546 2003 2590 Tunc

361 2643 505 2674 autem
521 2630 709 2674 diximus
737 2629 854 2688 quod
890 2629 1071 2673 libenter
1094 2629 1173 2673 sibi
1202 2629 1467 2673 traderemus
1489 2645 1629 2673 unum
1652 2643 1725 2673 aut
1748 2629 1857 2673 duos
1881 2641 2002 2673 nota-

360 2712 461 2757 biles
474 2714 588 2757 viros
606 2712 657 2756 de
684 2712 829 2770 lingua
854 2713 1073 2770 gallicana,
1095 2728 1239 2756 coram
1261 2713 1416 2771 quibus
1441 2714 1529 2770 ipsa
1548 2711 1835 2757 diceretPater
1857 2722 1998 2766 nomer,

359 2809 438 2840 etc.
462 2796 528 2840 Ad
551 2795 667 2854 quod
688 2795 908 2853 respondit
950 2797 1037 2854 ipsa
1060 2796 1259 2852 Johanna
1286 2803 1296 2827 5
1342 2795 1460 2854 quod
1489 2811 1577 2840 non
1621 2795 1780 2840 diceret
1806 2797 1880 2849 eis,
1917 2796 1999 2839 nisi

362 2895 452 2923 eam
477 2878 672 2923 audirent
697 2880 740 2921 in
769 2878 1055 2922 confessione.

413 3056 442 3080 1.
475 3045 526 3079 En
557 3056 676 3090 marge
701 3034 744 3079 de
767 3044 816 3085 Β;
838 3044 914 3078 rien
936 3054 981 3078 en
1007 3043 1088 3080 AC.
1118 3064 1166 3069 —
1191 3054 1225 3078 2.
1250 3043 1316 3078 AC
1340 3055 1350 3077 .·
1374 3044 1547 3089 praestito;
1568 3043 1596 3078 B
1615 3051 1650 3078 et
1669 3043 1705 3088 Q
1726 3056 1736 3078 :
1750 3045 1869 3090 posito.
1892 3064 1936 3072 -
1961 3055 1992 3089 3.

359 3105 386 3138 Β
409 3117 418 3137 .·
438 3105 591 3148 Jacottus.
615 3124 659 3128 —
679 3113 712 3145 4.
739 3103 764 3136 B
784 3112 816 3137 ct
839 3103 873 3146 Q
895 3115 904 3136 .·
927 3103 1068 3148 §figi-lla.
1093 3123 1135 3128 —
1161 3113 1190 3146 5.
1214 3102 1246 3136 A
1269 3114 1278 3136 :
1307 3103 1375 3148 ipsa
1392 3102 1543 3146 Johanntt
1571 3103 1749 3149 respondit.
