2099 3356
359 158 414 211 64
638 153 795 197 mocks
828 168 883 196 DE
915 167 1267 197 CONDAMNAT1ON
1302 168 1358 196 DE
1388 168 1556 209 JEANNE
1589 153 1718 198 D’ARc

411 267 676 325 Interrogata
697 283 751 310 an
778 278 949 310 sanctus
976 266 1146 310 Gabriel
1168 278 1256 310 erat
1282 282 1381 310 cum
1406 279 1554 311 sancto
1571 266 1794 321 Michaele,
1820 266 1995 326 quando

352 352 473 395 xenit
496 350 547 394 ad
572 366 666 394 earn
696 366 704 393 2
731 349 952 408 respondit
986 349 1103 407 quod
1133 348 1184 393 de
1207 350 1288 393 hoc
1316 365 1405 393 non
1432 349 1693 394 recordatur.

408 436 668 491 Interrogata
686 449 737 476 an
773 445 868 491 post
892 432 1008 476 diem
1036 434 1184 476 martis
1206 434 1487 477 novissimam
1513 435 1601 492 ipsa
1629 433 1770 477 locuta
1798 446 1859 477 est
1893 450 1993 478 cum

346 519 499 562 sanctis
544 517 778 560 Katharina
813 529 855 560 et
889 517 1121 574 Margareta
1163 533 1171 559 :
1215 515 1434 574 respondit
1474 516 1591 575 quod
1630 518 1711 571 sic3
1755 517 1828 560 sed
1860 518 1994 562 nescit

351 602 517 646 horam.

407 686 670 743 Interrogata
691 699 779 743 quo
806 683 874 728 die
906 701 913 727 z
943 682 1163 742 respondit
1191 684 1309 743 quod
1332 684 1419 728 heri
1451 697 1492 728 et
1521 683 1674 739 hodie;
1713 700 1790 728 nec
1813 697 1875 728 est
1902 684 1992 729 dies

349 770 454 827 quin
483 784 550 813 eas
574 767 733 812 audiat.

408 854 669 910 Interrogata
691 850 854 895 sividet
873 859 882 876 ¹
907 867 975 895 eas
998 867 1166 910 semper
1184 853 1227 895 in
1252 851 1405 895 eodem
1433 850 1580 895 habitu
1607 869 1614 895 :
1641 851 1861 910 respondit
1873 851 1989 911 quod

349 935 463 979 videt
490 951 658 993 semper
678 951 745 978 eas
775 943 788 960 2
815 936 856 978 in
883 934 1031 979 eadem
1055 935 1215 989 forma3
1240 948 1280 979 et
1307 935 1450 993 figurae
1474 951 1619 979 earum
1645 948 1746 979 sunt
1778 948 1990 980 coronatae

349 1019 537 1063 multum
577 1019 822 1077 opulenter.
876 1019 940 1062 De
985 1019 1076 1062 aliis
1112 1018 1323 1062 habitibus
1369 1036 1456 1063 non
1498 1019 1705 1077 loquitur.
1748 1020 1855 1063 Item
1888 1018 1989 1063 dicit

345 1102 464 1160 quod
487 1102 537 1146 de
563 1104 719 1146 tunicis
741 1118 887 1146 earum
917 1102 1025 1145 nihil
1041 1104 1130 1146 scit.

407 1187 671 1244 Interrogata
690 1186 872 1245 qualiter
889 1187 966 1229 scit
993 1186 1117 1244 quod·
1129 1202 1192 1229 res
1216 1185 1294 1229 sibi
1316 1202 1520 1244 apparens
1539 1199 1601 1230 est
1621 1187 1684 1229 vir
1707 1186 1772 1230 vel
1802 1186 1983 1231 mulier:

346 1268 567 1328 respondit
595 1268 712 1327 quod
739 1269 846 1313 bene
873 1271 948 1313 scit
970 1282 1010 1313 et
1037 1271 1256 1327 cognoscit
1279 1286 1346 1313 eas
1362 1269 1410 1313 ad
1438 1286 1562 1313 voces
1578 1271 1780 1328 ipsarum,
1807 1283 1848 1313 et
1868 1269 1986 1329 quod

345 1354 423 1397 sibi
449 1354 767 1406 revelaverunt3
797 1369 872 1397 nec
900 1355 976 1396 scit
1003 1352 1164 1411 aliquid
1192 1355 1295 1412 quin
1324 1354 1377 1396 sit
1404 1353 1562 1397 factum
1586 1369 1658 1412 per
1681 1354 1984 1398 revelationem

347 1451 387 1482 et
417 1451 677 1496 praeceptum
702 1437 798 1480 Dei.

407 1522 668 1579 Interrogata
702 1520 874 1579 qualem
916 1520 1096 1578 figuram
1144 1520 1199 1564 ibi
1239 1520 1355 1565 videt
1395 1539 1403 1565 ε
1452 1521 1669 1579 respondit
1710 1520 1826 1579 quod
1868 1520 1985 1565 videt

346 1606 511 1650 faciem.

403 1690 662 1747 Interrogata
686 1688 835 1731 anillae
854 1689 1017 1732 Sanctae
1038 1702 1285 1747 apparentes
1308 1688 1465 1733 habent
1490 1689 1662 1747 capillos
1689 1705 1696 1731 :
1726 1688 1946 1747 respondit
1969 1706 1976 1732 :

345 1791 363 1814 «
386 1774 554 1818 Bonum
579 1788 640 1818 est
666 1772 717 1818 ad
737 1772 988 1819 sciendum³
1023 1774 1030 1815 !
1056 1790 1075 1812 »

400 1859 661 1915 Interrogata
683 1874 733 1901 an
759 1856 922 1916 aliquid
951 1869 1036 1900 erat
1060 1856 1252 1900 medium
1276 1857 1387 1900 inter
1413 1872 1593 1900 coronas
1618 1872 1765 1900 earum
1791 1869 1830 1900 et
1852 1857 1983 1914 capil-

340 1941 402 1985 los
433 1959 440 1985 :
472 1941 689 1999 respondit
713 1940 830 2000 quod
861 1956 966 1984 non.

398 2026 659 2083 Interrogata
685 2026 717 2068 si
744 2025 882 2082 capilli
905 2040 1051 2067 earum
1081 2036 1199 2067 erant
1225 2024 1341 2081 longi
1366 2036 1405 2066 et
1426 2022 1660 2081 pendentes
1687 2040 1694 2067 :
1719 2022 1941 2081 respondit
1965 2040 1973 2066 :

343 2126 361 2147 «
391 2109 479 2166 Ego
507 2108 612 2151 nihil
642 2109 742 2152 scio.
774 2125 793 2147 »
832 2108 946 2151 Dicit
974 2109 1100 2150 etiam
1132 2106 1249 2165 quod
1284 2108 1415 2149 nescit
1442 2123 1493 2150 an
1524 2106 1580 2149 ibi
1615 2106 1776 2165 aliquid
1811 2119 1897 2150 erat
1930 2105 1982 2150 de

340 2192 534 2245 brachiis,
559 2192 623 2235 vel
647 2207 698 2234 an
722 2204 839 2235 erant
867 2191 945 2234 alia
978 2189 1169 2233 membra
1194 2189 1387 2248 figurata.
1427 2190 1535 2233 Item
1558 2190 1660 2234 dicit
1684 2189 1804 2248 quod
1831 2190 1978 2248 loque·

341 2274 495 2319 bantur
512 2277 675 2334 optime
697 2288 737 2318 et
755 2274 945 2333 pulchre,
976 2287 1015 2317 et
1040 2290 1107 2317 eas
1131 2275 1294 2331 optime
1313 2273 1589 2331 intelligebat.

397 2359 658 2416 Interrogata
696 2358 877 2416 qualiter
914 2356 1218 2415 loquebantur,
1260 2373 1359 2401 cum
1392 2372 1481 2400 non
1511 2356 1715 2400 haberent
1755 2356 1974 2400 membra:

336 2441 590 2500 respondit:
623 2459 641 2481 «
673 2442 761 2499 Ego
797 2458 864 2485 me
889 2440 1024 2484 refero
1049 2440 1099 2484 ad
1125 2441 1286 2484 Deum.
1320 2457 1338 2479 ›>
1371 2441 1477 2483 Item
1507 2439 1608 2483 dicit
1636 2439 1753 2498 quod
1786 2456 1869 2483 vox
1908 2440 1979 2484 illa

336 2539 397 2569 est
420 2525 610 2583 pulchra,
634 2524 770 2569 dulcis
797 2537 838 2568 et
867 2524 1059 2577 humilis,
1083 2536 1124 2567 et
1152 2510 1344 2581 loquitur
1370 2522 1531 2566 idioma
1552 2523 1781 2567 Gallicum.

395 2610 657 2667 Interrogata
685 2619 700 2641 ⁴
731 2624 783 2651 an
808 2620 949 2651 sancta
979 2609 1212 2666 Margareta
1243 2607 1493 2666 loquiturne
1524 2606 1683 2651 idioma
1707 2606 1939 2664 Anglicum
1966 2620 1973 2646 :

336 2691 557 2750 respondit
584 2709 591 2735 :
626 2709 645 2731 «
678 2691 876 2744 Qualiter
899 2691 1147 2749 loqueretur
1174 2691 1425 2748 Anglicum‚
1459 2706 1559 2734 curn
1594 2706 1681 2734 non
1708 2691 1762 2734 sit
1782 2689 1975 2748 departe

337 2775 622 2832 Anglicorum
640 2776 657 2817 ?
687 2792 706 2814 »

391 3006 419 3029 1.
442 2994 509 3029 AC
533 3007 542 3028 .·
562 2994 662 3029 vidit.
694 3015 738 3019 —
757 3004 801 3041 μ2.
823 2994 852 3028 C
879 3007 888 3027 .·
915 3006 967 3028 eas
991 3000 1126 3040 semper.
1156 3014 1201 3018 —
1232 3004 1260 3038 3.
1290 2982 1459 3039 Supple'ez
1485 2992 1568 3039 quod
1591 2993 1717 3027 habent.
1748 3013 1793 3017 »-
1819 3003 1853 3035 4.
1876 2993 1908 3026 A
1929 3004 1972 3027 en

340 3066 458 3100 marge
480 3066 485 3087 z
508 3055 608 3096 Nota,
631 3065 699 3088 une
722 3054 839 3095 main3
859 3053 889 3088 C
908 3065 952 3087 en
974 3064 1093 3098 marge
1117 3064 1122 3086 :
1146 3053 1246 3087 Nota.
