2099 3356
404 221 564 264 paocsss
597 235 652 265 DE
685 235 1041 266 CONDAMNATION
1074 237 1131 265 DE
1162 237 1328 279 JEANNE
1361 223 1489 267 D'ARC
1711 239 1761 282 23

119 350 198 379 nos
218 333 474 379 fiendarum.
508 335 635 388 Quos
655 350 810 379 omnes
828 346 868 378 et
902 335 1096 393 singulos
1124 336 1430 394 requisivimus
1458 348 1506 381 ut
1533 336 1585 381 de
1610 337 1763 381 officiis

118 434 270 463 eorum
305 417 487 462 fideliter
521 419 766 463 exercendis
803 420 1044 477 juramenta
1083 418 1224 464 debita
1258 432 1523 478 praestarent.
1572 422 1762 480 Ipsique,

116 515 273 547 nostrae
298 504 568 562 requisitioni
591 502 952 561 obtemperantes,
982 504 1027 547 in
1057 503 1259 548 manibus
1279 505 1436 548 nostris
1455 503 1604 549 eadem
1622 504 1763 550 officia

117 585 299 631 fideliter
323 602 467 645 gerere
488 599 529 631 et
553 603 746 631 exercere
780 589 1044 645 juraverunt.

236 795 337 832 x1v.‚
368 793 376 810 1
403 796 487 832 XV„
512 796 594 822 xvi.
624 795 852 824 FEBRUARH.
882 781 961 837 [FIT
1003 795 1253 824 INFORMATIO
1286 784 1630 839 PRAEPARATORIA.]

170 938 334 984 Diebus
361 956 538 999 quoque
561 942 780 991 mercurii,
799 942 924 998 jovis,
955 942 1123 984 veneris
1145 953 1186 984 et
1210 940 1387 995 sabbati,
1417 953 1576 986 extunc
1603 943 1762 985 imme-

110 1023 222 1067 diate
255 1024 551 1083 sequentibus,
590 1024 789 1083 praefatus
814 1033 829 1050 ²
866 1024 917 1069 de
955 1025 1110 1078 Fonte,
1155 1026 1506 1079 commissarius,‘
1533 1028 1761 1084 assumptis

109 1123 255 1152 secum
281 1107 451 1152 duobus
472 1109 650 1152 notariis
678 1109 1003 1166 praenominatis
1031 1117 1060 1162 3,
1088 1110 1296 1166 processit
1325 1108 1377 1154 ad
1402 1109 1758 1154 informationem

112 1193 475 1250 praeparatoriam,
501 1208 632 1251 quam
655 1205 777 1237 antea
798 1192 889 1236 fieri
911 1191 1279 1238 ordinaveramus.

240 1402 307 1428 XIX
331 1398 360 1428 4.
390 1403 615 1429 FEBRUARII.
650 1389 909 1443 [CONCLUSUM
931 1403 1031 1431 FORE
1060 1403 1286 1431 VOCANDUM
1318 1391 1648 1446 INQUISITOREM.]

167 1547 275 1591 Item
307 1555 316 1580 ἱ
356 1546 424 1591 die
461 1546 575 1590 lunae
613 1559 708 1606 post
744 1536 1007 1602 Brandones,
1040 1562 1128 1591 XIX.
1174 1548 1336 1592 mensis
1370 1546 1588 1603 februarii,
1642 1565 1758 1592 anno

109 1632 293 1675 Domini
334 1630 566 1676 millesimo
613 1631 784 1675 CCCC.
841 1632 1006 1674 XXX0.
1045 1649 1052 1675 :
1104 1631 1455 1691 comparentibus
1492 1631 1597 1677 hora
1636 1634 1756 1692 quasi

108 1728 256 1760 octava
280 1714 332 1760 de
358 1732 501 1770 mane,
538 1717 582 1759 in
611 1715 721 1759 dicta
761 1714 895 1759 domo
926 1714 1205 1760 habitationis
1233 1728 1391 1760 nostrae
1418 1717 1449 1770 ⁶,
1491 1715 1684 1761 dominis
1717 1730 1758 1761 et

110 1801 337 1857 magistris,
363 1799 551 1857 AEgidio,
583 1799 733 1844 abbate
757 1801 1096 1859 Fiscampnensi,
1125 1800 1325 1856 Johanne
1354 1802 1567 1859 Beaupe're,
1595 1800 1755 1858 Jacobo

107 1882 158 1927 de
211 1884 422 1937 Turonia,
464 1884 642 1928 Nicolao
691 1885 820 1938 Midi,
865 1885 991 1928 Petro
1032 1885 1249 1938 Mauricii,
1298 1884 1490 1929 Gerardo
1541 1885 1753 1940 Fueilleti,

105 1983 230 2011 sacrae
258 1968 488 2025 theologiae
514 1967 788 2022 doctoribus3
834 1995 890 1998 ——
917 1969 1099 2012 Nicolao
1132 1968 1183 2012 de
1222 1969 1425 2023 Vendere's,
1459 1968 1660 2025 Johanne
1702 1968 1753 2013 de

105 2052 257 2105 Fonte,
282 2053 325 2095 in
348 2053 558 2096 canonico
581 2053 672 2109 jure
693 2051 920 2096 licentiatis
944 2070 954 2106 3
975 2079 1033 2082 —
1061 2051 1301 2096 Guillelmo
1325 2053 1483 2096 Hailon
1509 2061 1539 2106 7,
1572 2052 1752 2097 Nicolao

107 2136 373 2194 Coppecluesne
398 2136 431 2189 ⁸,
473 2135 652 2179 Thoma
680 2135 732 2179 de
765 2136 1020 2189 Courcellis,
1054 2135 1300 2180 bacbalariis
1339 2138 1383 2179 in
1413 2136 1666 2194 theologia,
1714 2150 1755 2181 et

102 2219 284 2263 Nicolao
305 2219 532 2278 Loyrelleur
557 2228 588 2273 9,
618 2221 828 2263 canonico
858 2219 1227 2278 Rothomagensis
1261 2220 1447 2263 ecclesiae
1473 2237 1481 2263 ι
1508 2221 1616 2273 Nos,
1643 2222 1754 2278 epis-

103 2319 249 2361 copus,
278 2302 520 2362 praedictus,
544 2319 690 2347 coram
716 2305 774 2347 eis
790 2305 1073 2362 exposuimus
1101 2303 1237 2363 quod,
1275 2316 1370 2363 post
1391 2317 1528 2349 certos
1550 2304 1752 2350 articulos

102 2402 228 2444 super
267 2387 349 2441 his,
380 2403 476 2446 quse
513 2386 564 2431 de
597 2386 718 2431 dictis
752 2400 792 2430 et
831 2387 950 2432 factis
985 2386 1210 2431 antedictae
1257 2387 1467 2442 mulieris,
1513 2388 1654 2441 nobis,
1704 2401 1752 2433 ut

103 2471 394 2528 praemittitur,
421 2486 495 2528 per
516 2470 749 2515 dominum
772 2484 970 2515 nostrum
991 2487 1137 2529 regem
1158 2470 1323 2515 traditae
1345 2483 1386 2515 et
1402 2470 1626 2530 expeditae,
1647 2471 1753 2516 fere-

102 2552 272 2604 bantur,
304 2553 660 2599 informationem
689 2556 1038 2614 praeparatorium
1062 2555 1154 2599 fieri
1174 2564 1206 2581 ¹0
1237 2556 1513 2613 jusseramus,
1533 2567 1748 2615 quatenus

101 2636 235 2682 videri
263 2650 403 2695 posset
430 2654 483 2682 an
503 2637 553 2682 ad
576 2637 800 2683 citandum
837 2652 878 2684 et
905 2637 1177 2683 evocandum
1204 2638 1421 2697 praefatam
1450 2638 1680 2684 mulierem
1705 2640 1750 2684 in

148 2851 178 2874 1.
210 2841 237 2874 B
257 2852 301 2875 en
324 2853 445 2887 marge
468 2853 474 2874 t
496 2841 700 2887 Insornmlz'o
727 2843 970 2888 prassaraloria
993 2843 1166 2885 mercurii,
1194 2843 1296 2888 jovis,
1331 2843 1463 2876 veneris
1479 2846 1509 2876 et
1529 2843 1656 2876 sabbati
1675 2855 1687 2883 ,·
1710 2842 1740 2877 C

99 2911 141 2933 en
162 2912 281 2947 margc¹
306 2913 315 2933 .·
336 2901 461 2934 Diebus
497 2902 783 2947 ›merrus-ii,santis,
820 2903 951 2936 veneris
967 2907 996 2936 et
1021 2902 1148 2936 sabbati
1169 2902 1263 2948 finnt
1288 2902 1543 2948 infornmtiones
1563 2914 1748 2936 comminues

94 2961 358 3006 praeparatoriae.
381 2981 428 2986 -—·
456 2971 486 2995 2.
516 2961 550 3005 Q
574 2963 783 3007 .·pra’sr1'tus.
803 2982 850 2988 —
870 2971 900 3006 3.
929 2961 963 3006 Q
984 2974 993 2995 .·
1010 2963 1269 3009 pra’nunlsatis,
1293 2983 1337 2986 -—
1364 2971 1398 3004 4.
1419 2962 1516 2996 ΑΒΕ
1532 2973 1576 2996 en
1597 2974 1718 3008 marge
1741 2976 1746 2997 :

100 3018 201 3053 Lume
230 3020 328 3054 XIXa
346 3020 537 3066 februarii.
570 3041 617 3046 —-
647 3031 674 3064 5.
707 3021 736 3055 C
756 3022 873 3067 ajoute
902 3021 1091 3055 immediate
1118 3023 1276 3068 sequenti.
1296 3042 1344 3048 -—-
1364 3020 1395 3057 6.
1425 3021 1455 3056 C
1475 3022 1592 3068 aioute
1610 3023 1749 3068 episcopi

91 3078 261 3123 praedicti,
286 3101 331 3105 ——
355 3090 387 3124 7.
417 3079 474 3114 C:
506 3081 666 3118 Ηιιίίίοη,
698 3101 744 3107 --
770 3082 802 3115 8.
833 3081 863 3116 C
893 3094 902 3114 .·
932 3081 1190 3127 Couppeqtzesne.
1218 3103 1262 3106 —
1289 3093 1321 3128 9.
1351 3081 1381 3115 A
1410 3093 1419 3114 .·
1437 3081 1618 3115 Loiselleur
1641 3095 1652 3122 ,·
1674 3081 1704 3116 C
1730 3093 1740 3115 .·

100 3137 277 3173 Loiseleur.
296 3160 340 3164 -
370 3151 423 3174 10.
455 3139 487 3183 Q
507 3149 607 3174 omet
627 3140 716 3183 fiet-s.
