2099 3356
350 204 506 248 PROCI'ES
551 218 605 246 DE
648 214 1000 245 CONDAMNATION
1040 215 1093 243 DE
1125 215 1291 255 JEANNE
1324 198 1451 243 D’ARC
1637 212 1712 255 141

83 323 222 364 forma
236 319 366 362 unius
393 317 604 360 verissimi
632 315 752 373 probi
782 315 972 358 hominis
996 322 1037 366 ¹3
1066 325 1106 356 et
1133 312 1185 356 de
1217 311 1365 356 habitu
1386 324 1426 355 et
1453 311 1544 354 aliis
1571 310 1714 363 rebus,

84 417 172 446 non
200 400 310 444 dicet
349 399 533 457 amplius
575 397 705 442 aliud.
743 398 972 450 Quantum
1005 394 1056 438 ad
1088 395 1277 452 angelos,
1318 396 1407 452 ipsa
1449 392 1556 437 vidit
1586 392 1718 436 oculis

82 486 184 538 suis,
207 497 248 528 et
269 500 359 528 non
386 482 612 527 habebitur
631 480 798 539 aliquid
830 479 1015 538 amplius
1057 478 1108 522 de
1137 479 1219 522 hoc
1250 477 1301 521 ab
1334 479 1436 536 ipsa.
1464 478 1588 529 Item,
1619 475 1719 519 dicit

83 567 200 627 quod
224 569 313 626 ipsa
337 566 469 610 credit
494 581 617 624 aeque
646 564 824 608 firmiter
854 562 965 607 dicta
1007 575 1047 606 et
1079 561 1186 606 facta
1219 563 1350 605 sancti
1390 560 1610 604 Michaelis
1642 560 1718 618 qui

84 651 279 710 apparuit
296 649 390 704 sibi,
413 651 521 694 sicut
544 650 632 707 ipsa
658 646 928 706 creditquod
950 648 1166 690 Dominus
1188 658 1334 689 noster
1350 645 1502 705 Jhesns
1523 644 1723 689 Christus

87 751 233 795 passus
259 748 322 778 est
352 746 537 777 mortem
565 745 605 776 et
639 733 884 790 passionem
912 746 988 789 pro
1022 729 1160 774 nobis.
1194 730 1244 772 Et
1273 727 1380 772 illud
1410 727 1528 787 quod
1576 738 1721 771 movet

89 820 223 877 ipsam
240 817 290 862 ad
315 818 395 862 hoc
415 815 677 861 credendum
707 829 769 859 est
796 814 962 858 bonum
991 813 1239 866 consilium,
1263 812 1374 856 bona
1400 811 1660 856 confortatio
1687 823 1727 853 et

89 902 199 946 bona
222 901 415 945 doctrina
433 917 529 959 quae
555 902 642 958 ipse
670 899 767 943 fecit
786 911 826 942 et
852 897 969 941 dedit
993 896 1135 940 eidem
1154 896 1383 953 Johannae.

148 987 412 1043 Interrogata
439 1000 491 1028 an
523 984 624 1028 velit
654 999 697 1026 se
731 998 890 1041 ponere
923 982 967 1024 in
995 980 1356 1025 determinatione
1383 992 1539 1023 sanctae
1582 979 1728 1022 matris

92 1069 289 1114 Ecclesiae
312 1077 325 1094 ²
377 1067 428 1112 de
465 1067 672 1112 omnibus
726 1067 813 1110 suis
846 1064 979 1118 factis,
1017 1065 1107 1108 sive
1152 1064 1234 1108 hoc
1276 1065 1330 1107 sit
1378 1063 1544 1108 bonum
1569 1071 1598 1115 3,
1642 1063 1730 1106 sive

93 1153 257 1197 malum
283 1170 291 1195 ι
313 1150 534 1210 respondit
553 1149 686 1209 quod,
712 1161 926 1208 quantum
950 1147 1000 1192 ad
1017 1147 1266 1201 Ecclesiam,
1294 1148 1382 1205 ipsa
1407 1146 1546 1205 diligit
1573 1162 1666 1189 eam
1689 1157 1732 1188 et

93 1236 219 1280 vellet
246 1252 340 1280 eam
364 1236 573 1279 sustinere
601 1250 649 1278 ex
672 1246 766 1277 toto
802 1249 923 1291 posse
947 1248 1043 1283 suo,
1073 1247 1150 1290 pro
1177 1230 1261 1275 fide
1298 1243 1442 1275 nostra
1474 1230 1729 1283 christiana;

93 1333 133 1364 et
160 1321 247 1378 ipsa
276 1335 363 1363 non
387 1331 450 1363 est
476 1334 572 1377 quae
593 1317 744 1361 debeat
769 1316 969 1375 impediri
999 1315 1050 1359 de
1072 1314 1218 1359 eundo
1236 1314 1288 1358 ad
1315 1314 1550 1367 ecclesiam,
1577 1330 1654 1357 nec
1683 1312 1735 1357 de

92 1402 310 1447 audiendo
332 1404 522 1446 missam.
553 1402 618 1455 Et,
650 1413 864 1460 quantum
893 1399 942 1443 ad
969 1398 1081 1443 bona
1115 1414 1244 1457 opera
1271 1414 1369 1457 quae
1396 1397 1494 1442 fecit
1514 1410 1555 1441 et
1579 1396 1632 1441 de
1654 1413 1735 1441 suo

92 1487 300 1540 adventu,
337 1498 508 1545 oportet
529 1484 647 1544 quod
673 1500 715 1528 se
738 1484 887 1528 referat
914 1482 966 1527 ad
994 1484 1158 1540 Regem
1179 1481 1278 1525 coeli
1305 1483 1379 1540 qui
1416 1482 1534 1525 misit
1557 1497 1651 1525 eam
1684 1479 1736 1525 ad

93 1571 321 1623 Karolum,
366 1569 508 1613 filium
559 1567 723 1621 Karoli‚
758 1568 866 1625 regis
905 1567 1106 1619 Franciae,
1142 1567 1218 1624 qui
1259 1567 1377 1609 erit4
1419 1580 1492 1608 rex
1536 1565 1737 1608 Franciae.

95 1720 171 1757 tres
192 1732 287 1771 vray
304 1718 570 1771 preudomme
590 1734 606 1752 »
630 1731 639 1765 ;
665 1726 703 1756 et
718 1717 765 1756 de
782 1715 891 1755 l’abit
911 1725 949 1755 et
969 1716 1138 1755 d'autres
1160 1716 1316 1763 choses,
1335 1713 1409 1753 elle
1427 1714 1518 1752 n'en
1538 1713 1621 1752 dira
1649 1713 1736 1766 plus

97 1798 206 1830 autre
234 1790 369 1828 chose.
681 1794 683 1798 '

148 1862 286 1908 Quant
309 1875 383 1900 aux
406 1860 557 1914 angles,
590 1860 664 1899 elle
690 1860 745 1899 les
762 1874 781 1899 a
800 1874 912 1908 vens,
938 1874 958 1898 a
983 1873 1043 1898 ses
1061 1858 1197 1912 yeulx,
1226 1868 1265 1898 et
1291 1858 1380 1897 n'en
1415 1871 1508 1897 aura
1538 1857 1619 1897 l'en
1653 1857 1721 1910 plu

93 1943 201 1973 autre
223 1933 343 1972 chose
361 1931 491 1971 d’elle.

146 2006 240 2044 Item
262 2004 319 2043 dit
348 2002 492 2057 qu’elle
520 2002 640 2042 croist
674 2002 779 2041 aussi
818 2001 1056 2041 fermement
1088 2000 1144 2039 les
1173 2000 1251 2040 ditz
1291 2009 1328 2039 et
1361 1999 1417 2039 les
1450 1999 1520 2039 fais
1553 1999 1600 2039 de
1637 1999 1739 2038 saint

93 2075 271 2124 Michiel‚
295 2075 362 2129 qui
388 2075 479 2113 s’est
510 2088 657 2127 apparu
686 2074 706 2111 31
736 2072 826 2122 elle,
852 2086 1011 2112 comme
1033 2071 1107 2111 elle
1129 2073 1249 2111 croist
1274 2085 1349 2126 que
1387 2081 1520 2111 nostre
1544 2071 1740 2124 Seigneur

93 2149 215 2197 Jeshu
241 2148 343 2187 Crist
365 2145 522 2185 souffrit
551 2155 654 2185 mort
671 2155 708 2184 et
724 2145 884 2198 passion
922 2158 1025 2198 pour
1053 2158 1174 2184 nouS.
1213 2146 1259 2183 Et
1280 2157 1323 2183 ce
1340 2144 1406 2197 qui
1429 2143 1464 2182 la
1494 2153 1624 2182 meust
1650 2143 1670 2181 a
1698 2142 1733 2181 le

96 2220 237 2267 croire,
256 2218 348 2258 c’est
371 2218 406 2257 16
437 2218 516 2257 bon
541 2217 707 2264 consen,
728 2216 886 2256 confort
910 2225 947 2255 et
968 2217 1102 2255 bonne
1122 2216 1302 2254 doctrine
1332 2215 1428 2269 qu’il
1452 2215 1520 2268 luy
1549 2229 1569 2254 a
1600 2215 1671 2254 fais
1702 2223 1739 2253 et

100 2292 268 2340 donnes.

151 2363 406 2414 Interroguee
428 2361 537 2400 s’elle
555 2374 595 2400 se
617 2360 724 2400 venlt
740 2361 899 2400 meictre
927 2360 974 2399 de
1002 2369 1092 2398 tous
1119 2373 1180 2398 ses
1213 2359 1274 2398 diz
1296 2368 1332 2398 et
1364 2358 1449 2407 fais,
1480 2359 1557 2398 soit
1572 2358 1620 2397 de
1642 2358 1734 2397 bien

97 2449 147 2473 ou
169 2434 261 2481 mal,
280 2435 299 2472 a
321 2434 355 2472 la
377 2433 691 2472 determinacion
713 2432 760 2471 de
792 2441 924 2471 nostre
950 2437 1056 2471 mere
1072 2432 1221 2470 saincte
1247 2423 1379 2483 Eglise
1398 2445 1405 2468 :
1438 2430 1610 2483 respond
1636 2444 1729 2484 que,

99 2515 219 2561 quant
234 2506 254 2544 31
277 2505 455 2558 l’Eglise‚
478 2504 553 2543 elle
578 2504 707 2543 l'aime
735 2513 772 2542 et
790 2504 825 2542 la
849 2503 1055 2542 vouldroit
1080 2503 1279 2542 soustenir
1300 2502 1347 2540 de
1375 2511 1463 2541 tout
1486 2516 1559 2541 son
1588 2502 1731 2555 povoir

99 2591 200 2630 pour
215 2588 348 2617 nostre
369 2576 436 2630 foy
458 2577 729 2625 chrestienne3
750 2586 787 2614 et
815 2575 913 2614 n’est
932 2589 999 2628 pas
1022 2575 1096 2614 elle
1115 2588 1191 2627 que
1210 2588 1263 2613 on
1282 2574 1399 2613 doive
1419 2573 1651 2613 destourber
1675 2587 1727 2612 ou

97 2650 330 2703 empescher
347 2648 496 2687 d'alera
518 2648 681 2701 l’e'glise,
706 2661 754 2686 ne
771 2647 819 2686 de
840 2661 942 2700 ouyr
970 2660 1112 2685 messe.
1131 2647 1270 2692 Quant
1297 2659 1371 2684 aux
1397 2646 1550 2685 bonnes
1576 2659 1734 2685 oeuvres

97 2720 240 2774 qu'elle
255 2734 275 2759 a
290 2720 424 2759 faictes
443 2729 480 2758 et
501 2720 548 2758 de
579 2734 650 2758 son
668 2719 948 2766 advenement,
967 2718 992 2756 il
1011 2717 1107 2757 fault
1127 2717 1271 2771 qu’elle
1289 2717 1372 2756 s’en
1387 2717 1552 2756 actende
1570 2731 1619 2756 au
1648 2718 1736 2769 Roy

99 2793 150 2832 du
175 2793 247 2832 ciel
273 2794 340 2847 qui
368 2792 417 2831 l’a
438 2794 618 2844 envoye'e
637 2793 658 2830 a
681 2791 857 2839 CharleS,
875 2790 936 2829 filz
965 2791 1012 2830 de
1029 2790 1206 2839 Chai-les,
1225 2804 1297 2844 roy
1312 2790 1358 2829 de
1379 2792 1540 2839 France,
1567 2790 1634 2843 qui
1651 2803 1735 2828 sera

153 2946 181 2969 1.
204 2935 268 2969 ΑΒ
284 2947 328 2969 en
349 2946 469 2981 marge
492 2946 498 2968 :
524 2934 573 2968 De
591 2936 706 2980 forma
728 2934 837 2968 sancti
860 2933 1037 2968 Michaelis
1056 2938 1086 2966 et
1105 2933 1183 2967 aliis
1204 2933 1331 2979 angelis
1356 2945 1368 2974 ;
1389 2932 1419 2967 C
1444 2944 1488 2967 en
1520 2943 1640 2978 marge
1664 2944 1670 2965 :
1696 2932 1730 2965 D

95 2995 216 3040 forma
247 2995 352 3029 sancti
375 2994 551 3028 Michaelis
578 2999 608 3028 et
636 2994 783 3028 aliorum
812 2993 1024 3039 angelorum,
1058 3013 1103 3017 —
1125 3003 1157 3026 2.
1177 2993 1205 3025 B
1228 3004 1272 3026 en
1293 3003 1414 3038 marge
1439 3004 1444 3025 :
1467 2992 1520 3025 De
1538 2992 1735 3025 szclmzission

104 3053 254 3089 Ecclesia:
273 3067 284 3095 ‚·
316 3054 346 3089 C
372 3065 416 3089 en
437 3065 557 3101 marge
589 3067 595 3089 z
619 3054 669 3088 De
700 3053 915 3088 submissione
944 3057 1062 3087 sanctie
1082 3054 1186 3086 matri
1203 3052 1363 3087 Ecclesia.
1390 3073 1436 3076 —
1462 3062 1489 3095 3.
1518 3051 1608 3085 AC:
1629 3051 1747 3085 honum

103 3114 160 3147 sit.
189 3135 233 3139 —
255 3124 287 3157 4.
309 3113 343 3158 Q
367 3126 376 3147 .·
395 3118 482 3150 erat.
