2099 3356
403 225 560 269 mocks
593 239 648 267 DE
681 236 1031 267 CONDAMNAwoN
1066 236 1122 264 DE
1154 235 1320 277 JEANNE
1353 221 1482 264 D’ARC
1711 234 1761 277 57

180 341 441 396 Interrogata
459 337 641 398 qualiter
668 336 824 380 sciebat
851 336 977 380 illum
1004 351 1150 379 ensem
1173 333 1231 400 ibi
1256 349 1344 378 esse
1369 351 1376 377 :
1402 331 1622 391 respondit
1646 332 1764 391 quod

123 424 191 468 ille
216 425 328 467 ensis
351 434 439 466 erat
459 424 502 466 in
525 434 633 465 terra
658 420 947 477 rubiginosus,
983 420 1026 462 in
1054 434 1142 477 quo
1169 430 1289 463 erant
1318 418 1513 476 quinque
1531 432 1702 471 cruces;
1726 430 1767 461 et

121 507 243 551 scivit
270 508 411 564 ipsum
440 504 497 549 ibi
519 521 607 549 esse
635 520 708 563 per
735 519 874 557 voces,
898 519 975 547 nec
1000 518 1193 561 unquam
1233 500 1394 545 viderat
1428 500 1657 544 hominem
1691 502 1766 559 qui

121 592 198 634 ivit
226 591 459 648 quaesitum
486 587 740 647 praedictum
757 602 920 631 ensem.
945 587 1206 644 Scripsitque
1225 586 1325 628 viris
1347 584 1637 628 ecclesiasticis
1654 583 1768 628 illius

120 671 201 715 loci
228 682 441 729 quatenus
467 669 648 727 placeret
676 670 734 712 eis
759 681 807 712 ut
834 669 921 725 ipsa
943 667 1118 711 haberet
1139 666 1263 710 illum
1288 681 1458 719 ensem;
1478 678 1519 708 et
1541 666 1618 723 ipsi
1645 666 1768 709 mise-

121 764 220 796 runt
241 766 358 794 eum.
391 752 477 795 Nec
507 762 593 794 erat
610 749 802 793 multum
823 748 902 793 sub
925 761 1033 792 terra
1054 759 1165 792 retro
1190 746 1332 800 altare,
1361 748 1470 791 sicut
1498 747 1535 789 ei
1563 744 1733 789 videtur
1757 763 1764 789 :

120 826 262 880 tamen
289 836 422 878 nescit
450 835 622 892 proprie
652 850 706 877 an
735 845 822 877 erat
842 845 940 876 ante
967 832 1112 885 altare,
1144 830 1210 875 vel
1232 843 1360 884 retro,
1381 830 1454 875 sed
1480 831 1694 874 existimat
1721 845 1764 873 se

120 916 330 974 scripsisse
363 928 466 959 tunc
491 914 610 973 quod
647 914 873 973 praedictus
906 914 1019 957 ensis
1047 925 1135 956 erat
1162 925 1275 956 retro
1311 912 1453 956 altare.
1490 912 1608 955 Dicit
1635 912 1764 955 etiam

120 999 254 1059 quod,
278 1000 422 1043 statim
444 1011 673 1058 postquam
698 997 924 1056 praedictus
950 999 1062 1042 ensis
1085 1010 1274 1055 repertus
1290 1008 1367 1050 est,
1390 997 1469 1039 viri
1496 995 1765 1040 ecclesiastici

119 1083 232 1127 illius
256 1083 337 1127 loci
364 1082 710 1127 confricaverunt
733 1098 852 1136 eum,
883 1095 923 1126 et
945 1081 1059 1125 illico
1080 1081 1231 1125 cecidit
1254 1080 1406 1138 rubigo
1422 1081 1513 1123 sine
1526 1079 1731 1123 violentia
1751 1096 1762 1132 ;

119 1180 160 1212 et
191 1167 275 1211 fuit
309 1183 421 1211 unus
456 1179 668 1210 mercator
699 1182 920 1210 armorum
953 1165 1004 1209 de
1045 1166 1238 1209 Turonis
1277 1165 1351 1222 qui
1389 1165 1464 1207 ivit
1503 1164 1765 1222 quaesitum;

118 1249 418 1309 dederuntque
444 1252 521 1294 viri
550 1249 823 1294 ecclesiastici
844 1249 958 1293 illius
977 1249 1058 1293 loci
1074 1250 1273 1307 vaginam
1300 1249 1376 1306 ipsi
1396 1247 1625 1303 Johannae,
1642 1259 1682 1290 et
1704 1246 1766 1290 illi

119 1336 248 1379 etiam
275 1334 327 1379 de
349 1334 543 1378 Turonis
575 1334 705 1378 simul
737 1350 836 1378 cum
874 1334 989 1392 ipsis,
1021 1333 1300 1390 feceruntque
1328 1331 1419 1375 fieri
1441 1330 1546 1375 duas
1574 1331 1765 1389 vaginas,

118 1434 251 1463 unam
276 1417 327 1462 de
351 1418 506 1462 vellere
528 1418 676 1472 rubeo,
703 1418 851 1476 gallice
868 1419 912 1461 de
936 1418 1066 1462 velous
1091 1427 1099 1443 ¹
1127 1417 1304 1470 vermeil,
1328 1429 1368 1460 et
1393 1416 1519 1460 aliam
1544 1414 1596 1459 de
1620 1431 1765 1473 panno

118 1518 261 1546 aureo.
300 1502 348 1545 Et
388 1503 475 1560 ipsa
511 1501 609 1546 fecit
650 1502 741 1546 fieri
782 1502 907 1546 aliam
948 1500 1000 1545 de
1033 1502 1152 1545 corio
1185 1500 1291 1543 bene
1315 1499 1432 1543 forti.
1460 1500 1575 1542 Dicit
1600 1512 1760 1551 tamen,

117 1585 291 1644 quando
319 1588 406 1645 ipsa
428 1575 508 1630 fui't
529 1600 664 1645 capta,
690 1602 778 1629 non
805 1585 984 1630 habebat
1009 1586 1133 1629 illum
1155 1600 1321 1628 ensem.
1346 1584 1461 1627 Dicit
1488 1583 1615 1627 etiam
1644 1581 1761 1641 quod

117 1671 321 1714 continue
343 1671 527 1728 portavit
544 1669 825 1729 saepedictum
850 1687 1013 1723 ensem,
1038 1683 1267 1728 postquam
1289 1668 1453 1717 habuit,
1472 1666 1608 1711 donec
1633 1682 1764 1710 reces-

117 1755 169 1798 sit
188 1770 210 1797 a
235 1754 390 1797 Sancto
411 1754 644 1812 Dionysio,
669 1766 763 1813 post
787 1753 1000 1797 insultum
1023 1754 1323 1796 Parisiensem.
1516 1743 1521 1745 ³

175 1838 437 1895 Interrogata
458 1837 630 1896 qualem
658 1836 1000 1881 benedictionem
1030 1836 1127 1881 fecit
1145 1850 1218 1881 aut
1235 1836 1332 1880 fecit
1354 1835 1445 1879 fieri
1463 1851 1592 1894 super
1615 1850 1764 1878 ensem

118 1921 370 1980 praedictum
400 1935 408 1962 t
433 1921 653 1980 respondit
681 1921 798 1980 quod
828 1937 1054 1980 nunquam
1076 1921 1174 1965 fecit
1199 1921 1255 1964 ibi
1284 1936 1361 1964 nec
1382 1919 1479 1964 fecit
1497 1919 1589 1964 fieri
1614 1935 1764 1978 quam-

117 2021 304 2065 cumque
324 2005 688 2059 benedictionem,
712 2022 789 2050 nec
810 2007 1000 2050 scivisset
1021 2004 1183 2064 aliquid
1199 2004 1346 2049 facere.
1369 2005 1497 2058 Item,
1521 2003 1624 2047 dicit
1644 2002 1762 2062 quod

116 2089 223 2133 bene
250 2088 452 2148 diligebat
482 2090 604 2134 illum
644 2106 808 2144 ensem,
849 2092 949 2148 quia
989 2102 1178 2148 repertus
1215 2101 1301 2133 erat
1339 2090 1382 2131 in
1426 2088 1599 2132 ecclesia
1633 2087 1764 2131 beatae

117 2173 378 2227 Katharinae,
402 2191 534 2232 quam
564 2174 670 2219 bene
694 2173 911 2232 diligebat.

173 2258 435 2316 Interrogata
467 2274 521 2302 an
549 2260 638 2317 ipsa
666 2258 746 2302 fuit
782 2257 894 2316 apud
923 2258 1068 2301 villam
1103 2257 1155 2302 de
1186 2258 1404 2314 Conlenges
1429 2257 1480 2300 les
1507 2257 1720 2314 [stagnenses
1748 2272 1755 2298 :

117 2341 335 2400 respondit
356 2341 474 2400 quod
497 2344 644 2386 nescit.

174 2426 438 2484 Interrogata
465 2439 612 2470 utrum
644 2428 836 2485 posuerit
866 2425 1099 2485 aliquando
1134 2441 1279 2469 ensem
1305 2441 1432 2468 suum
1459 2440 1587 2482 super
1613 2423 1758 2477 altare,

117 2510 170 2552 ita
203 2509 318 2568 quod
344 2512 533 2568 posuerit
561 2523 608 2554 ut
631 2524 739 2554 esset
764 2511 919 2554 melius
953 2509 1194 2554 fortunatus
1222 2523 1230 2552 1
1265 2508 1486 2567 respondit
1511 2507 1758 2566 quodnon,

117 2592 234 2651 quod
261 2595 348 2652 ipsa
366 2596 468 2637 sciat
495 2602 524 2637 ².

174 2677 438 2735 Interrogata
460 2694 512 2720 an
553 2694 747 2736 unquam
780 2677 923 2722 fecerit
957 2661 1303 2735 deprecationem
1340 2676 1391 2720 ad
1430 2676 1511 2720 hoc
1550 2675 1667 2734 quod
1692 2675 1761 2718 ille

119 2761 228 2803 ensis
255 2774 362 2804 esset
387 2761 542 2805 melius
566 2761 810 2805 fortunatus
841 2776 849 2805 ;
882 2761 1104 2820 respondit
1134 2775 1142 2800 1
1181 2778 1200 2800 «
1233 2762 1405 2805 Bonum
1427 2773 1488 2804 est
1512 2762 1617 2803 scire
1645 2758 1763 2818 quod

110 2843 342 2888 voluissem
366 2844 615 2888 harnesium
648 2861 813 2898 meum,
842 2846 991 2903 gallice
1019 2861 1107 2889 mon
1130 2846 1310 2898 harnois,
1341 2845 1471 2888 fuisse
1494 2844 1601 2887 bene
1623 2843 1759 2887 fortu-

117 2941 282 2971 natUm.
310 2946 329 2968 ))

167 3098 194 3121 1.
217 3088 283 3122 AC
304 3101 313 3122 :
330 3090 460 3124 velonx.
482 3111 524 3115 —
544 3101 575 3124 2.
598 3091 694 3125 ΑΒΕ
760 3122 765 3127 .
782 3118 790 3125 .
811 3091 916 3137 Super
935 3090 1040 3124 allare
1062 3104 1070 3125 :
1094 3091 1257 3137 respondit
1274 3091 1355 3136 qaod
1374 3102 1450 3132 non,
1466 3089 1550 3135 quod
1572 3090 1639 3135 ipffl
1661 3091 1755 3129 sciat,

112 3145 159 3178 ila
174 3148 409 3192 quffllposueril
432 3155 464 3182 11!
482 3156 558 3183 esset
575 3150 691 3183 melius
706 3150 909 3191 fivrltmatzts.
