<?xml version="1.0" encoding="UTF-8"?>
<!DOCTYPE html PUBLIC "-//W3C//DTD XHTML 1.0 Transitional//EN"
    "http://www.w3.org/TR/xhtml1/DTD/xhtml1-transitional.dtd">
<html xmlns="http://www.w3.org/1999/xhtml" xml:lang="en" lang="en">
 <head>
  <title>
</title>
<meta http-equiv="Content-Type" content="text/html;charset=utf-8" />
  <meta name='ocr-system' content='tesseract 3.04.00' />
  <meta name='ocr-capabilities' content='ocr_page ocr_carea ocr_par ocr_line ocrx_word'/>
</head>
<body>
  <div class='ocr_page' id='page_1' title='image "./procsdecondamn01cham/procsdecondamn01cham_0406.png"; bbox 0 0 2099 3356; ppageno 0'>
   <div class='ocr_carea' id='block_1_1' title="bbox 300 170 1656 235">
    <p class='ocr_par' dir='ltr' id='par_1_1' title="bbox 300 170 1656 235">
     <span class='ocr_line' id='line_1_1' title="bbox 300 170 1656 235; baseline -0.006 -14"><span class='ocrx_word' id='word_1_1' title='bbox 300 181 381 235; x_wconf 79' lang='lat'>356</span> <span class='ocrx_word' id='word_1_2' title='bbox 577 175 732 219; x_wconf 60' lang='lat' dir='ltr'>PRoci&#39;is</span> <span class='ocrx_word' id='word_1_3' title='bbox 766 189 822 217; x_wconf 78' lang='lat' dir='ltr'>DE</span> <span class='ocrx_word' id='word_1_4' title='bbox 854 186 1206 217; x_wconf 82' lang='lat' dir='ltr'>CONDAMNATloN</span> <span class='ocrx_word' id='word_1_5' title='bbox 1239 185 1296 214; x_wconf 77' lang='lat' dir='ltr'>DE</span> <span class='ocrx_word' id='word_1_6' title='bbox 1326 185 1493 226; x_wconf 77' lang='lat' dir='ltr'>JEANNE</span> <span class='ocrx_word' id='word_1_7' title='bbox 1527 170 1656 230; x_wconf 58' lang='lat' dir='ltr'>D&#39;fmc</span> 
     </span>
    </p>
   </div>
   <div class='ocr_carea' id='block_1_2' title="bbox 291 282 1943 1015">
    <p class='ocr_par' dir='ltr' id='par_1_2' title="bbox 291 282 1943 668">
     <span class='ocr_line' id='line_1_2' title="bbox 296 282 1941 345; baseline -0.006 -11"><span class='ocrx_word' id='word_1_8' title='bbox 296 292 461 334; x_wconf 90' lang='lat' dir='ltr'>tionem</span> <span class='ocrx_word' id='word_1_9' title='bbox 508 286 793 345; x_wconf 81' lang='lat' dir='ltr'>Compendii3</span> <span class='ocrx_word' id='word_1_10' title='bbox 837 297 878 329; x_wconf 89' lang='lat' dir='ltr'>et</span> <span class='ocrx_word' id='word_1_11' title='bbox 922 285 1119 344; x_wconf 88' lang='lat' dir='ltr'>quamvis</span> <span class='ocrx_word' id='word_1_12' title='bbox 1161 296 1316 327; x_wconf 86' lang='lat' dir='ltr'>sanctae</span> <span class='ocrx_word' id='word_1_13' title='bbox 1346 282 1582 326; x_wconf 88' lang='lat' dir='ltr'>Katharina</span> <span class='ocrx_word' id='word_1_14' title='bbox 1619 294 1663 326; x_wconf 92' lang='lat' dir='ltr'>et</span> <span class='ocrx_word' id='word_1_15' title='bbox 1704 282 1941 338; x_wconf 85' lang='lat' dir='ltr'>Margareta</span> 
     </span>
     <span class='ocr_line' id='line_1_3' title="bbox 294 354 1943 432; baseline -0.006 -15"><span class='ocrx_word' id='word_1_16' title='bbox 294 372 572 432; x_wconf 84' lang='lat' dir='ltr'>prohiberent</span> <span class='ocrx_word' id='word_1_17' title='bbox 598 354 829 429; x_wconf 38' lang='lat' dir='ltr'>quod&#39;non</span> <span class='ocrx_word' id='word_1_18' title='bbox 856 368 1044 422; x_wconf 89' lang='lat' dir='ltr'>saltares,</span> <span class='ocrx_word' id='word_1_19' title='bbox 1071 380 1217 411; x_wconf 89' lang='lat' dir='ltr'>tamen</span> <span class='ocrx_word' id='word_1_20' title='bbox 1239 382 1329 410; x_wconf 94' lang='lat' dir='ltr'>non</span> <span class='ocrx_word' id='word_1_21' title='bbox 1356 366 1537 424; x_wconf 87' lang='lat' dir='ltr'>potuisti</span> <span class='ocrx_word' id='word_1_22' title='bbox 1561 378 1602 409; x_wconf 91' lang='lat' dir='ltr'>te</span> <span class='ocrx_word' id='word_1_23' title='bbox 1630 365 1851 409; x_wconf 90' lang='lat' dir='ltr'>continere</span> <span class='ocrx_word' id='word_1_24' title='bbox 1868 381 1880 418; x_wconf 84' lang='lat'>3</span> <span class='ocrx_word' id='word_1_25' title='bbox 1899 377 1943 408; x_wconf 90' lang='lat' dir='ltr'>et</span> 
     </span>
     <span class='ocr_line' id='line_1_4' title="bbox 291 448 1935 517; baseline -0.006 -16"><span class='ocrx_word' id='word_1_26' title='bbox 291 457 490 517; x_wconf 89' lang='lat' dir='ltr'>quamvis</span> <span class='ocrx_word' id='word_1_27' title='bbox 529 456 659 499; x_wconf 89' lang='lat' dir='ltr'>etiam</span> <span class='ocrx_word' id='word_1_28' title='bbox 701 466 809 497; x_wconf 86' lang='lat' dir='ltr'>esset</span> <span class='ocrx_word' id='word_1_29' title='bbox 846 467 1063 510; x_wconf 85' lang='lat' dir='ltr'>magnum</span> <span class='ocrx_word' id='word_1_30' title='bbox 1104 462 1324 510; x_wconf 87' lang='lat' dir='ltr'>peccatum</span> <span class='ocrx_word' id='word_1_31' title='bbox 1358 448 1578 494; x_wconf 88' lang='lat' dir='ltr'>offendere</span> <span class='ocrx_word' id='word_1_32' title='bbox 1616 448 1708 492; x_wconf 91' lang='lat' dir='ltr'>illas</span> <span class='ocrx_word' id='word_1_33' title='bbox 1745 448 1935 502; x_wconf 89' lang='lat' dir='ltr'>Sanctas,</span> 
     </span>
     <span class='ocr_line' id='line_1_5' title="bbox 292 531 1936 595; baseline -0.006 -11"><span class='ocrx_word' id='word_1_34' title='bbox 292 555 436 585; x_wconf 90' lang='lat' dir='ltr'>tamen</span> <span class='ocrx_word' id='word_1_35' title='bbox 461 552 509 583; x_wconf 90' lang='lat' dir='ltr'>tu</span> <span class='ocrx_word' id='word_1_36' title='bbox 548 539 705 582; x_wconf 82' lang='lat' dir='ltr'>scivisti</span> <span class='ocrx_word' id='word_1_37' title='bbox 741 553 815 595; x_wconf 91' lang='lat' dir='ltr'>per</span> <span class='ocrx_word' id='word_1_38' title='bbox 851 551 975 580; x_wconf 90' lang='lat' dir='ltr'>voces</span> <span class='ocrx_word' id='word_1_39' title='bbox 1002 533 1121 594; x_wconf 92' lang='lat' dir='ltr'>quod</span> <span class='ocrx_word' id='word_1_40' title='bbox 1161 534 1281 578; x_wconf 89' lang='lat' dir='ltr'>Deus</span> <span class='ocrx_word' id='word_1_41' title='bbox 1312 535 1532 577; x_wconf 81' lang='lat' dir='ltr'>remiserat</span> <span class='ocrx_word' id='word_1_42' title='bbox 1570 531 1662 583; x_wconf 91' lang='lat' dir='ltr'>tibi,</span> <span class='ocrx_word' id='word_1_43' title='bbox 1708 541 1936 590; x_wconf 80' lang='lat' dir='ltr'>postquam</span> 
     </span>
     <span class='ocr_line' id='line_1_6' title="bbox 294 621 814 668; baseline -0.006 -1"><span class='ocrx_word' id='word_1_44' title='bbox 294 623 394 668; x_wconf 91' lang='lat' dir='ltr'>inde</span> <span class='ocrx_word' id='word_1_45' title='bbox 412 622 606 667; x_wconf 85' lang='lat' dir='ltr'>confessa</span> <span class='ocrx_word' id='word_1_46' title='bbox 627 621 759 665; x_wconf 87' lang='lat' dir='ltr'>fuisti.</span> <span class='ocrx_word' id='word_1_47' title='bbox 795 640 814 659; x_wconf 91' lang='lat'>»</span> 
     </span>
    </p>

    <p class='ocr_par' dir='ltr' id='par_1_3' title="bbox 296 698 1941 1015">
     <span class='ocr_line' id='line_1_7' title="bbox 359 698 1941 761; baseline -0.006 -10"><span class='ocrx_word' id='word_1_48' title='bbox 359 724 378 747; x_wconf 91' lang='lat'>«</span> <span class='ocrx_word' id='word_1_49' title='bbox 415 708 647 760; x_wconf 84' lang='lat' dir='ltr'>Quantum</span> <span class='ocrx_word' id='word_1_50' title='bbox 671 704 723 749; x_wconf 89' lang='lat' dir='ltr'>ad</span> <span class='ocrx_word' id='word_1_51' title='bbox 762 702 877 748; x_wconf 91' lang='lat' dir='ltr'>istud</span> <span class='ocrx_word' id='word_1_52' title='bbox 909 714 1139 761; x_wconf 89' lang='lat' dir='ltr'>punctum,</span> <span class='ocrx_word' id='word_1_53' title='bbox 1169 701 1309 745; x_wconf 89' lang='lat' dir='ltr'>clerici</span> <span class='ocrx_word' id='word_1_54' title='bbox 1336 699 1486 744; x_wconf 91' lang='lat' dir='ltr'>dicunt</span> <span class='ocrx_word' id='word_1_55' title='bbox 1510 699 1628 759; x_wconf 89' lang='lat' dir='ltr'>quod</span> <span class='ocrx_word' id='word_1_56' title='bbox 1656 700 1699 743; x_wconf 91' lang='lat' dir='ltr'>in</span> <span class='ocrx_word' id='word_1_57' title='bbox 1735 699 1816 743; x_wconf 91' lang='lat' dir='ltr'>hoc</span> <span class='ocrx_word' id='word_1_58' title='bbox 1857 698 1941 742; x_wconf 91' lang='lat' dir='ltr'>fuit</span> 
     </span>
     <span class='ocr_line' id='line_1_8' title="bbox 296 782 1940 848; baseline -0.006 -14"><span class='ocrx_word' id='word_1_59' title='bbox 296 790 628 848; x_wconf 83' lang='lat' dir='ltr'>pusillanimitas</span> <span class='ocrx_word' id='word_1_60' title='bbox 672 803 853 846; x_wconf 85' lang='lat' dir='ltr'>vergens</span> <span class='ocrx_word' id='word_1_61' title='bbox 899 788 942 830; x_wconf 92' lang='lat' dir='ltr'>in</span> <span class='ocrx_word' id='word_1_62' title='bbox 999 785 1356 844; x_wconf 83' lang='lat' dir='ltr'>desperationem,</span> <span class='ocrx_word' id='word_1_63' title='bbox 1408 783 1747 842; x_wconf 87' lang='lat' dir='ltr'>interpretative,</span> <span class='ocrx_word' id='word_1_64' title='bbox 1797 783 1841 825; x_wconf 89' lang='lat' dir='ltr'>in</span> <span class='ocrx_word' id='word_1_65' title='bbox 1878 782 1940 825; x_wconf 89' lang='lat' dir='ltr'>tui</span> 
     </span>
     <span class='ocr_line' id='line_1_9' title="bbox 296 867 1941 932; baseline -0.005 -15"><span class='ocrx_word' id='word_1_66' title='bbox 296 875 430 932; x_wconf 88' lang='lat' dir='ltr'>ipsius</span> <span class='ocrx_word' id='word_1_67' title='bbox 458 871 747 916; x_wconf 84' lang='lat' dir='ltr'>homicidium</span> <span class='ocrx_word' id='word_1_68' title='bbox 768 888 778 924; x_wconf 88' lang='lat'>;</span> <span class='ocrx_word' id='word_1_69' title='bbox 810 871 940 914; x_wconf 83' lang='lat' dir='ltr'>etiam</span> <span class='ocrx_word' id='word_1_70' title='bbox 964 870 1009 913; x_wconf 90' lang='lat' dir='ltr'>in</span> <span class='ocrx_word' id='word_1_71' title='bbox 1031 869 1113 913; x_wconf 88' lang='lat' dir='ltr'>hoc</span> <span class='ocrx_word' id='word_1_72' title='bbox 1124 868 1268 912; x_wconf 87' lang='lat' dir='ltr'>dixisti</span> <span class='ocrx_word' id='word_1_73' title='bbox 1297 868 1567 912; x_wconf 84' lang='lat' dir='ltr'>temerariam</span> <span class='ocrx_word' id='word_1_74' title='bbox 1595 867 1875 914; x_wconf 77' lang='lat' dir='ltr'>assertionem</span> <span class='ocrx_word' id='word_1_75' title='bbox 1900 878 1941 908; x_wconf 89' lang='lat' dir='ltr'>et</span> 
     </span>
     <span class='ocr_line' id='line_1_10' title="bbox 297 949 1939 1015; baseline -0.005 -14"><span class='ocrx_word' id='word_1_76' title='bbox 297 955 685 1015; x_wconf 70' lang='lat' dir='ltr'>praesumptuosam</span> <span class='ocrx_word' id='word_1_77' title='bbox 709 954 760 998; x_wconf 85' lang='lat' dir='ltr'>de</span> <span class='ocrx_word' id='word_1_78' title='bbox 789 954 1057 1007; x_wconf 81' lang='lat' dir='ltr'>remissione,</span> <span class='ocrx_word' id='word_1_79' title='bbox 1078 968 1211 1011; x_wconf 87' lang='lat' dir='ltr'>quam</span> <span class='ocrx_word' id='word_1_80' title='bbox 1235 950 1463 1010; x_wconf 84' lang='lat' dir='ltr'>praetendis</span> <span class='ocrx_word' id='word_1_81' title='bbox 1480 950 1638 994; x_wconf 76' lang='lat' dir='ltr'>vhabere</span> <span class='ocrx_word' id='word_1_82' title='bbox 1667 949 1717 993; x_wconf 94' lang='lat' dir='ltr'>de</span> <span class='ocrx_word' id='word_1_83' title='bbox 1739 961 1939 1007; x_wconf 84' lang='lat' dir='ltr'>peccat03</span> 
     </span>
    </p>
   </div>
   <div class='ocr_carea' id='block_1_3' title="bbox 293 1035 1381 1084">
    <p class='ocr_par' dir='ltr' id='par_1_4' title="bbox 293 1035 1381 1084">
     <span class='ocr_line' id='line_1_11' title="bbox 293 1035 1381 1084; baseline -0.006 0"><span class='ocrx_word' id='word_1_84' title='bbox 293 1057 338 1084; x_wconf 88' lang='lat' dir='ltr'>ac</span> <span class='ocrx_word' id='word_1_85' title='bbox 367 1040 476 1083; x_wconf 84' lang='lat' dir='ltr'>male</span> <span class='ocrx_word' id='word_1_86' title='bbox 497 1040 628 1083; x_wconf 88' lang='lat' dir='ltr'>sentis</span> <span class='ocrx_word' id='word_1_87' title='bbox 651 1037 702 1082; x_wconf 91' lang='lat' dir='ltr'>de</span> <span class='ocrx_word' id='word_1_88' title='bbox 724 1037 916 1082; x_wconf 88' lang='lat' dir='ltr'>libertate</span> <span class='ocrx_word' id='word_1_89' title='bbox 946 1036 1127 1080; x_wconf 87' lang='lat' dir='ltr'>humani</span> <span class='ocrx_word' id='word_1_90' title='bbox 1149 1035 1326 1079; x_wconf 87' lang='lat' dir='ltr'>arbitrii.</span> <span class='ocrx_word' id='word_1_91' title='bbox 1361 1051 1381 1074; x_wconf 88' lang='lat'>›&gt;</span> 
     </span>
    </p>
   </div>
   <div class='ocr_carea' id='block_1_4' title="bbox 1091 1173 1153 1216">
    <p class='ocr_par' dir='ltr' id='par_1_5' title="bbox 1091 1173 1153 1216">
     <span class='ocr_line' id='line_1_12' title="bbox 1091 1173 1153 1216; baseline 0 0"><span class='ocrx_word' id='word_1_92' title='bbox 1091 1173 1153 1216; x_wconf 90' lang='lat' dir='ltr'>IX</span> 
     </span>
    </p>
   </div>
   <div class='ocr_carea' id='block_1_5' title="bbox 296 1261 1943 2011">
    <p class='ocr_par' dir='ltr' id='par_1_6' title="bbox 296 1261 1943 1763">
     <span class='ocr_line' id='line_1_13' title="bbox 359 1261 1941 1341; baseline -0.003 -15"><span class='ocrx_word' id='word_1_93' title='bbox 359 1304 378 1326; x_wconf 87' lang='lat'>«</span> <span class='ocrx_word' id='word_1_94' title='bbox 414 1287 539 1339; x_wconf 79' lang='lat' dir='ltr'>ITEM,</span> <span class='ocrx_word' id='word_1_95' title='bbox 563 1298 609 1329; x_wconf 89' lang='lat' dir='ltr'>tu</span> <span class='ocrx_word' id='word_1_96' title='bbox 636 1284 779 1328; x_wconf 85' lang='lat' dir='ltr'>dixisti</span> <span class='ocrx_word' id='word_1_97' title='bbox 801 1281 920 1341; x_wconf 88' lang='lat' dir='ltr'>quod</span> <span class='ocrx_word' id='word_1_98' title='bbox 948 1293 1102 1324; x_wconf 85' lang='lat' dir='ltr'>sanetae</span> <span class='ocrx_word' id='word_1_99' title='bbox 1130 1280 1362 1324; x_wconf 87' lang='lat' dir='ltr'>Katharina</span> <span class='ocrx_word' id='word_1_100' title='bbox 1383 1292 1423 1323; x_wconf 91' lang='lat' dir='ltr'>et</span> <span class='ocrx_word' id='word_1_101' title='bbox 1459 1281 1693 1337; x_wconf 83' lang='lat' dir='ltr'>Margareta</span> <span class='ocrx_word' id='word_1_102' title='bbox 1735 1261 1941 1337; x_wconf 82' lang='lat' dir='ltr'>promise-</span> 
     </span>
     <span class='ocr_line' id='line_1_14' title="bbox 297 1363 1940 1425; baseline -0.005 -11"><span class='ocrx_word' id='word_1_103' title='bbox 297 1383 396 1414; x_wconf 87' lang='lat' dir='ltr'>runt</span> <span class='ocrx_word' id='word_1_104' title='bbox 411 1382 452 1413; x_wconf 87' lang='lat' dir='ltr'>te</span> <span class='ocrx_word' id='word_1_105' title='bbox 473 1368 714 1413; x_wconf 88' lang='lat' dir='ltr'>conducere</span> <span class='ocrx_word' id='word_1_106' title='bbox 739 1368 783 1410; x_wconf 92' lang='lat' dir='ltr'>in</span> <span class='ocrx_word' id='word_1_107' title='bbox 800 1364 1060 1425; x_wconf 88' lang='lat' dir='ltr'>paradisum,</span> <span class='ocrx_word' id='word_1_108' title='bbox 1079 1363 1323 1408; x_wconf 89' lang='lat' dir='ltr'>dummodo</span> <span class='ocrx_word' id='word_1_109' title='bbox 1338 1379 1478 1407; x_wconf 80' lang='lat' dir='ltr'>serves</span> <span class='ocrx_word' id='word_1_110' title='bbox 1498 1363 1787 1421; x_wconf 84' lang='lat' dir='ltr'>virginitatem</span> <span class='ocrx_word' id='word_1_111' title='bbox 1808 1378 1940 1421; x_wconf 89' lang='lat' dir='ltr'>quam</span> 
     </span>
     <span class='ocr_line' id='line_1_15' title="bbox 297 1447 1941 1510; baseline -0.005 -12"><span class='ocrx_word' id='word_1_112' title='bbox 297 1456 356 1498; x_wconf 90' lang='lat' dir='ltr'>eis</span> <span class='ocrx_word' id='word_1_113' title='bbox 383 1455 540 1498; x_wconf 86' lang='lat' dir='ltr'>vovisti</span> <span class='ocrx_word' id='word_1_114' title='bbox 575 1465 616 1496; x_wconf 88' lang='lat' dir='ltr'>et</span> <span class='ocrx_word' id='word_1_115' title='bbox 637 1450 899 1510; x_wconf 87' lang='lat' dir='ltr'>promisisti;</span> <span class='ocrx_word' id='word_1_116' title='bbox 934 1461 975 1492; x_wconf 90' lang='lat' dir='ltr'>et</span> <span class='ocrx_word' id='word_1_117' title='bbox 1014 1448 1066 1492; x_wconf 87' lang='lat' dir='ltr'>de</span> <span class='ocrx_word' id='word_1_118' title='bbox 1092 1449 1172 1492; x_wconf 87' lang='lat' dir='ltr'>hoc</span> <span class='ocrx_word' id='word_1_119' title='bbox 1201 1463 1243 1491; x_wconf 90' lang='lat' dir='ltr'>es</span> <span class='ocrx_word' id='word_1_120' title='bbox 1271 1448 1329 1490; x_wconf 90' lang='lat' dir='ltr'>ita</span> <span class='ocrx_word' id='word_1_121' title='bbox 1356 1461 1467 1491; x_wconf 86' lang='lat' dir='ltr'>certa</span> <span class='ocrx_word' id='word_1_122' title='bbox 1493 1462 1539 1490; x_wconf 87' lang='lat' dir='ltr'>ac</span> <span class='ocrx_word' id='word_1_123' title='bbox 1574 1448 1608 1490; x_wconf 89' lang='lat' dir='ltr'>si</span> <span class='ocrx_word' id='word_1_124' title='bbox 1642 1448 1726 1504; x_wconf 82' lang='lat' dir='ltr'>jam</span> <span class='ocrx_word' id='word_1_125' title='bbox 1758 1462 1867 1490; x_wconf 90' lang='lat' dir='ltr'>esses</span> <span class='ocrx_word' id='word_1_126' title='bbox 1895 1447 1941 1489; x_wconf 92' lang='lat' dir='ltr'>in</span> 
     </span>
     <span class='ocr_line' id='line_1_16' title="bbox 297 1529 1943 1597; baseline -0.005 -15"><span class='ocrx_word' id='word_1_127' title='bbox 297 1539 429 1597; x_wconf 81' lang='lat' dir='ltr'>gloria</span> <span class='ocrx_word' id='word_1_128' title='bbox 451 1538 697 1589; x_wconf 87' lang='lat' dir='ltr'>Beatorum;</span> <span class='ocrx_word' id='word_1_129' title='bbox 721 1550 800 1579; x_wconf 90' lang='lat' dir='ltr'>nec</span> <span class='ocrx_word' id='word_1_130' title='bbox 820 1532 955 1577; x_wconf 90' lang='lat' dir='ltr'>credis</span> <span class='ocrx_word' id='word_1_131' title='bbox 975 1532 1120 1576; x_wconf 90' lang='lat' dir='ltr'>fecisse</span> <span class='ocrx_word' id='word_1_132' title='bbox 1143 1547 1273 1590; x_wconf 91' lang='lat' dir='ltr'>opera</span> <span class='ocrx_word' id='word_1_133' title='bbox 1300 1532 1457 1589; x_wconf 90' lang='lat' dir='ltr'>peccati</span> <span class='ocrx_word' id='word_1_134' title='bbox 1480 1530 1688 1584; x_wconf 88' lang='lat' dir='ltr'>mortalis,</span> <span class='ocrx_word' id='word_1_135' title='bbox 1713 1543 1754 1573; x_wconf 93' lang='lat' dir='ltr'>et</span> <span class='ocrx_word' id='word_1_136' title='bbox 1773 1529 1943 1574; x_wconf 87' lang='lat' dir='ltr'>videtur</span> 
     </span>
     <span class='ocr_line' id='line_1_17' title="bbox 298 1615 1942 1680; baseline -0.005 -15"><span class='ocrx_word' id='word_1_137' title='bbox 298 1621 376 1665; x_wconf 89' lang='lat' dir='ltr'>tibi</span> <span class='ocrx_word' id='word_1_138' title='bbox 402 1619 548 1680; x_wconf 72' lang='lat' dir='ltr'>&#39;quod,</span> <span class='ocrx_word' id='word_1_139' title='bbox 577 1621 610 1663; x_wconf 90' lang='lat' dir='ltr'>si</span> <span class='ocrx_word' id='word_1_140' title='bbox 643 1634 754 1663; x_wconf 86' lang='lat' dir='ltr'>esses</span> <span class='ocrx_word' id='word_1_141' title='bbox 793 1619 836 1661; x_wconf 90' lang='lat' dir='ltr'>in</span> <span class='ocrx_word' id='word_1_142' title='bbox 883 1629 1055 1675; x_wconf 90' lang='lat' dir='ltr'>peccato</span> <span class='ocrx_word' id='word_1_143' title='bbox 1092 1615 1281 1669; x_wconf 87' lang='lat' dir='ltr'>mortali,</span> <span class='ocrx_word' id='word_1_144' title='bbox 1317 1615 1483 1659; x_wconf 89' lang='lat' dir='ltr'>Sanctae</span> <span class='ocrx_word' id='word_1_145' title='bbox 1517 1630 1605 1658; x_wconf 91' lang='lat' dir='ltr'>non</span> <span class='ocrx_word' id='word_1_146' title='bbox 1644 1615 1865 1658; x_wconf 86' lang='lat' dir='ltr'>visitarent</span> <span class='ocrx_word' id='word_1_147' title='bbox 1900 1625 1942 1656; x_wconf 93' lang='lat' dir='ltr'>te</span> 
     </span>
     <span class='ocr_line' id='line_1_18' title="bbox 296 1702 936 1763; baseline -0.011 -14"><span class='ocrx_word' id='word_1_148' title='bbox 296 1705 492 1763; x_wconf 90' lang='lat' dir='ltr'>quotidie</span> <span class='ocrx_word' id='word_1_149' title='bbox 521 1713 550 1758; x_wconf 89' lang='lat'>¹,</span> <span class='ocrx_word' id='word_1_150' title='bbox 579 1705 688 1747; x_wconf 88' lang='lat' dir='ltr'>sicut</span> <span class='ocrx_word' id='word_1_151' title='bbox 711 1702 889 1746; x_wconf 86' lang='lat' dir='ltr'>faciunt.</span> <span class='ocrx_word' id='word_1_152' title='bbox 917 1718 936 1741; x_wconf 92' lang='lat'>»</span> 
     </span>
    </p>

    <p class='ocr_par' dir='ltr' id='par_1_7' title="bbox 296 1780 1940 2011">
     <span class='ocr_line' id='line_1_19' title="bbox 357 1780 1939 1841; baseline -0.005 -9"><span class='ocrx_word' id='word_1_153' title='bbox 357 1807 377 1828; x_wconf 88' lang='lat'>«</span> <span class='ocrx_word' id='word_1_154' title='bbox 414 1789 644 1841; x_wconf 86' lang='lat' dir='ltr'>Quantum</span> <span class='ocrx_word' id='word_1_155' title='bbox 668 1785 719 1830; x_wconf 86' lang='lat' dir='ltr'>ad</span> <span class='ocrx_word' id='word_1_156' title='bbox 742 1783 870 1838; x_wconf 90' lang='lat' dir='ltr'>istud,</span> <span class='ocrx_word' id='word_1_157' title='bbox 887 1784 1027 1827; x_wconf 91' lang='lat' dir='ltr'>clerici</span> <span class='ocrx_word' id='word_1_158' title='bbox 1055 1782 1205 1827; x_wconf 91' lang='lat' dir='ltr'>dicunt</span> <span class='ocrx_word' id='word_1_159' title='bbox 1231 1781 1350 1841; x_wconf 92' lang='lat' dir='ltr'>quod</span> <span class='ocrx_word' id='word_1_160' title='bbox 1368 1783 1411 1825; x_wconf 94' lang='lat' dir='ltr'>in</span> <span class='ocrx_word' id='word_1_161' title='bbox 1441 1781 1520 1826; x_wconf 89' lang='lat' dir='ltr'>hoc</span> <span class='ocrx_word' id='word_1_162' title='bbox 1536 1780 1681 1826; x_wconf 85' lang='lat' dir='ltr'>dixisti</span> <span class='ocrx_word' id='word_1_163' title='bbox 1705 1796 1939 1840; x_wconf 65' lang='lat' dir='ltr'>praesump-</span> 
     </span>
     <span class='ocr_line' id='line_1_20' title="bbox 297 1865 1940 1923; baseline -0.005 -7"><span class='ocrx_word' id='word_1_164' title='bbox 297 1885 466 1916; x_wconf 89' lang='lat' dir='ltr'>tuosam</span> <span class='ocrx_word' id='word_1_165' title='bbox 495 1885 536 1915; x_wconf 90' lang='lat' dir='ltr'>et</span> <span class='ocrx_word' id='word_1_166' title='bbox 578 1870 848 1914; x_wconf 81' lang='lat' dir='ltr'>temerariam</span> <span class='ocrx_word' id='word_1_167' title='bbox 892 1868 1190 1917; x_wconf 88' lang='lat' dir='ltr'>assertionem,</span> <span class='ocrx_word' id='word_1_168' title='bbox 1233 1865 1509 1910; x_wconf 86' lang='lat' dir='ltr'>mendacium</span> <span class='ocrx_word' id='word_1_169' title='bbox 1543 1866 1855 1923; x_wconf 81' lang='lat' dir='ltr'>perniciosum3</span> <span class='ocrx_word' id='word_1_170' title='bbox 1896 1877 1940 1907; x_wconf 87' lang='lat' dir='ltr'>et</span> 
     </span>
     <span class='ocr_line' id='line_1_21' title="bbox 296 1947 1939 2011; baseline -0.005 -12"><span class='ocrx_word' id='word_1_171' title='bbox 296 1954 549 1999; x_wconf 87' lang='lat' dir='ltr'>contradicit</span> <span class='ocrx_word' id='word_1_172' title='bbox 568 1953 628 1997; x_wconf 89' lang='lat' dir='ltr'>illi</span> <span class='ocrx_word' id='word_1_173' title='bbox 651 1951 768 2011; x_wconf 89' lang='lat' dir='ltr'>quod</span> <span class='ocrx_word' id='word_1_174' title='bbox 791 1953 906 2009; x_wconf 87' lang='lat' dir='ltr'>prius</span> <span class='ocrx_word' id='word_1_175' title='bbox 924 1950 1091 2004; x_wconf 80' lang='lat' dir='ltr'>dixisti3</span> <span class='ocrx_word' id='word_1_176' title='bbox 1116 1962 1157 1993; x_wconf 94' lang='lat' dir='ltr'>et</span> <span class='ocrx_word' id='word_1_177' title='bbox 1178 1949 1377 2002; x_wconf 88' lang='lat' dir='ltr'>ulterius,</span> <span class='ocrx_word' id='word_1_178' title='bbox 1401 1947 1518 2007; x_wconf 93' lang='lat' dir='ltr'>quod</span> <span class='ocrx_word' id='word_1_179' title='bbox 1559 1948 1668 1992; x_wconf 86' lang='lat' dir='ltr'>male</span> <span class='ocrx_word' id='word_1_180' title='bbox 1691 1956 1705 1974; x_wconf 84' lang='lat'>²</span> <span class='ocrx_word' id='word_1_181' title='bbox 1733 1949 1862 1992; x_wconf 88' lang='lat' dir='ltr'>sentis</span> <span class='ocrx_word' id='word_1_182' title='bbox 1896 1949 1939 1992; x_wconf 92' lang='lat' dir='ltr'>in</span> 
     </span>
    </p>
   </div>
   <div class='ocr_carea' id='block_1_6' title="bbox 298 2038 690 2083">
    <p class='ocr_par' dir='ltr' id='par_1_8' title="bbox 298 2038 690 2083">
     <span class='ocr_line' id='line_1_22' title="bbox 298 2038 690 2083; baseline -0.003 -2"><span class='ocrx_word' id='word_1_183' title='bbox 298 2038 382 2083; x_wconf 89' lang='lat' dir='ltr'>fide</span> <span class='ocrx_word' id='word_1_184' title='bbox 402 2039 646 2082; x_wconf 85' lang='lat' dir='ltr'>christiana.</span> <span class='ocrx_word' id='word_1_185' title='bbox 672 2054 690 2074; x_wconf 88' lang='lat'>»</span> 
     </span>
    </p>
   </div>
   <div class='ocr_carea' id='block_1_7' title="bbox 1104 2134 1146 2177">
    <p class='ocr_par' dir='ltr' id='par_1_9' title="bbox 1104 2134 1146 2177">
     <span class='ocr_line' id='line_1_23' title="bbox 1104 2134 1146 2177; baseline 0 0"><span class='ocrx_word' id='word_1_186' title='bbox 1104 2134 1146 2177; x_wconf 91' lang='lat' dir='ltr'>X</span> 
     </span>
    </p>
   </div>
   <div class='ocr_carea' id='block_1_8' title="bbox 297 2240 1944 2800">
    <p class='ocr_par' dir='ltr' id='par_1_10' title="bbox 297 2240 1944 2721">
     <span class='ocr_line' id='line_1_24' title="bbox 364 2240 1943 2300; baseline -0.005 -9"><span class='ocrx_word' id='word_1_187' title='bbox 364 2266 382 2285; x_wconf 87' lang='lat'>«</span> <span class='ocrx_word' id='word_1_188' title='bbox 420 2247 546 2300; x_wconf 77' lang='lat' dir='ltr'>ITEM,</span> <span class='ocrx_word' id='word_1_189' title='bbox 575 2245 724 2290; x_wconf 82' lang='lat' dir='ltr'>dixisti</span> <span class='ocrx_word' id='word_1_190' title='bbox 739 2258 778 2288; x_wconf 90' lang='lat' dir='ltr'>te</span> <span class='ocrx_word' id='word_1_191' title='bbox 802 2243 910 2287; x_wconf 90' lang='lat' dir='ltr'>bene</span> <span class='ocrx_word' id='word_1_192' title='bbox 937 2243 1039 2286; x_wconf 88' lang='lat' dir='ltr'>scire</span> <span class='ocrx_word' id='word_1_193' title='bbox 1061 2240 1180 2300; x_wconf 87' lang='lat' dir='ltr'>quod</span> <span class='ocrx_word' id='word_1_194' title='bbox 1205 2241 1324 2284; x_wconf 87' lang='lat' dir='ltr'>Deus</span> <span class='ocrx_word' id='word_1_195' title='bbox 1348 2240 1488 2298; x_wconf 87' lang='lat' dir='ltr'>diligit</span> <span class='ocrx_word' id='word_1_196' title='bbox 1507 2240 1670 2299; x_wconf 87' lang='lat' dir='ltr'>aliquas</span> <span class='ocrx_word' id='word_1_197' title='bbox 1696 2252 1827 2284; x_wconf 88' lang='lat' dir='ltr'>certas</span> <span class='ocrx_word' id='word_1_198' title='bbox 1848 2255 1943 2298; x_wconf 89' lang='lat' dir='ltr'>per-</span> 
     </span>
     <span class='ocr_line' id='line_1_25' title="bbox 299 2323 1943 2387; baseline -0.005 -13"><span class='ocrx_word' id='word_1_199' title='bbox 299 2347 426 2375; x_wconf 89' lang='lat' dir='ltr'>sonas</span> <span class='ocrx_word' id='word_1_200' title='bbox 452 2332 647 2374; x_wconf 83' lang='lat' dir='ltr'>viventes</span> <span class='ocrx_word' id='word_1_201' title='bbox 670 2329 764 2387; x_wconf 91' lang='lat' dir='ltr'>plus</span> <span class='ocrx_word' id='word_1_202' title='bbox 789 2343 921 2386; x_wconf 89' lang='lat' dir='ltr'>quam</span> <span class='ocrx_word' id='word_1_203' title='bbox 942 2338 999 2379; x_wconf 87' lang='lat' dir='ltr'>te,</span> <span class='ocrx_word' id='word_1_204' title='bbox 1025 2337 1067 2368; x_wconf 90' lang='lat' dir='ltr'>et</span> <span class='ocrx_word' id='word_1_205' title='bbox 1093 2323 1210 2383; x_wconf 91' lang='lat' dir='ltr'>quod</span> <span class='ocrx_word' id='word_1_206' title='bbox 1241 2324 1321 2368; x_wconf 91' lang='lat' dir='ltr'>hoc</span> <span class='ocrx_word' id='word_1_207' title='bbox 1348 2325 1507 2367; x_wconf 87' lang='lat' dir='ltr'>scivisti</span> <span class='ocrx_word' id='word_1_208' title='bbox 1535 2339 1609 2382; x_wconf 90' lang='lat' dir='ltr'>per</span> <span class='ocrx_word' id='word_1_209' title='bbox 1635 2323 1943 2368; x_wconf 89' lang='lat' dir='ltr'>revelationem</span> 
     </span>
     <span class='ocr_line' id='line_1_26' title="bbox 299 2406 1942 2466; baseline -0.005 -8"><span class='ocrx_word' id='word_1_210' title='bbox 299 2428 543 2458; x_wconf 88' lang='lat' dir='ltr'>sanctarum</span> <span class='ocrx_word' id='word_1_211' title='bbox 593 2412 841 2456; x_wconf 81' lang='lat' dir='ltr'>Katharinae</span> <span class='ocrx_word' id='word_1_212' title='bbox 892 2423 932 2453; x_wconf 91' lang='lat' dir='ltr'>et</span> <span class='ocrx_word' id='word_1_213' title='bbox 981 2410 1256 2466; x_wconf 83' lang='lat' dir='ltr'>Margaretae3</span> <span class='ocrx_word' id='word_1_214' title='bbox 1302 2408 1433 2451; x_wconf 89' lang='lat' dir='ltr'>etiam</span> <span class='ocrx_word' id='word_1_215' title='bbox 1476 2406 1593 2466; x_wconf 90' lang='lat' dir='ltr'>quod</span> <span class='ocrx_word' id='word_1_216' title='bbox 1651 2409 1740 2451; x_wconf 84' lang='lat' dir='ltr'>istae</span> <span class='ocrx_word' id='word_1_217' title='bbox 1779 2408 1942 2452; x_wconf 85' lang='lat' dir='ltr'>Sanctae</span> 
     </span>
     <span class='ocr_line' id='line_1_27' title="bbox 298 2489 1944 2555; baseline -0.004 -14"><span class='ocrx_word' id='word_1_218' title='bbox 298 2497 538 2555; x_wconf 88' lang='lat' dir='ltr'>loquuntur</span> <span class='ocrx_word' id='word_1_219' title='bbox 562 2496 763 2554; x_wconf 84' lang='lat' dir='ltr'>gallicum</span> <span class='ocrx_word' id='word_1_220' title='bbox 790 2503 819 2548; x_wconf 75' lang='lat'>³,</span> <span class='ocrx_word' id='word_1_221' title='bbox 847 2509 934 2537; x_wconf 92' lang='lat' dir='ltr'>non</span> <span class='ocrx_word' id='word_1_222' title='bbox 965 2492 1200 2550; x_wconf 87' lang='lat' dir='ltr'>anglicum,</span> <span class='ocrx_word' id='word_1_223' title='bbox 1231 2506 1332 2535; x_wconf 91' lang='lat' dir='ltr'>cum</span> <span class='ocrx_word' id='word_1_224' title='bbox 1358 2506 1447 2534; x_wconf 93' lang='lat' dir='ltr'>non</span> <span class='ocrx_word' id='word_1_225' title='bbox 1472 2491 1558 2535; x_wconf 89' lang='lat' dir='ltr'>sint</span> <span class='ocrx_word' id='word_1_226' title='bbox 1595 2489 1647 2534; x_wconf 89' lang='lat' dir='ltr'>de</span> <span class='ocrx_word' id='word_1_227' title='bbox 1677 2502 1792 2548; x_wconf 88' lang='lat' dir='ltr'>parte</span> <span class='ocrx_word' id='word_1_228' title='bbox 1823 2492 1944 2550; x_wconf 21' lang='lat' dir='ltr'>ipso—-</span> 
     </span>
     <span class='ocr_line' id='line_1_28' title="bbox 297 2573 1944 2639; baseline -0.005 -15"><span class='ocrx_word' id='word_1_229' title='bbox 297 2597 417 2635; x_wconf 71' lang='lat' dir='ltr'>rum,</span> <span class='ocrx_word' id='word_1_230' title='bbox 444 2594 484 2624; x_wconf 88' lang='lat' dir='ltr'>et</span> <span class='ocrx_word' id='word_1_231' title='bbox 506 2592 735 2639; x_wconf 89' lang='lat' dir='ltr'>postquam</span> <span class='ocrx_word' id='word_1_232' title='bbox 755 2578 915 2622; x_wconf 90' lang='lat' dir='ltr'>scivisti</span> <span class='ocrx_word' id='word_1_233' title='bbox 940 2592 1065 2620; x_wconf 85' lang='lat' dir='ltr'>voces</span> <span class='ocrx_word' id='word_1_234' title='bbox 1088 2574 1178 2618; x_wconf 90' lang='lat' dir='ltr'>illas</span> <span class='ocrx_word' id='word_1_235' title='bbox 1197 2590 1285 2618; x_wconf 91' lang='lat' dir='ltr'>esse</span> <span class='ocrx_word' id='word_1_236' title='bbox 1313 2590 1388 2632; x_wconf 90' lang='lat' dir='ltr'>pro</span> <span class='ocrx_word' id='word_1_237' title='bbox 1404 2589 1499 2631; x_wconf 84' lang='lat' dir='ltr'>rege</span> <span class='ocrx_word' id='word_1_238' title='bbox 1525 2586 1616 2627; x_wconf 92' lang='lat' dir='ltr'>tuo,</span> <span class='ocrx_word' id='word_1_239' title='bbox 1643 2589 1732 2617; x_wconf 93' lang='lat' dir='ltr'>non</span> <span class='ocrx_word' id='word_1_240' title='bbox 1757 2573 1944 2618; x_wconf 86' lang='lat' dir='ltr'>dilexisti</span> 
     </span>
     <span class='ocr_line' id='line_1_29' title="bbox 299 2663 617 2721; baseline -0.009 -14"><span class='ocrx_word' id='word_1_241' title='bbox 299 2663 569 2721; x_wconf 83' lang='lat' dir='ltr'>Burgundos.</span> <span class='ocrx_word' id='word_1_242' title='bbox 598 2682 617 2705; x_wconf 89' lang='lat'>»</span> 
     </span>
    </p>

    <p class='ocr_par' dir='ltr' id='par_1_11' title="bbox 361 2739 1943 2800">
     <span class='ocr_line' id='line_1_30' title="bbox 361 2739 1943 2800; baseline -0.004 -11"><span class='ocrx_word' id='word_1_243' title='bbox 361 2766 380 2789; x_wconf 88' lang='lat'>«</span> <span class='ocrx_word' id='word_1_244' title='bbox 418 2748 649 2800; x_wconf 86' lang='lat' dir='ltr'>Quantum</span> <span class='ocrx_word' id='word_1_245' title='bbox 675 2744 727 2789; x_wconf 90' lang='lat' dir='ltr'>ad</span> <span class='ocrx_word' id='word_1_246' title='bbox 748 2743 880 2799; x_wconf 89' lang='lat' dir='ltr'>istud,</span> <span class='ocrx_word' id='word_1_247' title='bbox 904 2743 1043 2787; x_wconf 90' lang='lat' dir='ltr'>clerici</span> <span class='ocrx_word' id='word_1_248' title='bbox 1071 2741 1222 2786; x_wconf 90' lang='lat' dir='ltr'>dicunt</span> <span class='ocrx_word' id='word_1_249' title='bbox 1249 2739 1369 2800; x_wconf 90' lang='lat' dir='ltr'>quod</span> <span class='ocrx_word' id='word_1_250' title='bbox 1395 2741 1439 2784; x_wconf 90' lang='lat' dir='ltr'>in</span> <span class='ocrx_word' id='word_1_251' title='bbox 1459 2739 1541 2784; x_wconf 90' lang='lat' dir='ltr'>hoc</span> <span class='ocrx_word' id='word_1_252' title='bbox 1561 2753 1625 2784; x_wconf 90' lang='lat' dir='ltr'>est</span> <span class='ocrx_word' id='word_1_253' title='bbox 1645 2741 1867 2784; x_wconf 87' lang='lat' dir='ltr'>temeraria</span> <span class='ocrx_word' id='word_1_254' title='bbox 1901 2752 1943 2783; x_wconf 91' lang='lat' dir='ltr'>et</span> 
     </span>
    </p>
   </div>
   <div class='ocr_carea' id='block_1_9' title="bbox 301 2823 1943 2888">
    <p class='ocr_par' dir='ltr' id='par_1_12' title="bbox 301 2823 1943 2888">
     <span class='ocr_line' id='line_1_31' title="bbox 301 2823 1943 2888; baseline -0.004 -14"><span class='ocrx_word' id='word_1_255' title='bbox 301 2843 642 2888; x_wconf 71' lang='lat' dir='ltr'>praesumptuosa</span> <span class='ocrx_word' id='word_1_256' title='bbox 662 2829 852 2881; x_wconf 86' lang='lat' dir='ltr'>assertio,</span> <span class='ocrx_word' id='word_1_257' title='bbox 886 2826 1181 2885; x_wconf 88' lang='lat' dir='ltr'>superstitiosa</span> <span class='ocrx_word' id='word_1_258' title='bbox 1208 2823 1434 2878; x_wconf 87' lang='lat' dir='ltr'>divinatio,</span> <span class='ocrx_word' id='word_1_259' title='bbox 1461 2823 1724 2882; x_wconf 88' lang='lat' dir='ltr'>blasphemia</span> <span class='ocrx_word' id='word_1_260' title='bbox 1744 2833 1760 2857; x_wconf 80' lang='lat'><strong>4</strong></span> <span class='ocrx_word' id='word_1_261' title='bbox 1795 2835 1943 2868; x_wconf 91' lang='lat' dir='ltr'>contra</span> 
     </span>
    </p>
   </div>
   <div class='ocr_carea' id='block_1_10' title="bbox 304 3006 1942 3117">
    <p class='ocr_par' dir='ltr' id='par_1_13' title="bbox 304 3006 1942 3117">
     <span class='ocr_line' id='line_1_32' title="bbox 353 3006 1942 3056; baseline -0.003 -11"><span class='ocrx_word' id='word_1_262' title='bbox 353 3023 382 3046; x_wconf 87' lang='lat'>1.</span> <span class='ocrx_word' id='word_1_263' title='bbox 407 3013 438 3046; x_wconf 72' lang='lat' dir='ltr'><em>A</em></span> <span class='ocrx_word' id='word_1_264' title='bbox 463 3025 471 3046; x_wconf 92' lang='lat'><em>:</em></span> <span class='ocrx_word' id='word_1_265' title='bbox 492 3012 651 3052; x_wconf 76' lang='lat' dir='ltr'>cothidie;</span> <span class='ocrx_word' id='word_1_266' title='bbox 674 3012 703 3045; x_wconf 90' lang='lat' dir='ltr'>C</span> <span class='ocrx_word' id='word_1_267' title='bbox 722 3023 731 3045; x_wconf 92' lang='grc'>.·</span> <span class='ocrx_word' id='word_1_268' title='bbox 749 3010 924 3056; x_wconf 76' lang='lat' dir='ltr'>quolhidie.</span> <span class='ocrx_word' id='word_1_269' title='bbox 944 3030 986 3034; x_wconf 96' lang='lat'><strong>—</strong></span> <span class='ocrx_word' id='word_1_270' title='bbox 1009 3019 1041 3043; x_wconf 89' lang='lat'>2.</span> <span class='ocrx_word' id='word_1_271' title='bbox 1063 3008 1092 3042; x_wconf 92' lang='lat' dir='ltr'>C</span> <span class='ocrx_word' id='word_1_272' title='bbox 1113 3020 1122 3041; x_wconf 89' lang='lat'><em>:</em></span> <span class='ocrx_word' id='word_1_273' title='bbox 1144 3007 1246 3041; x_wconf 82' lang='lat' dir='ltr'>males</span> <span class='ocrx_word' id='word_1_274' title='bbox 1260 3007 1352 3052; x_wconf 75' lang='lat' dir='ltr'>(sic).</span> <span class='ocrx_word' id='word_1_275' title='bbox 1369 3027 1416 3032; x_wconf 82' lang='lat'>——</span> <span class='ocrx_word' id='word_1_276' title='bbox 1435 3017 1466 3052; x_wconf 81' lang='lat'>3.</span> <span class='ocrx_word' id='word_1_277' title='bbox 1488 3007 1518 3042; x_wconf 89' lang='lat' dir='ltr'><strong><em>C</em></strong></span> <span class='ocrx_word' id='word_1_278' title='bbox 1534 3007 1650 3053; x_wconf 87' lang='lat' dir='ltr'>ajoutc</span> <span class='ocrx_word' id='word_1_279' title='bbox 1670 3012 1711 3041; x_wconf 85' lang='lat' dir='ltr'>et.</span> <span class='ocrx_word' id='word_1_280' title='bbox 1731 3027 1777 3032; x_wconf 96' lang='lat'><strong>—</strong></span> <span class='ocrx_word' id='word_1_281' title='bbox 1797 3017 1831 3049; x_wconf 79' lang='lat'>4.</span> <span class='ocrx_word' id='word_1_282' title='bbox 1848 3006 1915 3041; x_wconf 88' lang='lat' dir='ltr'>AC</span> <span class='ocrx_word' id='word_1_283' title='bbox 1931 3018 1942 3040; x_wconf 91' lang='lat'>.·</span> 
     </span>
     <span class='ocr_line' id='line_1_33' title="bbox 304 3066 729 3117; baseline 0.005 -12"><span class='ocrx_word' id='word_1_284' title='bbox 304 3072 484 3117; x_wconf 70' lang='lat' dir='ltr'>blasphema</span> <span class='ocrx_word' id='word_1_285' title='bbox 493 3099 499 3106; x_wconf 93' lang='lat'>.</span> <span class='ocrx_word' id='word_1_286' title='bbox 722 3066 729 3073; x_wconf 56' lang='grc'><strong><em>’</em></strong></span> 
     </span>
    </p>
   </div>
   <div class='ocr_carea' id='block_1_11' title="bbox 2009 0 2099 2426">
    <p class='ocr_par' dir='ltr' id='par_1_14' title="bbox 2009 0 2099 2426">
     <span class='ocr_line' id='line_1_34' title="bbox 2009 0 2099 2426; baseline 0 0"><span class='ocrx_word' id='word_1_287' title='bbox 2009 0 2099 2426; x_wconf 95' lang='lat' dir='ltr'> </span> 
     </span>
    </p>
   </div>
  </div>
 </body>
</html>
