2099 3356
344 168 427 210 266
623 166 778 211 PRocizs
812 181 867 211 DE
900 181 1254 212 CONDAMNATloN
1287 182 1344 212 DE
1373 182 1540 224 JEANNE
1573 169 1701 214 D’ARC

398 280 675 336 Interrogata,
704 281 738 323 si
763 279 928 324 fecisset
951 279 1116 339 aliquid
1139 293 1288 326 contra
1326 279 1457 326 fidem
1493 280 1788 336 christianam,
1811 285 1980 329 'utrum

340 363 468 406 vellet
493 379 535 406 se
553 362 806 406 submittere
834 363 1031 409 Ecclesiae
1071 377 1114 409 et
1143 364 1227 408 illis
1259 363 1311 409 ad
1343 381 1455 423 quos
1478 366 1662 423 pertinet
1685 364 1738 411 de
1778 366 1861 412 hoc
1886 382 1984 411 cor-

343 448 472 490 rectio
511 464 519 489 :
573 445 794 503 respondit
844 446 961 505 quod
1003 446 1181 502 sabbati,
1227 461 1321 507 post
1372 447 1618 505 prandium,
1666 450 1754 507 ipsa
1803 465 1985 508 respon-

341 529 477 573 debit.

402 685 534 728 LXX.
579 700 598 723 «
625 685 749 739 ITEM,
778 685 895 744 quod
918 687 1067 730 omnia
1091 699 1131 730 et
1151 687 1318 745 singula
1343 688 1559 745 praemissa
1586 701 1689 732 sunt
1710 703 1824 740 vera,
1855 701 1983 733 noto-

344 771 400 811 ria
429 778 458 822 ¹,
489 768 728 833 manifesta,
757 781 798 813 et
829 785 957 827 super
979 769 1044 813 his
1064 769 1271 814 laboravit
1292 783 1332 814 et
1364 770 1504 815 adhuc
1530 770 1693 816 laborat
1711 771 1879 830 publica
1898 788 1982 816 vox

343 866 383 896 et
403 852 538 906 fama3
562 869 695 911 eaque
718 854 970 912 recognovit
993 867 1121 913 atque
1142 853 1331 898 confessa
1350 867 1413 898 est
1433 854 1546 899 dicta
1573 871 1639 899 rea
1654 855 1812 914 pluries
1827 869 1868 900 et
1895 855 1982 900 suf-

342 936 532 980 ficienter
553 935 640 980 fore
663 952 778 991 vera,
806 952 950 981 coram
976 937 1119 996 probis
1152 951 1193 982 et
1236 936 1318 983 fide
1362 937 1520 997 dignis,
1556 952 1597 983 et
1632 951 1719 983 tam
1748 940 1792 983 in
1821 939 1979 998 judicio

342 1036 471 1078 quam
497 1033 626 1064 extra.
655 1036 674 1058 >³

398 1103 616 1159 *johanna
639 1103 755 1148 hunc
779 1118 905 1163 negat
932 1105 1162 1149 articulum
1192 1114 1222 1160 ²,
1250 1107 1331 1149 nisi
1350 1105 1402 1150 de
1423 1105 1642 1160 confessis,
1662 1118 1741 1150 etc.

399 1188 459 1231 Ex
481 1202 639 1236 QUIBUS
652 1201 706 1239 ct
728 1188 820 1232 aliis
843 1205 865 1233 a
893 1188 1014 1233 vobis
1043 1189 1294 1248 supplendis
1318 1202 1359 1235 et
1386 1189 1649 1249 corrigendis
1676 1203 1717 1235 et
1749 1191 1792 1233 in
1829 1189 1984 1235 melius

344 1271 642 1326 reformandis,
673 1271 724 1316 de
761 1286 802 1317 et
841 1289 969 1331 super
1018 1272 1175 1332 quibus
1221 1275 1327 1332 petit
1353 1287 1395 1318 et
1438 1274 1647 1333 supplicat
1680 1273 1820 1319 dictus
1862 1286 1979 1319 actor

341 1355 496 1400 dictam
523 1371 637 1399 ream
670 1371 744 1414 per
780 1372 856 1400 vos
905 1358 1155 1415 interrogari
1191 1371 1198 1402 :
1242 1356 1463 1402 concludit
1508 1357 1621 1403 idem
1665 1370 1780 1403 actor
1831 1370 1982 1402 contra

341 1438 495 1483 dictam
541 1456 670 1493 ream,
692 1439 797 1484 facta
824 1439 907 1485 fide
932 1439 983 1484 de
1018 1439 1083 1484 his
1111 1442 1153 1484 in
1177 1453 1270 1486 toto
1299 1441 1363 1486 vel
1391 1443 1434 1486 in
1459 1455 1591 1500 parte,
1620 1454 1833 1502 quatenus
1857 1440 1981 1485 suffi-

340 1524 419 1567 ciet
458 1522 509 1566 ad
538 1525 756 1568 intentum
803 1540 875 1582 per
899 1540 974 1568 vos
1008 1526 1273 1577 sententian,
1316 1524 1494 1584 proferri
1527 1540 1568 1570 et
1614 1526 1900 1584 pronuntiari,
1926 1524 1978 1570 ad

339 1622 493 1652 omncs
525 1619 566 1651 et
608 1607 801 1665 singulos
844 1607 949 1653 fines
998 1624 1100 1653 suos
1145 1622 1407 1667 supratactos
1432 1627 1443 1663 ;
1498 1610 1765 1668 ulteriusque
1814 1608 1895 1654 dici
1934 1621 1976 1652 et

339 1690 524 1745 decerni,
554 1704 682 1749 prout
710 1691 837 1735 fuerit
862 1692 964 1745 iuris
985 1704 1026 1736 et
1049 1693 1255 1746 rationis,
1287 1691 1483 1737 officium
1521 1706 1713 1738 vestrum
1741 1708 1867 1751 super
1893 1692 1972 1746 his,

339 1787 465 1834 prout
493 1773 628 1828 decet,
660 1773 883 1818 humiliter
905 1774 1193 1833 implorando.
1224 1795 1241 1811 »

784 1941 937 1968 SABBATI
981 1942 1126 1969 ULTIMA
1169 1943 1306 1969 MENSIS
1350 1937 1524 1969 MART113

396 2046 522 2098 Item,
548 2044 708 2089 sabbati
747 2043 996 2089 immediate
1031 2046 1243 2103 sequenti,
1266 2044 1334 2089 die
1358 2045 1510 2090 ultima
1554 2046 1714 2090 mensis
1739 2046 1896 2098 martii,
1927 2047 1971 2089 in

340 2129 480 2186 vigilia
508 2129 694 2181 Paschae,
717 2144 833 2172 anno
862 2129 1044 2172 Domini
1081 2129 1314 2173 millesimo
1341 2129 1514 2174 CCCC.
1544 2131 1790 2185 tricesimo,
1837 2130 1976 2188 praesi-

339 2212 540 2257 dentibus
586 2212 725 2266 nobis,
773 2212 983 2269 judicibus
1024 2212 1266 2266 antedictis,
1309 2214 1352 2257 in
1404 2213 1499 2257 loco
1545 2214 1719 2258 carceris
1763 2212 1974 2271 praedictae

338 2296 564 2352 Joliannae,
589 2298 630 2339 in
657 2309 792 2339 castro
821 2296 1189 2353 Rothomagensi;
1213 2296 1506 2341 assistentibus
1543 2296 1733 2342 dominis
1759 2309 1801 2341 et
1822 2298 1976 2355 magis-

341 2381 440 2423 tris:
493 2380 691 2435 Johanne
718 2380 1022 2437 Pulchripatris
1050 2390 1081 2433 4,
1107 2379 1267 2436 Jacobo
1288 2379 1340 2423 de
1377 2380 1588 2433 Turonia,
1623 2380 1804 2424 Nicolao
1842 2380 1972 2435 Midi,

397 2560 667 2611 InterroguCe,
689 2558 793 2598 s’cllc
816 2559 923 2598 avoit
959 2557 1027 2598 fait
1063 2559 1362 2598 aucunechose
1389 2568 1526 2598 contre
1549 2558 1583 2597 la
1619 2557 1688 2610 foy
1709 2558 1976 2606 clirestienne,

337 2629 443 2668 s'clle
468 2629 545 2668 s'cn
566 2630 769 2669 vouldroit
791 2630 1065 2670 submeictrea
1090 2630 1248 2683 l'Eglise
1274 2640 1310 2669 et
1345 2631 1364 2668 a
1396 2630 1511 2669 ceulx
1535 2630 1555 2668 21
1588 2631 1656 2682 qui
1683 2644 1730 2668 cn
1756 2630 1979 2682 appartient

338 2700 372 2739 la
395 2702 615 2740 correction
639 2715 645 2740 :
669 2701 839 2754 respond
855 2715 931 2755 que
955 2702 1121 2750 samedi,
1146 2703 1257 2755 apres
1279 2702 1426 2750 disner,
1451 2701 1524 2741 elle
1543 2714 1590 2740 en
1611 2701 1826 2754 respondra
1857 2707 1883 2741 3.

391 2773 408 2790 ²⁸
426 2773 561 2824 Negat,
584 2773 654 2811 nisi
673 2772 714 2811 de
734 2773 898 2825 confessis
920 2775 949 2811 ⁶.

390 2964 419 2988 1.
443 2953 510 2988 AC
527 2953 688 2999 ajoutent
705 2958 745 2987 et.
781 2974 826 2978 -—
851 2964 883 2987 2.
901 2953 932 2987 A
965 2965 974 2987 .·
1014 2953 1071 2988 Ad
1090 2934 1362 3000 septicage.si111112n
1383 2952 1564 2988 amiculum
1590 2958 1683 2999 negat
1714 2955 1782 2999 ipsa
1797 2953 1965 2998 johanna.

340 3033 382 3037 —-
406 3023 434 3057 3.
461 3013 510 3047 En
533 3023 652 3058 marge
670 3013 713 3046 de
736 3012 831 3048 ΑΒΕ
857 3012 905 3058 (C
924 3021 1021 3047 ornet
1048 3014 1165 3047 mensis
1185 3021 1218 3047 et
1235 3013 1354 3058 ajoute
1390 3014 1422 3046 in
1444 3012 1567 3058 vigilia
1598 3012 1755 3058 Paschae).
1789 3033 1831 3038 ——
1863 3024 1896 3056 4.
1917 3011 1972 3048 C:

338 3071 573 3115 Pulcrsjmtrss.
604 3091 645 3094 —
668 3082 696 3115 5.
723 3071 764 3113 U,
786 3070 848 3105 fol.
873 3081 926 3116 30,
946 3080 992 3104 ro.
1010 3092 1053 3097 —
1068 3071 1100 3105 6.
1117 3071 1218 3114 Ibid„
1233 3071 1328 3105 idem.
