2099 3356
357 207 442 237 210
635 192 791 238 pRoc'Es
826 207 882 236 DE
914 206 1266 237 CONDAMNATION
1299 206 1354 236 DE
1385 206 1550 249 JEANNE
1582 190 1710 236 D’ARc

353 318 554 364 pesceret,
580 318 621 350 et
653 305 768 364 quod
812 306 959 350 omnia
994 318 1208 368 gratanter
1243 305 1464 363 acciperet,
1505 303 1710 364 quodque
1743 304 1861 349 Deus
1899 320 1992 349 earn

354 389 532 446 juvaret.
556 389 613 433 Ea
634 388 717 443 die,
747 390 1006 448 interrogata
1032 390 1082 443 si,
1112 387 1162 433 ab
1196 387 1272 433 illo
1300 388 1396 432 loco
1427 386 1666 442 Meleduni,
1693 386 1844 446 depost
1869 387 1996 433 fuerit

354 472 434 516 sibi
458 472 623 517 dictum
651 489 725 531 per
744 488 869 517 voces
886 489 982 517 suas
1002 471 1120 531 quod
1141 485 1362 530 caperetur
1384 489 1393 515 :
1416 470 1637 530 respondit
1654 471 1773 530 quod
1801 473 1874 525 sic,
1901 471 1996 530 plu—

353 558 448 611 ries,
474 569 516 601 et
536 557 657 616 quasi
684 556 927 616 quotidie¹,
960 569 1033 601 aut
1063 555 1244 614 singulis
1277 554 1440 600 diebus
1473 555 1523 599 Et
1555 555 1796 614 requirebat
1819 553 1997 600 vocibus

353 641 441 683 suis
464 639 597 698 quod,
626 639 732 684 dum
759 652 867 684 esset
895 652 1027 698 capta,
1057 640 1202 684 statim
1241 651 1496 692 moreretur,
1527 637 1687 698 absque
1713 638 1840 697 longa
1872 654 1996 682 vexa-

353 724 471 768 tione
495 725 691 776 carceris;
730 739 827 782 quae
866 739 991 767 voces
1030 722 1230 767 dixerunt
1267 724 1304 767 ei
1338 721 1667 781 quodcaperet
1699 735 1929 780 gratanter,
1955 734 1996 765 et

352 807 469 867 quod
491 810 551 853 sic
568 807 790 866 oportebat
811 807 929 862 fieri;
955 807 1026 852 sed
1056 823 1142 852 non
1165 806 1365 851 dixerunt
1390 805 1470 850 sibi
1505 806 1681 860 horam3
1705 822 1835 865 quam
1857 807 1891 849 si
1918 807 1995 850 sci-

352 893 494 945 visset,
520 904 623 936 tunc
641 908 729 936 non
754 892 911 936 ivisset.
942 891 993 935 Et
1023 890 1183 949 pluries
1211 892 1389 949 petierat
1412 891 1517 934 scire
1548 889 1716 941 horam,
1746 905 1875 948 quam
1904 905 1994 934 non

352 974 557 1020 dixerunt
572 977 626 1019 ei.
653 976 709 1020 Ea
725 975 792 1019 die
813 974 919 1019 dixit
940 974 1074 1034 quod,
1098 973 1274 1034 quando
1287 973 1435 1018 debuit
1452 973 1644 1018 recedere
1659 975 1772 1018 etire
1784 973 1833 1018 ad
1850 989 1993 1032 regem

352 1075 498 1113 suum,
529 1058 693 1104 dictum
724 1058 803 1103 fuit
830 1058 908 1103 sibi
935 1044 1160 1116 per'voces
1193 1056 1311 1117 quod
1336 1059 1416 1102 iret
1444 1043 1799 1116 audacterjquiab
1820 1056 1996 1116 quando

353 1156 459 1186 esset
486 1142 598 1200 apud
627 1159 767 1201 regem
794 1159 940 1196 suum,
969 1144 1057 1201 ipse
1086 1141 1259 1186 haberet
1283 1141 1450 1186 bonum
1480 1143 1654 1200 signum
1677 1140 1728 1186 de
1754 1140 1997 1199 recipiendo

353 1242 446 1270 earn
476 1241 517 1270 et
534 1226 611 1270 sibi
635 1225 861 1270 credendo.

412 1311 561 1363 Lunae,
588 1324 663 1354 ΧΠ.
689 1311 845 1361 martii,
874 1311 1133 1368 interrogata
1169 1308 1397 1368 quomodo
1427 1308 1643 1353 liberasset
1679 1308 1834 1353 ducem
1856 1310 1998 1354 Aure-

354 1394 588 1438 lianensem
613 1411 621 1438 :
647 1392 866 1452 respondit
886 1392 1004 1452 quod
1026 1394 1203 1451 cepisset
1220 1392 1482 1440 sufficienter
1506 1393 1726 1451 Anglicos,
1742 1393 1784 1436 in
1810 1392 1996 1451 partibus

353 1479 459 1533 istis,
486 1495 561 1537 pro
584 1477 829 1522 rehabendo
855 1493 954 1521 eum
993 1493 1068 1521 seu
1100 1475 1355 1521 redimendo
1378 1496 1389 1532 3
1425 1489 1482 1531 et,
1509 1478 1542 1520 si
1565 1493 1652 1521 non
1679 1478 1855 1535 cepisset
1877 1477 1993 1531 satis,

354 1564 617 1606 transivisset
639 1577 754 1606 mare
782 1577 858 1619 pro
886 1560 1032 1605 eundo
1056 1562 1288 1619 quaesitum
1316 1576 1417 1605 eum
1445 1562 1489 1604 in
1518 1560 1688 1619 Anglia,
1714 1577 1814 1605 curn
1840 1574 1996 1619 poten—
2022 1568 2024 1570 '

353 1648 425 1689 tia.
454 1647 716 1705 Interrogata
740 1646 774 1690 si
805 1658 962 1689 sanctae
986 1644 1217 1688 Katharina
1243 1657 1283 1688 et
1325 1645 1562 1702 Margareta
1597 1644 1797 1688 dixerunt
1823 1645 1876 1698 ei,
1904 1645 1994 1688 sine

351 1729 601 1774 conditione
622 1742 661 1773 et
677 1728 886 1783 absolute,
911 1727 1029 1787 quod
1046 1740 1210 1786 caperet
1229 1738 1378 1787 gentes
1399 1727 1673 1782 sufficienter,
1698 1744 1774 1786 pro
1797 1728 1995 1772 habendo

351 1812 505 1857 ducem
533 1813 888 1857 Aurelianensem
918 1814 1191 1856 exsistentem
1214 1813 1257 1855 in
1284 1812 1454 1870 Anglia,
1484 1812 1549 1856 vel
1571 1812 1670 1856 alias
1698 1811 1816 1870 quod
1844 1813 1997 1856 transi-

351 1911 412 1941 ret
440 1914 554 1941 mare
585 1914 660 1955 pro
682 1896 828 1941 eundo
854 1898 1086 1955 quse-situm
1108 1912 1208 1940 eum
1231 1909 1272 1940 et
1300 1895 1554 1941 adducendo
1579 1895 1687 1941 infra
1713 1909 1796 1941 tres
1823 1909 1988 1941 annos:

351 1981 569 2038 respondit
595 1980 710 2039 quod
737 1982 807 2031 ita,
827 1994 866 2024 et
890 1979 1006 2038 quod
1032 1979 1241 2038 dixit‘regi
1264 1996 1343 2024 suo
1356 1979 1474 2039 quod
1496 1979 1730 2025 dimitteret
1752 1996 1844 2025 eam
1861 1979 1994 2024 facere

352 2063 403 2108 de
432 2065 739 2123 prisionnariis.
772 2065 892 2108 Dixit
918 2064 1098 2108 ulterius
1126 2062 1176 2107 de
1203 2080 1244 2107 se
1265 2065 1352 2122 ipsa
1376 2063 1509 2122 quod,
1536 2066 1569 2107 si
1597 2066 1684 2123 ipsa
1709 2063 1897 2108 durasset
1922 2065 1994 2108 tri-

353 2148 430 2192 bus
462 2147 758 2206 annis-absque
782 2146 1113 2205 impedimento,
1140 2148 1226 2205 ipsa
1249 2146 1466 2191 liberasset
1490 2163 1606 2192 eum.
1623 2149 1732 2191 Item
1756 2147 1862 2191 dixit
1876 2146 1993 2206 quod

353 2231 533 2275 habebat
560 2230 800 2275 breviorem
822 2231 1059 2275 terminum
1097 2247 1228 2288 quam
1265 2231 1397 2274 trium
1425 2247 1658 2285 annorum,
1683 2245 1723 2274 et
1751 2231 1993 2289 longiorem

350 2315 484 2373 quam
512 2316 641 2359 unius
669 2316 804 2369 anni;
833 2313 904 2358 sed
931 2314 983 2358 de
1011 2314 1093 2358 hoc
1121 2329 1198 2371 pro
1226 2316 1422 2372 praesenti
1445 2331 1533 2358 non
1561 2314 1688 2358 habet
1716 2315 1988 2359 memoriam.

411 2399 629 2451 Mercurii,
659 2413 768 2441 xnn.
798 2399 954 2451 martii,
985 2399 1242 2454 interrogata
1261 2397 1386 2455 quale
1408 2411 1468 2441 est
1488 2398 1725 2455 periculum
1749 2398 1814 2441 vel
1836 2397 1992 2456 dange-

354 2483 466 2525 rium
495 2483 657 2539 inquo,
688 2497 767 2525 nos
785 2493 825 2524 et
847 2480 915 2523 alii
937 2480 988 2524 de
1003 2480 1133 2534 clero,
1156 2496 1234 2524 nos
1262 2481 1374 2538 ipsos
1387 2480 1670 2538 ponebamus,
1696 2481 1884 2526 tenendo
1899 2497 1992 2525 eam

354 2566 396 2607 in
424 2581 619 2608 causam:
652 2563 870 2623 respondit
895 2563 1012 2626 quod
1046 2576 1192 2607 sancta
1218 2564 1450 2608 Katharina
1477 2564 1583 2607 dixit
1614 2565 1651 2608 ei
1679 2565 1796 2622 quod
1822 2564 1994 2608 haberet

354 2664 630 2702 succursum3
665 2661 707 2691 et
728 2649 860 2691 nescit
888 2649 920 2690 si
959 2648 1040 2691 hoc
1065 2648 1144 2690 erit
1172 2663 1245 2705 per
1267 2646 1585 2705 expeditionem
1617 2647 1669 2692 de
1705 2664 1882 2702 carcere,
1911 2648 1993 2701 vel,

354 2731 528 2789 quando
555 2745 665 2775 esset
695 2733 738 2774 in
788 2730 964 2789 judicic,
992 2732 1025 2774 si
1061 2730 1120 2774 ibi
1154 2732 1429 2788 superveniet
1458 2731 1599 2789 aliqua
1620 2730 1823 2786 turbatio,
1852 2731 1994 2776 medio

354 2816 475 2872 cujus
497 2827 640 2872 posset
661 2814 852 2868 liberari,
876 2826 918 2857 et
943 2815 1099 2872 cogitat
1127 2813 1245 2872 quod
1264 2814 1344 2858 hoc
1359 2822 1373 2840 ²
1396 2815 1475 2858 erit
1498 2815 1563 2858 vel
1587 2831 1744 2868 unum,
1764 2815 1829 2859 vel
1844 2813 1959 2859 aliud
1979 2832 1990 2869 3

352 2911 393 2941 et
420 2899 574 2956 saepius
600 2897 750 2942 dicunt
769 2897 849 2941 sibi
874 2912 998 2941 voces
1025 2896 1143 2956 quod
1162 2897 1412 2942 liberabitur
1435 2914 1728 2956 permagnam
1750 2899 1989 2943 victoriam.

406 3109 431 3131 1.
463 3098 493 3131 A
522 3098 689 3138 .·roll'ili1·,⁴
717 3098 746 3131 C
771 3110 778 3130 .·
796 3097 971 3143 ‹stwlhi‹li‹‘.
996 3118 1038 3122 ——
1062 3107 1093 3132 2.
1128 3098 1162 3142 Q
1182 3107 1278 3132 ome-t
1310 3098 1379 3133 hoc.
