2099 3356
345 200 506 245 moes-:s
538 213 594 243 DE
628 211 981 242 conDAMNATmN
1016 211 1070 241 DE
1101 211 1267 252 JEANNE
1300 195 1429 240 D'ARc
1653 207 1702 251 75

63 315 254 377 portabat
277 325 390 360 retro
418 328 541 358 suam
572 310 778 357 cassidem
814 326 889 355 seu
925 309 1106 367 galeam,
1143 321 1185 353 et
1220 325 1272 353 an
1307 321 1397 353 erat
1424 307 1588 366 aliquid
1616 307 1674 352 ibi
1704 317 1713 333 ¹

65 397 305 446 rotundum
332 414 340 441 :
370 394 592 455 respondit
619 413 628 440 2
663 413 681 435 «
713 396 792 439 Per
812 393 941 438 fidem
972 409 1129 446 meam,
1161 392 1270 437 nihil
1304 404 1392 436 erat
1426 391 1499 436 ibi.
1528 410 1548 434 »

120 483 385 538 Interrogata
409 496 462 526 an
493 476 688 538 unquam
720 478 973 536 cognoverit
998 477 1171 522 fratrem
1200 474 1434 522 Ricardum
1458 484 1471 501 ²
1501 493 1508 519 :
1540 491 1717 534 respon-

64 567 162 613 dit:
208 583 228 606 «
255 565 345 624 Ego
391 579 618 623 nunquam
658 561 849 607 videram
888 563 1048 619 ipsum,
1085 559 1264 619 quando
1306 561 1404 605 veni
1439 573 1536 604 ante
1568 559 1715 603 villam

65 651 339 696 Trecensem.
369 664 389 688 >›

122 735 386 790 Interrogata
424 731 599 791 qualem
626 730 799 776 vultum
835 728 915 774 sibi
947 729 1044 774 fecit
1072 729 1159 787 ipse
1191 728 1317 773 frater
1352 726 1557 773 Ricardus
1589 744 1596 771 :
1628 742 1717 772 res-

69 817 221 879 pondit
243 815 360 875 quod
395 815 456 860 illi
480 814 532 860 de
560 815 722 869 Trecis‚
762 826 890 873 prout
927 813 1142 858 existimat
1170 820 1197 866 3,
1239 813 1453 856 miserunt
1487 813 1628 869 ipsum
1667 809 1718 855 ad

68 918 177 955 eam,
194 900 383 945 dicentes
398 898 515 958 quod
541 897 793 943 dubitabant
813 913 865 941 ne
891 899 978 955 ipsa
999 897 1198 953 Johanna
1221 912 1311 939 non
1333 907 1441 939 esset
1463 911 1525 939 res
1544 896 1721 940 veniens

67 1002 118 1032 ex
144 997 259 1045 parte
287 985 396 1040 Dei3
422 996 462 1029 et
483 983 659 1044 quando
687 981 804 1027 idem
835 981 960 1026 frater
987 991 998 1014 ⁴
1030 981 1393 1039 appropinquavit
1415 979 1466 1025 ad
1498 995 1610 1032 earn,
1635 980 1723 1036 ipse

68 1069 243 1115 faciebat
264 1069 439 1126 signum
460 1068 595 1112 crucis
614 1079 655 1111 et
673 1065 918 1124 aspergebat
944 1081 1102 1123 aquam
1125 1063 1410 1109 benedictam.
1439 1064 1490 1109 Et
1511 1076 1615 1108 tunc
1637 1064 1725 1120 ipsa

69 1152 175 1199 dixit
201 1153 238 1197 ei
270 1169 278 1196 :
308 1167 327 1191 ‹<
358 1151 729 1211 Appropinquetis
752 1148 966 1202 audacter,
994 1164 1073 1206 ego
1100 1164 1190 1193 non
1209 1146 1405 1193 evolabo.
1440 1164 1460 1189 »

128 1234 390 1291 Interrogata
416 1248 469 1276 an
498 1233 586 1289 ipsa
613 1230 773 1275 viderat
809 1230 875 1274 vel
905 1230 1058 1274 fecerat
1090 1229 1181 1272 fieri
1215 1228 1377 1288 aliquas
1411 1230 1619 1285 imagines
1652 1227 1719 1273 vel

71 1319 252 1377 picturas
292 1318 517 1376 ipsiusmet
552 1328 594 1360 et
637 1314 687 1359 ad
721 1330 844 1359 suam
876 1322 885 1348 5
925 1312 1261 1359 similitudinem
1295 1330 1303 1356 :
1347 1311 1567 1370 respondit
1606 1311 1725 1370 quod

70 1401 176 1446 vidit
203 1403 247 1446 in
269 1400 497 1445 Attrebato
526 1400 540 1425 ⁶
562 1416 695 1445 unam
724 1400 932 1459 picturam
962 1400 1005 1443 in
1033 1414 1165 1442 manu
1189 1396 1412 1455 cujusdam
1436 1397 1572 1450 Scoti3
1601 1408 1642 1440 et
1667 1394 1725 1439 ibi

72 1498 157 1531 erat
182 1484 424 1530 similitudo
446 1485 580 1543 ipsius
605 1483 817 1543 Johannae
851 1484 1036 1527 omnino
1063 1494 1250 1534 armatae,
1275 1481 1571 1539 praesentantis
1598 1495 1727 1539 quas—

72 1569 171 1615 dam
195 1569 354 1614 litteras
374 1585 454 1614 suo
479 1569 565 1627 regi
583 1576 614 1624 7,
643 1583 744 1613 cum
763 1583 854 1612 uno
872 1582 987 1624 genu
1012 1566 1138 1611 flexo.
1160 1566 1210 1611 Et
1231 1564 1342 1609 dixit
1361 1563 1479 1624 quod
1499 1579 1726 1622 nunquam

74 1653 179 1698 vidit
207 1665 281 1697 aut
308 1653 404 1696 fecit
432 1652 519 1696 fieri
551 1652 675 1696 aliam
698 1652 933 1708 imaginem
960 1650 1027 1694 vel
1050 1651 1259 1708 picturam
1281 1650 1365 1696 sui.

77 1852 246 1891 derriere
269 1864 341 1889 son
362 1849 562 1897 heaulme,
591 1858 627 1888 et
653 1848 711 1887 s’il
736 1864 761 1902 y
783 1848 889 1887 avoir
911 1861 1065 1886 aucune
1085 1847 1206 1886 chose
1229 1854 1320 1886 ront
1344 1860 1351 1884 z
1377 1834 1586 1898 respond}
1612 1861 1629 1882 «
1656 1846 1729 1884 Par

75 1937 138 1963 ma
162 1923 246 1977 foy,
273 1923 298 1961 il
322 1922 389 1977 n'y
409 1923 517 1961 avoit
540 1922 641 1960 rien.
672 1938 688 1954 n

128 1996 383 2048 Interroguee
420 1993 528 2033 s’elle
562 2002 762 2046 congnust
793 2005 971 2046 oncques
1005 1991 1104 2030 frere
1133 1990 1273 2030 Ricard
1300 2005 1307 2028 :
1331 1989 1503 2042 respond
1529 2003 1536 2028 :
1572 2006 1590 2025 (ε
1612 1990 1656 2038 Je
1679 2002 1728 2030 ne

75 2067 224 2121 l'avoys
249 2080 425 2120 oncques
444 2079 535 2112 veu,
564 2075 685 2120 quant
709 2066 744 2117 je
765 2065 854 2103 vius
873 2064 1018 2103 devant
1037 2064 1207 2117 Troyes.
1231 2079 1250 2099 >³

130 2140 386 2193 Interroguee
411 2137 543 2192 quelle
566 2138 696 2176 chiere
717 2136 815 2176 frere
841 2136 981 2175 Ricard
1008 2136 1062 2175 lui
1097 2135 1184 2175 feist
1208 2149 1215 2173 ε
1244 2134 1417 2189 respond
1441 2147 1516 2188 que
1542 2133 1656 2174 ceulx
1680 2133 1728 2173 de

78 2211 113 2251 la
133 2210 226 2250 ville
249 2211 296 2249 de
328 2210 495 2264 Troyes‚
533 2222 691 2247 comme
727 2207 801 2246 elle
836 2221 974 2262 pense,
1008 2207 1273 2246 l’envoierent
1306 2206 1444 2245 devers
1472 2205 1563 2253 elle,
1600 2205 1731 2245 disans

79 2296 153 2337 que
175 2282 228 2321 ilz
253 2281 491 2321 doubtoient
507 2294 582 2334 que
605 2294 648 2319 ce
669 2294 716 2319 ne
732 2279 834 2318 feust
854 2293 922 2334 pas
945 2279 1065 2318 chose
1082 2279 1129 2317 de
1152 2292 1220 2332 par
1242 2279 1366 2326 Dieu3
1391 2287 1428 2317 et
1452 2287 1575 2331 quant
1597 2277 1620 2316 il
1647 2278 1732 2316 vint

81 2354 217 2393 devers
241 2353 333 2403 elle,
362 2367 410 2391 en
445 2352 738 2407 applouchant,
767 2351 792 2390 il
815 2350 949 2390 faisoit
976 2352 1089 2404 signe
1118 2350 1221 2389 dela
1246 2350 1369 2398 croix,
1399 2359 1437 2389 et
1463 2349 1614 2402 gectoit
1635 2362 1732 2388 eane

82 2424 278 2474 benoicte‚
303 2434 340 2464 et
361 2424 436 2463 elle
461 2424 515 2463 lui
539 2424 614 2463 dist
643 2438 649 2462 :
675 2440 692 2460 α
719 2423 985 2477 Approuchez
1013 2407 1337 2475 hardiementsje
1359 2435 1408 2462 ne
1434 2419 1733 2474 m’envouleray

85 2511 166 2552 pas.
191 2514 208 2534 »

136 2570 392 2622 Interroguee
432 2567 538 2607 s'elle
572 2568 675 2607 avait
704 2568 818 2620 point
851 2581 944 2615 ven,
977 2580 1028 2605 ou
1065 2566 1134 2605 fait
1164 2565 1258 2605 faire
1293 2579 1443 2613 aucuns
1470 2565 1648 2619 ymaiges
1680 2578 1732 2602 ou

83 2641 304 2694 painctures
324 2640 440 2679 d'elle
460 2650 497 2679 et
519 2640 539 2679 a
555 2654 595 2678 sa
617 2639 842 2679 semblance
865 2654 871 2677 :
896 2638 1068 2692 respond
1086 2637 1229 2692 qu'elle
1251 2638 1306 2676 vit
1329 2638 1348 2676 ἐι
1370 2638 1486 2675 Arras
1505 2650 1582 2675 une
1599 2637 1733 2690 paine-

81 2722 166 2751 ture
191 2726 238 2751 en
259 2712 294 2751 la
319 2712 426 2750 main
447 2711 539 2750 d’un
566 2712 700 2759 Escot‚
725 2720 762 2751 ct
783 2724 807 2764 y
826 2711 932 2749 avoir
954 2709 988 2749 la
1011 2708 1237 2749 semblance
1260 2708 1372 2748 d'elle
1395 2717 1505 2749 toute
1527 2709 1673 2756 armee,
1697 2717 1735 2746 et

83 2785 300 2837 presentoit
323 2797 419 2824 unes
435 2783 574 2823 lectres
596 2783 615 2822 a
634 2796 707 2821 son
731 2796 816 2836 roy,
841 2791 878 2820 et
902 2782 1020 2821 estoit
1041 2780 1276 2834 agenoullee
1302 2780 1395 2820 d'uu
1419 2779 1585 2833 genoul.
1611 2781 1657 2819 Et
1678 2779 1736 2817 dit

83 2869 158 2909 que
180 2869 356 2909 oncques
381 2869 430 2894 ne
455 2856 511 2893 vit
535 2868 588 2893 ou
608 2853 670 2893 fist
693 2853 786 2892 faire
817 2863 924 2892 autre
953 2854 1111 2906 ymaige
1133 2866 1185 2891 ou
1208 2853 1390 2905 painture
1410 2852 1429 2890 a
1449 2852 1483 2890 la
1508 2851 1733 2890 semblance

86 2926 214 2967 d‘elle.

138 3098 167 3122 1.
189 3088 219 3122 A
243 3101 252 3121 .·
272 3089 318 3121 ibi
337 3088 535 3134 aliquid.——
551 3098 581 3121 2.
603 3087 629 3120 Β
647 3098 691 3121 en
710 3098 846 3131 marge:
870 3084 1210 3132 DefrnlreRz'rardo.
1234 3106 1276 3110 —
1302 3096 1332 3130 3.
1359 3085 1570 3120 C:estsm‹1t.
1607 3105 1629 3108 *-
1643 3095 1676 3126 4.
1701 3084 1731 3117 A

99 3147 215 3193 ajoute
242 3148 412 3181 Ricardns.
444 3168 491 3172 Μ
515 3157 545 3189 5.
570 3147 601 3181 A
627 3159 636 3180 .·
657 3148 719 3181 wi.
746 3168 789 3171 —-
809 3146 841 3180 6.
865 3146 931 3179 AC
955 3159 964 3179 .·
988 3146 1177 3179 Αίίναῖηιίο.
1207 3166 1252 3169 —
1280 3155 1313 3189 7.
1335 3145 1365 3178 A
1390 3157 1399 3179 .·
1424 3146 1492 3186 rusi
1512 3157 1583 3178 ΗΜ.
