2099 3356
349 210 431 240 120
627 196 783 240 PRoci-:s
815 210 873 239 DE
904 208 1256 240 CONDAMNATION
1288 210 1345 240 DE
1376 211 1547 252 JEANNE
1579 196 1709 242 D’ARC

403 313 666 369 Interrogata
701 322 847 353 utrum
888 310 958 354 ille
990 309 1121 354 saltus
1153 309 1281 354 fuerit
1303 309 1436 354 factus
1470 327 1543 370 per
1567 310 1798 356 consilium
1822 328 1979 357 vocum

345 410 521 440 suarum
546 411 555 438 ι
580 392 802 452 respondit
829 392 946 452 quod
975 406 1115 438 sancta
1137 393 1369 438 Katharina
1393 393 1557 439 dicebat
1601 396 1639 439 ei
1672 394 1758 440 fere
1791 396 1986 454 quotidie

345 477 465 538 quod
485 494 575 522 non
619 477 800 527 saltaret,
848 489 889 521 et
909 477 1026 535 quod
1060 477 1180 521 Deus
1226 476 1444 535 adjuvaret
1471 493 1564 522 eam
1584 494 1629 523 ac
1656 480 1785 523 etiam
1813 479 1908 523 illos
1934 479 1985 525 de

346 560 641 620 Compendio.
685 561 736 604 Et
763 559 910 605 eadem
954 560 1154 617 johanna
1201 559 1307 604 dixit
1359 574 1514 605 sanctae
1544 561 1789 606 Katharinae
1812 561 1983 622 [quod],

347 658 575 705 postquam
599 645 717 688 Deus
752 643 969 702 adjuvaret
1012 644 1109 688 illos
1141 643 1193 688 de
1227 644 1522 703 Compendio‚
1569 647 1658 704 ipsa
1691 645 1860 690 volebat
1902 646 1988 692 illic

348 745 451 773 esse.
475 728 600 772 Tunc
632 740 776 773 sancta
798 728 1032 772 Katharina
1058 728 1163 773 dixit
1182 729 1219 772 ei
1250 745 1257 771 :
1304 744 1323 768 «
1354 729 1454 772 Sine
1480 727 1647 773 defectu
1681 741 1848 788 oportet
1869 729 1985 788 quod

347 813 558 870 accipiatis
577 824 791 870 gratanter
809 829 820 866 3
843 824 883 855 et
904 827 992 855 non
1020 812 1136 855 eritis
1158 810 1369 869 expedita,
1388 827 1616 870 quousque
1637 812 1828 856 videritis
1843 828 1986 871 regem

349 896 612 954 Anglorum.
646 911 666 934 »
694 895 743 939 Et
770 894 880 940 dicta
900 894 1098 952 Johanna
1131 894 1351 953 respondit
1382 912 1390 939 ε
1425 911 1444 935 «
1467 896 1700 947 Veraciter,
1730 912 1810 954 ego
1833 896 1987 942 vellem

351 996 439 1024 non
469 978 611 1023 videre
626 980 784 1038 ipsum,
807 992 847 1023 et
870 978 1042 1023 mallem
1069 980 1178 1024 mori
1200 994 1331 1038 quam
1347 995 1435 1023 esse
1458 981 1596 1037 posita
1621 980 1664 1023 in
1681 995 1810 1024 manu
1835 980 1991 1038 Angli-

349 1079 517 1108 corum.
541 1080 561 1103 ›>

413 1148 675 1205 Interrogata
695 1160 844 1191 utrum
890 1149 976 1205 ipsa
1010 1147 1162 1192 dixerit
1193 1156 1200 1173 ¹
1229 1148 1384 1192 sanctis
1415 1147 1661 1192 Katharinae
1683 1161 1724 1192 et
1741 1149 1991 1207 Margaretae

356 1230 608 1289 hujusmodi
631 1230 755 1275 verba
784 1248 790 1274 :
832 1248 851 1271 «
883 1232 1089 1274 Dimittet
1119 1231 1237 1275 Deus
1265 1233 1318 1275 ita
1341 1231 1450 1274 male
1479 1232 1589 1275 mori
1609 1230 1742 1275 bonas
1773 1244 1920 1290 gentes
1940 1231 1992 1276 de

358 1314 636 1373 Compendio
663 1315 679 1358 ?
708 1332 726 1354 »
762 1332 768 1357 :
795 1314 1014 1373 respondit
1036 1313 1153 1372 quod
1191 1330 1280 1358 non
1308 1314 1416 1359 dixit
1456 1314 1562 1358 illud
1585 1313 1766 1359 verbum
1793 1318 1849 1360 ita
1871 1316 1989 1370 male,

353 1398 424 1442 sed
447 1398 554 1442 dixit
579 1400 638 1441 eis
667 1399 709 1441 in
737 1398 851 1442 hunc
881 1397 1062 1442 modum
1090 1416 1097 1441 :
1144 1415 1162 1438 ‹<
1201 1397 1443 1449 Quomodo
1489 1397 1678 1442 dimittet
1722 1399 1841 1442 Deus
1881 1400 1992 1443 mori

356 1483 454 1526 istas
487 1481 619 1526 bonas
645 1495 793 1540 gentes
820 1482 871 1526 de
905 1481 1198 1540 Compendio,
1225 1498 1321 1541 quse
1362 1481 1537 1525 fuerunt
1576 1494 1617 1525 et
1644 1494 1745 1525 sunt
1772 1483 1828 1526 ita
1850 1481 1994 1526 fideles

357 1565 538 1611 domino
554 1567 654 1610 suo!
686 1583 705 1606 »
729 1567 837 1610 Item
854 1565 956 1610 dicit
972 1565 1105 1624 quod,
1120 1578 1346 1624 postquam
1375 1564 1525 1609 cecidit
1552 1582 1572 1609 a
1601 1566 1707 1609 turri
1735 1564 1992 1623 supradicta,

355 1651 442 1708 ipsa
463 1649 544 1694 fuit
563 1666 636 1708 per
657 1649 766 1695 duos
805 1663 878 1694 aut
917 1662 999 1694 tres
1047 1649 1135 1694 dies
1177 1648 1334 1708 quibus
1370 1648 1595 1694 comedere
1618 1664 1707 1693 non
1731 1649 1916 1704 volebat,
1946 1665 1993 1693 ac

413 1889 667 1940 Interroguee
692 1900 731 1926 se
748 1901 791 1926 ce
814 1887 983 1934 sault,ce
1006 1887 1063 1925 fut
1084 1886 1135 1925 du
1162 1886 1312 1925 conseil
1335 1886 1381 1925 de
1404 1900 1463 1925 ses
1483 1886 1573 1925 voix
1599 1900 1605 1924 :
1635 1887 1823 1939 respond,
1845 1887 1992 1926 saincte

357 1960 577 1998 Katlierine
604 1958 671 2011 luy
693 1959 812 1997 disoit
846 1972 1014 2012 presque
1042 1968 1132 1997 tous
1157 1958 1212 1997 les
1234 1960 1342 2011 jours
1360 1957 1504 2011 qu'elle
1540 1971 1587 1996 ne
1619 1957 1756 1997 saillist
1785 1959 1915 2011 point,
1956 1968 1993 1998 et

356 2045 432 2084 que
467 2032 567 2069 Dieu
612 2030 678 2083 lu)v
702 2030 882 2078 aideroit,
919 2040 955 2069 et
995 2031 1207 2068 mesmesa
1242 2029 1354 2068 cculx
1377 2029 1424 2068 de
1465 2030 1746 2082 Compiegne3
1782 2039 1818 2068 et
1855 2030 1996 2069 ladicte

355 2103 533 2152 Jehanne
549 2102 625 2141 dist
649 2104 669 2140 a
691 2102 837 2140 saincte
857 2102 1084 2148 Katherine,
1103 2101 1190 2154 puis
1212 2114 1287 2154 que
1315 2102 1415 2140 Dieu
1435 2101 1603 2140 aideroit
1627 2101 1647 2139 a
1669 2101 1781 2140 ceulx
1805 2101 1851 2140 de
1876 2102 1996 2141 Com-

359 2175 517 2227 piegne,
545 2173 619 2212 elle
638 2187 661 2226 y
683 2173 839 2212 vouloit
855 2182 969 2212 estre.
998 2173 1045 2211 Et
1069 2173 1216 2212 saincte
1232 2173 1446 2211 Katherine
1472 2172 1628 2225 luydist
1653 2187 1660 2210 ε
1688 2189 1706 2208 «
1732 2172 1830 2211 Sans
1855 2172 1995 2221 fauste,

358 2245 382 2283 il
408 2245 504 2283 fault
527 2259 603 2298 que
626 2246 766 2297 prenes
785 2259 833 2283 en
852 2245 935 2297 gre,
961 2253 998 2282 et
1013 2258 1060 2282 ne
1082 2245 1202 2283 series
1227 2245 1340 2297 point
1362 2243 1586 2298 delivre[e],
1617 2253 1698 2283 tant
1724 2257 1799 2297 que
1820 2245 1898 2283 aie's
1920 2258 1995 2283 veu

361 2317 394 2355 le
416 2330 486 2369 roy
511 2317 578 2355 des
604 2316 799 2369 Angloys.
826 2333 844 2352 ›>
884 2318 929 2355 Et
948 2316 1090 2355 ladicte
1110 2317 1288 2365 Jehanne
1311 2315 1545 2368 respondoit
1572 2330 1578 2354 :
1619 2332 1637 2351 ‹<
1664 2317 1933 2368 Vrayement!
1960 2317 1995 2368 je

359 2402 406 2427 ne
423 2388 457 2426 le
475 2388 671 2427 voulsisse
693 2388 805 2441 point
825 2389 935 2426 veoir
959 2403 966 2425 :
993 2389 1197 2440 j'aymasse
1221 2387 1368 2426 mieulx
1394 2388 1545 2426 mourir
1566 2400 1642 2440 que
1664 2387 1803 2426 d'estre
1829 2388 1927 2426 mise
1946 2401 1994 2426 en

360 2459 393 2498 la
416 2460 522 2498 main
549 2459 615 2497 des
646 2459 841 2512 Angloys.
870 2476 888 2495 »

414 2531 670 2583 Interroguee
698 2530 805 2569 s'elle
827 2531 934 2569 avoit
972 2531 1028 2569 dit
1058 2531 1077 2568 a
1100 2531 1246 2569 saincte
1274 2530 1488 2568 Katherine
1509 2539 1546 2568 et
1573 2530 1697 2568 sainte
1721 2530 1960 2582 Marguerite
1985 2544 1992 2567 :

361 2618 378 2636 «
402 2601 511 2639 Laira
535 2602 633 2639 Dieu
670 2602 821 2639 mourir
841 2602 871 2639 si
905 2602 1217 2640 mauvaisement
1242 2614 1305 2640 ces
1326 2600 1480 2639 bonnes
1519 2614 1617 2653 gens
1639 2600 1686 2639 de
1728 2601 1994 2653 Compiegne,

360 2673 462 2711 etc.?
481 2689 499 2707 »
521 2685 527 2710 :
557 2672 727 2725 respond
742 2672 885 2725 qu'elle
909 2672 1162 2725 n‘apointdit
1180 2673 1241 2711 «si
1255 2672 1624 2719 mauvaisement»;
1653 2671 1845 2710 maisleur
1860 2671 1936 2711 dist
1948 2685 1995 2710 en

359 2744 457 2782 celle
479 2745 680 2783 maniere:
708 2763 723 2777 «
769 2745 937 2782 Comme
966 2744 1059 2782 laira
1094 2745 1194 2782 Dieu
1230 2744 1379 2782 mourir
1395 2743 1630 2795 ceslbonnes
1651 2757 1748 2796 gens
1787 2744 1833 2783 de
1878 2744 1997 2783 Com-

361 2815 520 2867 piegne,
545 2816 611 2868 qui
637 2825 706 2853 ont
725 2817 805 2854 este'
827 2824 863 2853 et
885 2824 975 2853 sont
991 2816 1020 2853 si
1052 2814 1208 2868 loyaulz
1228 2815 1247 2853 a
1269 2815 1353 2853 leur
1377 2815 1582 2867 seigneur!
1609 2830 1628 2850 »

413 2888 522 2933 Item,
546 2887 705 2939 ditque‚
729 2887 818 2939 puis
843 2886 985 2940 qu'elle
1007 2886 1065 2925 fut
1081 2887 1219 2934 chene,
1241 2886 1314 2925 elle
1332 2885 1392 2925 fut
1412 2887 1514 2925 deux
1536 2899 1588 2924 ou
1611 2886 1709 2924 trois
1730 2887 1836 2938 jours
1851 2870 1996 2939 qu’e-lle

414 3106 443 3129 1.
467 3094 534 3130 AC
557 3107 567 3129 :
585 3094 726 3129 dixerat.
