2099 3356
398 167 555 211 PRoc'Es
589 182 644 211 DE
676 182 1027 212 CONDAMNATION
1064 183 1118 212 DE
1150 183 1316 224 JssANNE
1350 169 1478 213 D'ARC
1569 204 1572 205 ν
1672 172 1754 224 269

111 292 169 324 tat
189 294 232 324 se
254 280 449 324 Ecclesiae
469 280 689 334 militanti,
709 296 806 339 quae
827 294 889 324 est
910 281 952 324 in
979 283 1114 335 terris,
1140 298 1216 326 nec
1244 281 1405 340 judicio
1429 284 1521 340 ejus
1547 299 1555 325 :
1585 298 1758 339 respon-

38 346 42 351 Ι
108 362 170 407 dit
194 362 312 421 quod
342 364 429 421 ipsa
451 380 541 407 non
564 362 794 422 respondet
816 364 979 422 aliquid
997 364 1116 424 quod
1133 367 1310 424 accipiat
1335 367 1378 409 in
1400 368 1536 424 capite
1564 382 1643 410 suo
1661 365 1757 420 ;sed

110 446 216 491 illud
240 445 357 505 quod
380 445 611 505 respondet
634 459 695 490 est
716 446 767 491 de
788 461 998 506 praecepto
1019 464 1193 493 suarum
1215 465 1372 494 vocum
1392 468 1402 504 ;
1429 463 1469 494 et
1491 466 1580 493 non
1609 450 1758 508 praeci—

110 531 236 588 piunt
264 530 370 587 quin
393 531 481 587 ipsa
502 529 674 573 obediat
701 530 911 581 Ecclesiae,
942 531 1037 575 Deo
1065 533 1267 589 primitus
1282 533 1456 577 servito.

172 614 436 672 Interrogata
462 614 512 668 si,
540 612 653 672 apud
681 627 865 658 castrum
895 613 946 658 de
968 616 1221 670 Beaurevoir,
1246 616 1313 659 vel
1341 616 1565 660 Attrebato
1598 625 1625 666 ¹,
1655 616 1719 659 vel
1743 624 1756 641 2

112 696 228 750 alibi,
259 696 441 741 habebat
472 697 593 741 limas
620 711 628 740 :
658 696 879 755 respondit
910 715 917 742 :
952 715 972 738 «
1003 699 1045 742 Si
1073 713 1248 757 repertae
1275 712 1376 744 sunt
1406 715 1532 758 supra
1563 716 1648 753 me,
1678 715 1758 757 ego

113 796 202 824 non
230 780 365 824 habeo
399 780 450 824 de
479 781 561 824 hoc
583 780 705 825 vobis
729 780 845 825 aliud
868 781 1144 840 respondere.
1190 800 1208 822 »

175 863 347 916 Quibus
373 865 431 908 sic
462 866 652 922 peractis,
681 864 733 909 ab
766 864 920 909 eodem
945 865 1041 910 loco
1066 865 1353 921 discessimus,
1385 867 1564 911 ulterius
1587 883 1760 925 proces-

111 949 199 991 suri
226 947 278 992 ad
302 964 349 991 ea
372 964 468 1006 quae
497 947 710 992 restabant
736 948 899 1007 agenda
933 951 977 993 in
1003 951 1198 1009 praesenti
1221 966 1345 994 causa
1366 949 1479 994 fidei.

598 1180 714 1207 LUNAE
742 1181 769 1206 11
819 1167 914 1222 [111.,
951 1169 1044 1221 ΝΛ
1091 1179 1272 1209 APR1L183

172 1330 297 1384 Item,
323 1329 391 1374 die
415 1329 530 1374 lunae
554 1329 803 1374 immediate
824 1332 1038 1390 sequenti,
1058 1331 1243 1376 secunda
1259 1334 1419 1376 mensis
1451 1333 1610 1391 apriliS,
1643 1349 1759 1378 anno

115 1414 297 1458 Domini
331 1413 566 1458 millesimo
592 1410 1022 1473 quadringentesimo
1052 1430 1174 1459 xxx1.
1201 1429 1297 1474 post
1327 1416 1500 1470 Pascha,
1539 1430 1581 1461 et
1610 1416 1760 1462 diebus

115 1498 262 1541 martis
294 1510 336 1541 et
375 1499 592 1548 mercurii,
635 1510 793 1542 extunc
835 1498 1084 1543 immediate
1125 1498 1422 1558 sequentibus,
1466 1516 1562 1554 nos,
1602 1499 1764 1559 judices

114 1581 333 1635 antedicti,
365 1597 452 1625 una
480 1598 581 1626 cum
611 1582 826 1641 aliquibus
853 1581 1044 1626 dominis
1075 1596 1116 1626 et
1144 1584 1357 1641 magistris
1390 1583 1440 1627 ad
1470 1584 1551 1627 hoc
1591 1600 1663 1642 per
1686 1601 1766 1628 nos

113 1667 378 1719 convocatis,
401 1666 672 1710 visitavimus
698 1665 900 1710 articulos
927 1667 1123 1725 superius
1153 1666 1403 1724 descriptos,
1433 1668 1762 1727 interrogatoria

115 1761 157 1792 et
190 1751 492 1807 responsiones
538 1750 671 1808 ipsius
711 1749 938 1806 Johannae.
963 1751 1023 1793 Ex
1043 1750 1201 1809 quibus
1219 1750 1442 1805 omnibus,
1471 1764 1604 1795 certas
1627 1768 1763 1796 asser-

114 1835 255 1877 tiones
281 1846 323 1877 et
348 1835 665 1892 propositiones
681 1833 848 1878 extrahi
873 1834 1069 1889 fecimus,
1091 1834 1171 1878 sub
1195 1833 1333 1878 forma
1350 1834 1584 1879 duodecim
1608 1837 1762 1880 articu-

114 1916 273 1971 lorum,
304 1918 443 1962 multa
467 1917 684 1962 dictorum
712 1919 845 1976 ipsius
869 1918 1080 1975 Johannae
1104 1920 1358 1962 summatim
1386 1932 1427 1963 et
1452 1919 1760 1978 compendiose

114 2000 597 2059 comprehendentium.
626 2001 942 2059 Hujuscemodi
969 2003 1225 2046 assertiones
1251 2001 1500 2046 doctoribus
1532 2016 1573 2046 et
1601 2004 1759 2062 peritis,

115 2095 204 2125 tam
229 2083 272 2125 in
297 2084 389 2140 jure
410 2081 561 2127 divino
585 2099 717 2142 quam
740 2082 953 2136 humano,
983 2084 1272 2127 transmittere
1293 2083 1600 2138 conclusimus,
1626 2085 1763 2128 consi-

115 2165 170 2209 lia
187 2178 228 2210 et
249 2165 577 2210 deliberationes
599 2168 793 2225 ipsorum
806 2182 933 2225 super
956 2166 1037 2220 his,
1060 2168 1105 2210 in
1124 2166 1315 2211 favorem
1342 2167 1458 2221 fidei,
1485 2167 1761 2226 requirendo.

116 2394 230 2447 point
248 2395 268 2432 a
289 2393 449 2447 l’Eglise
474 2394 661 2441 militant,
688 2394 755 2447 qui
777 2403 834 2432 est
858 2408 908 2432 en
930 2403 1046 2442 terre,
1074 2407 1123 2433 ne
1156 2407 1205 2433 au
1235 2395 1441 2448 jugement
1468 2393 1621 2434 d’icelle
1652 2409 1659 2433 :
1685 2409 1764 2434 res-

114 2465 223 2519 pond
248 2465 393 2519 qu'elle
415 2479 463 2504 ne
480 2465 653 2518 respond
673 2465 794 2504 chose
816 2465 961 2518 qu'elle
983 2479 1161 2518 prengne
1177 2479 1227 2505 en
1252 2475 1401 2504 sateste
1420 2480 1428 2513 3
1449 2466 1546 2504 mais
1562 2480 1605 2505 ce
1620 2465 1763 2520 qu’elle

115 2537 304 2590 respond,
338 2536 433 2576 c’est
458 2537 509 2576 du
544 2537 897 2576 commandement
922 2536 1121 2585 d'icelles;
1154 2547 1191 2576 et
1238 2551 1286 2576 ne
1328 2537 1614 2577 commandent
1650 2538 1766 2591 point

116 2608 258 2663 qu’elle
284 2623 332 2648 ne
354 2609 509 2648 obeisse
533 2610 552 2647 a
574 2609 750 2662 l'Eglise,
771 2618 904 2648 nostre
928 2609 1012 2648 Sire
1043 2609 1215 2662 premier
1239 2609 1356 2648 servi.

174 2682 429 2733 Interroguee
451 2694 505 2727 se,
526 2681 545 2718 a
572 2681 812 2719 Beaurevoir
832 2690 871 2719 et
905 2682 1037 2727 ArraS,
1067 2694 1120 2719 ou
1155 2680 1328 2728 ailleurs,
1358 2679 1433 2719 elle
1463 2694 1483 2719 a
1513 2681 1628 2734 point
1649 2695 1698 2720 eu
1717 2681 1764 2720 de

119 2751 233 2790 limes
257 2766 265 2790 :
290 2753 462 2805 respond
489 2767 495 2790 ς
519 2769 538 2788 (ε
563 2754 612 2791 Se
633 2766 686 2791 on
702 2766 722 2790 a
746 2753 887 2791 trouve
912 2766 978 2790 sur
999 2765 1109 2804 moy,
1128 2752 1161 2804 je
1184 2766 1233 2790 ne
1249 2766 1348 2790 vous
1372 2765 1421 2790 en
1441 2766 1489 2805 ay
1513 2762 1620 2791 autre
1645 2754 1765 2792 chose

121 2823 140 2861 a
164 2824 394 2876 respondre.
428 2842 442 2859 »

176 3075 320 3111 1.AJ3C
345 3089 352 3111 ,·
380 3076 414 3109 in
437 3076 632 3110 Attrabato.
656 3097 700 3100 Ἀ
729 3087 760 3109 2.
782 3076 812 3109 A
839 3088 847 3108 :
869 3080 939 3108 aut.
963 3096 1007 3099 —
1031 3086 1059 3116 ς.
1083 3075 1133 3108 En
1163 3086 1282 3121 marge
1315 3075 1358 3109 dc
1386 3075 1492 3109 ΑΒΕ.
