2099 3356
313 204 421 248 350·
588 182 837 233 Pizocizs'DE
867 202 1217 233 CONDAMNATloN
1250 202 1306 233 DE
1337 202 1503 246 JEANNE
1536 188 1667 234 D’ARc

307 303 557 348 deliberavit
582 302 699 362 quod
733 301 845 347 dicta
866 301 1065 358 Johanna
1096 301 1236 346 adhuc
1272 302 1491 348 monenda
1522 315 1584 347 est
1613 305 1826 348 caritative
1843 321 1855 360 3
1889 317 1945 359 et,

303 389 393 446 ipsa
419 388 601 441 monita,
622 387 704 430 nisi
725 385 896 430 obediat
923 385 1134 440 Ecclesiae,
1158 385 1369 430 censenda
1393 398 1455 430 est
1482 387 1693 431 haeretica.

361 471 604 528 Religiosus
632 470 710 524 vir,
740 468 868 514 frater
896 469 1186 515 Ysambardus
1219 469 1271 514 de
1295 471 1417 514 Petra
1451 481 1533 515 stat
1563 472 1607 514 in
1639 486 1715 515 sua
1742 470 1947 515 delibera-

302 557 435 608 tione,
455 554 557 598 alias
573 569 646 612 per
668 555 810 611 ipsum
832 553 926 598 data
948 570 1048 598 cum
1064 554 1171 607 aliis,
1190 568 1249 597 lx.
1275 554 1445 612 aprilis3
1471 553 1671 598 addendo
1692 553 1812 612 quod
1837 553 1948 599 dicta

300 639 499 694 Johanna
525 645 535 663 ¹
562 636 704 681 adhuc
729 638 944 681 caritative
969 637 1189 682 monenda
1221 649 1300 692 est,
1336 649 1377 681 et
1402 636 1536 696 quod,
1572 637 1605 681 si
1640 638 1827 682 noluerit
1847 636 1946 682 obe-

303 720 392 765 dire
424 720 621 765 Ecclesiae
658 733 755 779 post
793 722 1102 775 monitionem,
1142 720 1194 765 de
1236 720 1372 766 modo
1409 721 1590 766 ulterius
1616 719 1873 780 procedendi
1902 735 1946 766 se

303 804 426 849 refert
443 804 494 849 ad
516 821 612 859 nos,
642 804 818 864 judices.

363 888 566 948 Magister
604 890 756 933 Petrus
807 889 1019 943 Mauricfi,
1073 890 1304 933 canonicus
1339 889 1524 934 ecclesiae
1565 889 1944 948 Rothomagensis,

302 987 428 1016 sacrae
461 972 692 1030 theologiae
720 972 886 1028 doctor,
917 984 998 1016 stat
1032 973 1078 1016 in
1105 972 1412 1017 deliberatione
1446 973 1547 1017 alias
1576 987 1650 1032 per
1675 974 1819 1032 ipsum
1852 972 1947 1017 data

300 1070 399 1099 cum
427 1055 518 1100 aliis
539 1055 802 1111 doctoribus,
825 1070 886 1100 1x.
916 1056 984 1101 die
1008 1056 1151 1114 aprilis
1172 1064 1212 1108 ²3
1236 1055 1384 1101 addito
1407 1056 1542 1115 quod,
1567 1071 1655 1101 una
1672 1055 1757 1111 die,
1787 1058 1945 1101 iterum

299 1140 516 1184 caritative
540 1141 628 1198 ipsa
654 1139 853 1196 Johanna
878 1152 1108 1184 moneatur
1131 1152 1172 1184 et
1195 1139 1434 1185 declaretur
1451 1142 1489 1184 ei
1511 1155 1639 1199 poena
1663 1154 1794 1199 quam
1816 1141 1947 1199 patie-

302 1236 387 1277 tur,
425 1224 458 1266 si
493 1223 681 1268 noluerit
715 1223 890 1268 obedire
925 1236 966 1268 et
997 1239 1041 1268 se
1076 1223 1329 1268 submittere
1371 1223 1594 1276 Ecclesiae3
1633 1224 1676 1267 in
1707 1239 1796 1282 quo
1829 1238 1942 1275 casu,

301 1306 418 1365 quod
445 1315 455 1339 ⁵
486 1307 643 1352 scilicet
671 1307 908 1352 remanebit
932 1306 1203 1361 inobediens,
1231 1307 1554 1366 procedendum
1579 1320 1643 1352 est
1658 1308 1855 1353 ulterius.

361 1390 566 1448 Magister
593 1390 788 1435 Thomas
818 1391 870 1436 de
894 1391 1148 1445 Courcelli5‚
1183 1392 1225 1435 in
1264 1406 1376 1435 sacra
1409 1391 1628 1449 theologia
1661 1390 1942 1445 bachalafius,

302 1475 575 1519 ecclesiarum
597 1474 895 1539 Laudunensis
921 1486 962 1518 et
989 1475 1252 1520 Morinensis
1274 1476 1610 1531 canonicus,stat
1633 1490 1734 1520 cum
1757 1474 1839 1519 illis
1871 1489 1947 1533 per

303 1576 404 1605 eum
429 1561 529 1605 alias
551 1559 794 1606 deliberatis
816 1571 831 1595 4
853 1576 950 1606 cum
981 1561 1086 1616 aliis,
1117 1576 1173 1605 ix.
1195 1561 1264 1606 die
1287 1569 1298 1590 ⁵
1327 1562 1485 1620 aprilis.
1504 1562 1552 1605 In
1581 1561 1673 1606 aliis
1693 1560 1947 1606 deliberavit

302 1656 430 1702 prout
455 1646 657 1703 magister
690 1646 840 1690 Petrus
875 1644 1071 1689 Mauricii
1103 1645 1343 1710 praedictus,
1381 1643 1582 1690 addendo
1607 1645 1742 1705 quod,
1786 1646 1820 1689 si
1853 1646 1944 1704 ipsa

298 1729 497 1784 Johanna
523 1729 709 1773 noluerit
739 1728 912 1774 obedire
938 1728 1133 1773 Ecclesiae
1160 1742 1255 1788 post
1296 1730 1606 1780 monitionem,
1642 1727 1852 1773 censenda
1880 1740 1943 1772 est

302 1813 515 1856 haeretica.

359 1897 561 1954 Magister
593 1896 797 1941 Nicolaus
823 1897 1030 1955 Aucupis,
1067 1896 1342 1941 ecclesiarum
1377 1896 1655 1941 Carnotensis
1688 1910 1728 1941 et
1762 1897 1937 1942 Rotho—

297 1981 508 2037 magensis
538 1982 787 2034 canonicus,
827 1982 1027 2039 magister
1058 1982 1102 2024 in
1135 1980 1310 2031 artibus,
1354 1979 1606 2025 deliberavit
1639 1980 1937 2035 conformiter,

297 2076 425 2121 prout
453 2065 654 2122 magister
675 2063 872 2108 Thomas
891 2063 943 2108 de
972 2064 1221 2118 Courcellis,
1250 2063 1498 2108 immediate
1526 2066 1791 2109 nominatus.

351 2259 484 2299 Frater
510 2259 752 2300 Ysembardus
771 2260 813 2300 de
830 2262 941 2300 Petra
960 2265 1031 2300 stat
1053 2275 1136 2300 cum
1155 2260 1412 2300 deliberatione
1438 2260 1533 2300 alias
1552 2267 1617 2315 per
1637 2275 1720 2300 eum
1740 2259 1862 2315 [data]
1877 2274 1891 2307 ;
1907 2266 1939 2300 et

298 2331 430 2371 iterum
455 2337 668 2379 moncatum
689 2337 720 2371 et
743 2331 784 2371 de
804 2331 891 2372 aliis
912 2346 946 2371 se
965 2332 1079 2385 refert
1097 2332 1145 2371 ad
1167 2332 1330 2371 dominos
1342 2331 1497 2386 judices.

352 2403 532 2456 Magister
551 2405 683 2443 Petrus
706 2403 888 2443 Mauricii
906 2418 940 2443 se
963 2403 1074 2456 refert
1098 2403 1145 2443 ad
1169 2417 1208 2442 ea
1227 2410 1292 2457 per
1312 2418 1393 2443 eum
1415 2403 1508 2443 alias
1527 2402 1738 2451 deliberata,
1763 2407 1794 2442 et
1813 2404 1939 2442 inuno

293 2474 350 2513 die
370 2480 561 2514 moneatur
579 2481 610 2514 et
631 2475 835 2515 declaretur
852 2475 965 2515 eidem
983 2481 1092 2530 paena
1106 2490 1119 2521 ,·
1143 2480 1174 2514 et
1195 2475 1332 2522 deinde,
1356 2475 1388 2514 si
1408 2475 1567 2514 noluerit
1591 2474 1746 2524 obedire,
1766 2474 1940 2529 proceda-

297 2550 361 2584 tur
382 2545 551 2586 ulterius.

351 2617 527 2670 Magister
558 2618 713 2658 Thomas
741 2617 781 2657 de
811 2618 1012 2658 Courcellis
1036 2622 1107 2658 stat
1140 2618 1179 2657 in
1211 2618 1305 2657 alias
1329 2625 1396 2672 per
1422 2632 1505 2657 eum
1535 2617 1744 2658 deliberatis
1773 2623 1805 2657 et
1833 2617 1937 2657 addit

295 2688 404 2741 quod,
429 2689 514 2736 nisi,
542 2690 733 2728 caritative
760 2690 908 2737 monita,
937 2689 1027 2729 velit
1052 2690 1184 2739 redire,
1207 2694 1351 2744 reputat
1372 2703 1450 2728 eam
1484 2689 1704 2738 haereticam,
1734 2694 1766 2728 et
1789 2689 1830 2728 de
1852 2689 1940 2729 aliis

295 2764 336 2798 ut
355 2760 568 2812 praecedens.

349 2831 529 2883 Magister
546 2831 723 2872 Nicotaus
747 2832 978 2886 Loyseleur,
1004 2838 1043 2872 ut
1059 2832 1273 2886 praecedens.

353 3043 380 3066 1.
399 3033 428 3067 C
445 3045 454 3067 :
474 3034 609 3068 mulier.
630 3054 677 3059 ——
695 3044 725 3073 22
743 3034 775 3069 A
798 3033 915 3081 ajoute
935 3035 989 3070 hoc
1009 3036 1138 3071 devant
1157 3035 1282 3070 addito.
1313 3055 1359 3061 --
1379 3045 1408 3081 3.
1429 3035 1460 3072 C
1479 3047 1489 3070 .·
1509 3047 1582 3082 quo.
1611 3055 1659 3060 —
1677 3045 1715 3077 4.
1738 3036 1768 3069 Α
1790 3047 1800 3069 ;
1817 3039 1882 3069 stat
1901 3034 1935 3068 in

300 3091 379 3125 <dits
396 3093 478 3126 relius
494 3100 550 3139 per
570 3094 675 3139 ipsum
694 3094 894 3129 deliberatis.
924 3116 969 3120 κ
998 3104 1028 3138 5.
1058 3095 1125 3130 AC
1137 3103 1311 3130 omettent
1332 3095 1394 3129 die.
