2099 3356
342 216 424 261 322
621 202 780 245 PRoci'ss
813 216 868 245 DE
907 215 1259 246 coNDAMNATtoN
1292 217 1347 246 DE
1374 216 1538 258 JJ-:ANNE
1569 201 1699 247 D’ARC

397 316 522 369 Item,
551 314 657 358 dum
678 313 985 358 admoneretur
1004 326 1045 358 et
1063 313 1142 358 sibi
1169 326 1489 372 exponerentur
1508 330 1556 359 ea
1580 329 1676 374 quae
1699 315 1979 359 continentur

339 400 383 443 in
406 411 559 457 quarto
585 397 766 442 articulo
799 396 987 455 praed-icti
1023 398 1289 442 memorialis
1322 415 1330 441 :
1369 397 1588 457 respondit
1618 397 1736 457 quod
1759 413 1850 442 non
1876 397 1982 442 blas-

339 481 569 540 phemabat
587 482 733 524 Deum
756 495 834 524 nec
858 481 1049 525 Sanctas.

399 565 559 609 Iterum
586 573 594 589 ¹
622 563 844 608 admonita
871 565 988 622 quod
1026 564 1247 609 desisteret
1278 581 1300 609 a
1336 565 1551 623 portando
1588 565 1785 609 habiturn
1816 564 1981 608 virilem

341 661 381 692 et
400 664 421 691 a
443 647 655 691 credendo
673 646 791 706 quod
818 647 925 692 bene
949 647 1070 692 faciat
1100 649 1143 692 in
1170 648 1382 707 portando
1407 650 1566 707 ipsum,
1597 647 1804 708 quodque
1829 649 1984 706 recipe—

339 744 400 776 ret
433 730 631 775 habitum
657 731 915 775 muliebrem
940 748 948 775 ε
986 731 1208 790 respondit
1241 732 1359 791 quod
1390 731 1442 776 de
1474 732 1555 776 hoc
1583 744 1672 776 non
1698 732 1820 776 faciet
1846 731 1978 776 aliud.

395 815 521 866 Item,
552 815 813 873 interrogata
845 830 914 868 an,
951 817 1158 874 quotiens
1201 827 1359 860 sanctae
1390 816 1623 860 Katharina
1662 827 1703 860 et
1744 817 1981 874 Margareta

340 900 521 942 veniunt
545 898 597 942 ad
625 913 736 952 eam,
772 899 859 956 ipsa
900 914 943 943 se
981 900 1205 957 consignet
1232 901 1356 957 signo
1383 899 1520 943 crucis
1552 916 1560 943 ε
1604 898 1824 958 respondit
1863 898 1980 958 quod

340 981 571 1040 aliquando
592 981 690 1025 facit
717 983 890 1040 signum
918 983 1071 1033 crucis,
1100 995 1141 1026 et
1161 982 1395 1041 aliquando
1420 998 1527 1026 non.
1594 1034 1596 1037 Ι

400 1067 523 1119 Item,
556 1067 663 1109 circa
691 1080 738 1109 ea
769 1081 867 1124 quae
896 1064 976 1109 sibi
1003 1065 1256 1110 dicebantur
1282 1065 1334 1110 de
1361 1065 1711 1120 revelationibus,
1740 1078 1838 1120 etc.,
1868 1067 1984 1124 juxta

343 1161 539 1209 tenorem
567 1150 707 1208 quinti
739 1149 905 1192 articuli
949 1150 1212 1193 memorialis
1241 1149 1443 1194 antedicti
1482 1166 1489 1193 :
1528 1149 1748 1208 respondit
1778 1148 1896 1208 quod
1932 1148 1985 1193 de

343 1234 424 1277 hoc
446 1248 489 1276 se
509 1231 635 1277 refert
657 1247 736 1277 suo
761 1232 907 1290 judici,
935 1233 1096 1277 scilicet
1117 1233 1226 1278 Deo.
1251 1234 1301 1277 Et
1327 1230 1434 1277 dixit
1458 1232 1574 1291 quod
1597 1232 1878 1278 revelationes
1898 1248 1986 1278 suae

342 1330 443 1361 sunt
470 1333 492 1360 a
514 1318 624 1371 Deo,
647 1318 739 1360 sine
761 1316 844 1360 alio
866 1316 1029 1360 medio.

402 1401 663 1458 Interrogata
696 1415 766 1455 an,
801 1401 853 1446 de
886 1402 1011 1458 signo
1052 1398 1208 1445 tradito
1246 1401 1330 1458 regi
1370 1416 1465 1454 suo,
1495 1402 1582 1459 ipsa
1615 1401 1718 1444 velit
1751 1416 1794 1444 se
1833 1400 1985 1445 referre

342 1485 665 1544 archiepiscopo
694 1486 914 1539 Remensi,
949 1483 1135 1545 domino
1164 1484 1216 1529 de
1248 1485 1400 1529 Bousac
1425 1493 1457 1536 ²,
1480 1485 1639 1530 Karolo
1664 1484 1715 1530 de
1746 1484 1982 1540 Borbonio,

395 1690 506 1736 Ilem,
526 1688 782 1728 l’exortacion
808 1698 816 1721 3
840 1702 917 1742 que
939 1701 990 1727 on
1013 1688 1081 1741 luy
1099 1687 1247 1736 faisoit,
1274 1687 1367 1727 c’est
1388 1689 1561 1728 assavoir
1583 1702 1675 1741 que,
1703 1702 1750 1727 en
1776 1702 1819 1728 ce
1838 1688 1983 1742 qu’elle

343 1760 461 1799 disoit
489 1774 564 1814 que
590 1759 664 1799 elle
689 1759 821 1799 faisoit
846 1759 952 1807 bien,
976 1770 1013 1799 et
1034 1759 1176 1814 qu'elle
1212 1773 1259 1798 ne
1291 1760 1468 1812 peicl‘ioit
1490 1761 1603 1813 point
1634 1773 1680 1798 en
1709 1769 1866 1813 portant
1888 1760 1983 1800 ledit

342 1831 466 1880 habit,
493 1846 585 1870 avec
610 1832 665 1870 les
693 1833 984 1871 circonstances
1013 1831 1205 1870 touchant
1227 1831 1261 1870 le
1292 1830 1361 1870 fait
1385 1831 1432 1870 de
1468 1832 1635 1884 prandre
1667 1842 1704 1870 et
1734 1841 1867 1884 porter
1891 1832 1987 1870 ledit

343 1902 437 1951 abit,
467 1913 504 1942 et
529 1917 576 1942 en
608 1917 651 1942 ce
676 1901 819 1957 qu’elle
845 1902 965 1942 disoit
995 1916 1071 1956 que
1099 1901 1199 1941 Dieu
1229 1912 1265 1941 et
1305 1900 1360 1941 les
1393 1900 1546 1942 Saincts
1573 1902 1638 1956 luy
1666 1902 1850 1942 faisoient
1875 1902 1984 1950 faire,
2039 1916 2041 1918 ·

343 1974 417 2013 elle
444 1974 498 2013 les
524 1974 788 2027 blaphemoit,
812 1988 970 2014 comme
991 1974 1079 2028 plus
1105 1973 1124 2013 ἐι
1156 1973 1261 2027 plain
1295 1984 1353 2012 est
1380 1984 1555 2013 contenu
1583 1988 1630 2013 en
1661 1974 1802 2013 ladicte
1831 1974 1985 2023 cedule,

343 2044 417 2085 elle
445 2046 565 2085 erroit
590 2057 627 2085 et
651 2044 784 2086 faisoit
816 2045 891 2085 mal
918 2059 925 2086 :
959 2044 1133 2099 respond
1168 2043 1309 2099 qu’elle
1339 2059 1387 2085 ne
1420 2046 1631 2098 blapheme
1665 2047 1779 2099 point
1804 2046 1905 2085 Dieu
1938 2060 1986 2085 ne

344 2131 404 2156 ses
424 2117 592 2157 Saincts.

394 2191 502 2237 Item,
525 2190 809 2228 admonnestee
835 2189 882 2228 de
911 2203 951 2228 se
976 2189 1140 2228 desistes
1165 2190 1212 2228 de
1244 2199 1378 2241 porter
1404 2189 1512 2228 l'abit
1542 2198 1578 2227 et
1600 2189 1646 2227 de
1683 2189 1810 2228 croire
1838 2188 1984 2242 qu'elle

341 2259 422 2299 face
442 2260 531 2299 bien
554 2259 602 2299 de
630 2261 664 2300 le
693 2269 840 2314 porter,
868 2271 904 2299 et
931 2259 977 2299 de
1004 2260 1215 2313 reprandre
1235 2259 1313 2298 abit
1336 2259 1383 2299 de
1417 2257 1564 2298 femme
1593 2274 1600 2297 :
1637 2260 1810 2313 respond
1839 2259 1984 2313 qu’elle

345 2333 432 2371 n'en
458 2331 536 2372 fera
561 2343 668 2371 autre
694 2333 828 2371 chose.

398 2404 654 2457 Interrogu6e
703 2418 758 2451 se,
802 2402 1012 2443 toutesfois
1055 2417 1131 2456 que
1175 2404 1343 2442 sainctes
1393 2403 1610 2461 Katlierine
1653 2412 1689 2441 ct
1744 2403 1984 2456 Marguerite

343 2477 548 2523 viennent,
577 2474 682 2514 s'elle
707 2489 748 2514 se
781 2474 916 2528 saigne
939 2490 945 2513 :
983 2473 1154 2528 respond
1175 2488 1252 2527 que
1282 2473 1536 2513 aucunesfois
1556 2473 1630 2513 elle
1655 2474 1720 2512 sait
1745 2475 1858 2527 signe
1882 2474 1931 2513 de
1950 2474 1985 2512 la

343 2548 479 2594 croix}
503 2546 521 2585 2¹1
547 2546 776 2595 l'autrefois,
802 2561 897 2585 non.

397 2619 491 2656 Item
509 2618 549 2656 de
575 2617 854 2657 revelationibus
875 2632 882 2656 :
912 2617 1083 2670 respond
1107 2631 1184 2670 que
1209 2616 1256 2656 de
1278 2629 1338 2664 ce,
1359 2617 1433 2656 elle
1459 2616 1538 2656 s'en
1566 2627 1720 2670 raporte
1742 2631 1761 2655 1
1783 2630 1854 2656 son
1877 2617 1984 2670 juge,

344 2686 436 2728 c’est
462 2691 634 2727 assai-051·
667 2690 788 2737 Dieu3
822 2699 858 2727 et
883 2687 936 2727 dit
968 2703 1044 2742 que
1071 2702 1130 2727 ses
1152 2688 1398 2727 revelacions
1419 2697 1510 2727 sont
1539 2688 1586 2727 de
1618 2688 1735 2735 Dieu,
1759 2701 1848 2726 sans
1879 2697 1987 2726 autre

346 2774 507 2813 moyen.

399 2832 655 2884 Interrogue'e
681 2845 720 2870 se
743 2830 795 2870 du
818 2831 930 2883 signe
955 2829 1070 2870 baille'
1101 2832 1120 2870 it
1148 2844 1220 2869 son
1253 2845 1339 2884 roy,
1366 2830 1472 2869 s'elle
1509 2844 1549 2869 se
1588 2830 1697 2869 veult
1727 2839 1932 2883 rapporter
1965 2830 1986 2868 it
2094 2884 2099 2889 u

343 2901 608 2955 l'arcevesque
633 2903 680 2941 de
712 2903 846 2949 Rains,
872 2916 919 2941 au
955 2901 1031 2940 sire
1054 2912 1071 2935 4
1103 2900 1150 2940 de
1189 2903 1376 2950 Boussac,
1413 2901 1575 2940 Charles
1611 2901 1659 2940 de
1688 2900 1893 2950 Bourbon,
1932 2901 1984 2940 La

1585 2967 1603 2985 O

396 3115 429 3142 1.
459 3104 499 3138 C.
521 3105 616 3139 Item.
634 3126 677 3128 ὴ
692 3115 722 3138 2.
746 3105 799 3138 A:
816 3105 964 3139 Baussoc.
986 3125 1025 3129 —
1049 3115 1078 3149 3.
1102 3104 1171 3138 Ms.
1198 3116 1207 3137 .·
1226 3105 1438 3139 extorlacion.
1457 3124 1497 3128 -
1520 3114 1554 3146 4.
1578 3103 1646 3138 Ms.
1681 3115 1690 3137 .·
1711 3104 1839 3138 ainsnd.
