2099 3356
311 198 390 239 174
584 181 742 224 pnocr-:s
775 195 830 223 DE
863 192 1214 223 CONDAMNATION
1250 192 1306 221 DE
1338 192 1503 234 JEANNE
1537 178 1663 221 D’ARc

363 296 445 339 Die
469 294 648 347 sabbati,
680 307 818 337 xxlm.
861 292 1077 346 februarii,
1111 293 1369 349 interrogata
1397 289 1448 334 de
1469 289 1635 344 arbore,
1671 289 1777 334 dixit
1824 289 1942 349 quod

305 378 468 423 audivit
496 377 576 422 dici
605 376 738 436 quod,
763 376 870 420 dum
891 375 1051 419 infirmi
1075 386 1254 434 possunt
1277 390 1320 418 se
1342 374 1495 428 levare,
1527 373 1688 418 vadunt
1721 373 1772 417 ad
1817 373 1944 418 arbo·-

306 478 395 506 rem
430 478 508 520 pro
537 477 579 505 se
613 459 863 518 spatiand03
893 471 933 503 et
959 471 1022 503 est
1048 475 1134 503 una
1170 473 1326 515 magna
1351 457 1475 502 arbor
1495 459 1717 502 nominata
1745 458 1880 515 Pagus
1923 472 1946 500 a

307 562 389 605 qua
410 547 609 604 provenit
638 545 670 588 le
689 543 782 588 heau
806 559 896 602 may
924 552 952 597 ¹,
980 542 1127 601 gallice
1144 559 1154 597 ;
1181 554 1221 586 et
1243 541 1405 585 solebat
1440 540 1550 585 dicta
1583 540 1708 585 arbor
1737 542 1946 600 pertinere

307 629 491 674 domino
518 630 644 672 Petro
670 627 721 671 de
747 628 1043 671 Bourlemont2.
1074 627 1181 670 Item
1204 624 1581 684 quodsaliquando
1606 624 1688 668 ibat
1713 625 1945 683 spatiatum

308 729 407 757 cum
444 712 534 756 aliis
559 711 813 770 juvenculis,
858 723 1052 768 tempore
1090 709 1293 762 aestivali,
1335 721 1375 752 et
1415 708 1472 752 ibi
1508 707 1683 752 faciebat
1718 720 1827 752 serta
1869 722 1947 766 pro

309 798 464 841 Nostra
494 796 685 840 Domina
709 794 760 838 de
780 795 1031 853 Dompremz'.
1068 794 1174 837 Item
1221 792 1338 851 quod
1366 790 1528 836 audivit
1567 791 1650 835 dici
1688 807 1708 834 a
1756 791 1948 849 pluribus

308 881 511 938 antiquis,
542 895 628 923 non
657 878 709 922 de
732 893 813 922 suo
832 893 1003 935 genere,
1027 875 1143 936 quod
1172 877 1269 920 Fata
1300 876 1356 919 ibi
1382 875 1682 934 frequentant;
1712 888 1753 919 et
1785 873 1949 918 audivit

307 966 438 1009 etiam
461 963 541 1007 dici
564 979 585 1007 a
611 962 798 1022 quadam
828 963 1054 1007 nominata
1076 960 1290 1017 Johanna,
1321 975 1454 1004 uxore
1482 961 1655 1017 Majoris
1682 959 1854 1017 Aubery,
1899 956 1950 1002 de

308 1048 422 1101 villa,
451 1049 632 1091 matrina
662 1063 751 1100 sua,
784 1045 900 1105 quod
936 1044 1095 1089 viderat
1126 1043 1285 1088 ibidem
1321 1042 1454 1087 dictas
1483 1051 1493 1076 ³
1530 1043 1690 1087 Fatales
1731 1059 1738 1086 :
1772 1040 1889 1100 quod
1917 1042 1950 1085 si

310 1147 460 1176 verum
503 1133 570 1182 sit,
601 1132 747 1174 nescit.
786 1131 895 1174 Item
924 1128 1028 1173 dixit
1060 1127 1179 1188 quod
1219 1144 1443 1186 nunquam
1485 1126 1645 1171 ibidem
1691 1125 1797 1169 vidit
1840 1125 1951 1169 dicta

313 1217 426 1269 Fata,
455 1214 572 1273 quod
600 1215 732 1269 sciat3
761 1227 818 1268 et,
848 1215 881 1257 si
907 1212 1061 1256 viderit
1086 1211 1202 1266 alibi,
1232 1212 1379 1255 nescit.
1411 1212 1516 1254 Item
1555 1209 1663 1254 dixit
1689 1209 1806 1269 quod
1844 1207 1951 1252 vidit

310 1300 469 1358 apponi
492 1296 717 1342 frondibus
744 1297 866 1342 dicta:
893 1295 1055 1340 arboris
1083 1308 1190 1339 serta
1218 1309 1290 1353 per
1317 1294 1580 1352 juvenculas,
1611 1306 1653 1338 et
1687 1292 1806 1351 quod
1840 1293 1951 1351 ipsa-

315 1396 398 1426 met
426 1381 582 1426 ibidem
607 1383 805 1440 apposuit
832 1397 933 1424 cum
959 1380 1049 1423 aliis
1070 1378 1262 1432 filiabus;
1292 1391 1333 1422 et
1357 1377 1504 1421 eadem
1525 1376 1759 1435 aliquando
1787 1377 1954 1434 impor—

312 1468 439 1520 tabat,
470 1481 509 1510 et
545 1465 779 1524 aliquando
802 1463 1060 1508 dimittebat.
1090 1463 1208 1506 Dixit
1242 1462 1421 1506 ulterius
1449 1461 1583 1519 quod,
1612 1473 1841 1519 postquam
1877 1460 1952 1503 sci-

315 1552 373 1594 vit
398 1549 514 1609 qnod
540 1549 717 1594 debebat
744 1549 892 1591 venire
924 1549 965 1591 in
992 1548 1231 1600 Franciam,
1260 1547 1401 1604 paucis
1425 1546 1717 1603 spatiamentis
1745 1560 1818 1587 seu
1846 1543 1952 1587 sola-

315 1635 382 1678 tiis
418 1635 597 1687 vacavit,
638 1647 679 1676 et
713 1633 859 1675 minus
887 1647 1015 1690 quam
1059 1631 1237 1688 potuit3
1278 1645 1353 1673 nec
1397 1630 1471 1672 scit
1523 1630 1554 1671 si
1605 1627 1910 1672 clioreizaverit
1936 1637 1952 1658 ⁴

316 1720 433 1773 iuxta
460 1717 654 1761 arborem
686 1729 916 1774 postquam
953 1713 1101 1758 habuit
1127 1713 1427 1758 discretionem
1451 1730 1460 1766 ;
1512 1725 1654 1756 tamen
1693 1724 1818 1755 antea
1846 1709 1953 1754 bene

316 1803 455 1860 potuit
483 1801 787 1845 choreizavisse
816 1806 824 1831 5
859 1801 975 1856 juxta
1007 1798 1202 1842 arborem
1237 1813 1337 1841 cum
1372 1797 1540 1855 pueris;
1581 1809 1621 1839 et
1661 1793 1819 1839 ibidem
1859 1793 1953 1853 plus

315 1886 498 1930 cantavit
542 1901 672 1943 quam
714 1883 969 1927 choreizavit
997 1884 1028 1925 ⁶.
1073 1883 1277 1925 Praeterea
1325 1880 1434 1924 dixit
1472 1878 1589 1939 quod
1630 1892 1690 1923 est
1733 1877 1951 1937 quoddam

316 1985 470 2014 nemus
492 1977 523 2023 7,
550 1981 750 2012 vocatum
769 1968 1163 2010 Nemus-canutum
1192 1963 1327 2023 [quod
1353 1961 1540 2022 videtur]
1572 1963 1621 2006 ab
1658 1963 1769 2007 ostio
1797 1961 1954 2006 domus

315 2054 469 2111 patris;
506 2065 545 2095 et
573 2051 623 2094 ab
653 2050 751 2094 inde
786 2049 911 2093 distat
952 2065 1023 2107 per
1053 2047 1277 2092 dimidiam
1326 2047 1504 2090 leucam.
1540 2047 1653 2090 Dicit
1681 2047 1806 2089 etiam
1837 2044 1953 2104 quod

316 2132 446 2180 nescit
482 2152 556 2179 nec
594 2133 761 2178 audivit
807 2131 923 2191 quod
969 2131 1146 2184 ibidem,
1178 2130 1372 2174 videlicet
1400 2131 1443 2173 in
1475 2129 1590 2173 dicto
1637 2145 1829 2182 nemore,
1857 2129 1956 2173 Fata
2006 2131 2011 2137 “

314 2219 664 2279 frequentarent3
709 2231 852 2261 tamen
903 2216 1010 2259 bene
1047 2214 1212 2258 audivit
1245 2214 1326 2258 dici
1355 2230 1375 2256 a
1418 2213 1545 2257 fratre
1588 2230 1683 2265 suo,
1726 2226 1955 2272 postquam

317 2304 483 2347 recessit
502 2301 552 2346 de
582 2302 712 2360 patria
739 2317 828 2353 sua,
856 2298 974 2358 quod
1003 2299 1088 2342 illic
1109 2296 1326 2342 dicebatur
1353 2295 1470 2356 quod
1497 2298 1584 2355 ipsa
1610 2296 1806 2352 Jolianna
1833 2312 1956 2354 cepe-

319 2400 379 2430 rat
394 2385 553 2430 factum
581 2400 709 2428 suum
735 2383 785 2427 ad
806 2382 998 2426 arborem
1030 2382 1227 2425 Fatarum
1257 2399 1266 2435 3
1292 2379 1409 2439 quod
1461 2396 1547 2424 non
1579 2379 1745 2433 fecerat,
1775 2392 1815 2422 et
1843 2377 1956 2423 dicto

319 2471 432 2514 fratri
456 2486 534 2513 suo
556 2469 818 2513 contrarium
842 2465 1019 2510 dicebat.
1058 2466 1165 2508 Item
1191 2464 1297 2508 dixit
1329 2463 1463 2522 quod,
1487 2462 1662 2522 quando
1690 2463 1805 2506 venit
1843 2460 1956 2520 apud

321 2570 461 2610 regem
485 2569 630 2605 suum,
661 2552 793 2609 aliqui
823 2549 1021 2608 petebant
1051 2549 1100 2592 ab
1134 2565 1179 2592 ea
1207 2550 1240 2591 si
1270 2549 1312 2591 in
1342 2549 1428 2606 ipsa
1468 2549 1601 2605 patria
1640 2563 1714 2590 sua
1759 2558 1847 2590 erat
1885 2546 1956 2589 ali-

321 2636 438 2696 quod
460 2651 616 2679 nemus
642 2647 842 2678 vocatum
873 2635 1290 2684 Nemus-canutum,
1319 2632 1420 2689 quia
1444 2643 1562 2674 erant
1593 2629 1827 2688 prophetiae
1861 2645 1957 2687 quae

319 2719 516 2763 dicebant
538 2717 654 2776 quod
679 2717 730 2760 de
760 2733 905 2760 versus
931 2717 1327 2759 Nemus-canutum
1350 2713 1529 2757 debebat
1567 2714 1712 2756 venire
1751 2712 1949 2770 qucedam

321 2803 460 2862 puella
488 2817 584 2861 quae
610 2800 788 2844 debebat
815 2779 949 2843 facere
973 2799 1204 2851 mirabilia;
1230 2797 1301 2841 sed
1318 2799 1361 2840 in
1391 2797 1471 2840 hoc
1495 2812 1583 2839 non
1611 2795 1785 2839 adhibet
1806 2795 1953 2839 fidem.

378 2986 406 3008 1.
432 2974 487 3009 C:
517 2986 597 3020 moy.
624 2993 669 2997 —
691 2983 723 3007 2.
747 2972 778 3006 A
805 2984 814 3005 .·
841 2971 1060 3005 Bonllemont.
1087 2991 1129 2995 —-
1154 2980 1182 3015 3.
1211 2970 1243 3004 A
1265 2970 1382 3016 ajoute
1405 2969 1567 3003 domums.
1596 2989 1641 2994 —
1664 2979 1697 3011 4.
1729 2968 1796 3003 AC
1823 2980 1833 3002 .·
1859 2968 1959 3002 corei-

324 3036 462 3079 {azt-rit.
486 3054 530 3058 ——
547 3044 575 3075 ς.
596 3032 662 3066 AC
681 3045 689 3065 .·
702 3032 925 3076 corez'qavissc.
945 3051 987 3055 -
1010 3030 1042 3064 6.
1061 3030 1125 3063 AC
1146 3042 1155 3063 :
1173 3030 1364 3073 (ommi-it.
1379 3039 1466 3073 -—7.
1491 3028 1541 3062 En
1557 3040 1676 3073 margo
1695 3027 1766 3062 :De
1780 3039 1909 3060 nemore
1926 3025 1957 3061 Α

325 3105 452 3128 carcoso
472 3106 482 3132 ;
510 3093 536 3126 B
556 3103 702 3137 quercino
722 3104 732 3131 ‚·
753 3091 782 3125 C
799 3101 985 3136 querqzwso.

2090 722 2099 778 Α.--
2075 356 2099 713 manaammssmssssu
2089 291 2099 346 nr.
2092 243 2099 264 Α-

2092 891 2099 896 ι
2090 801 2099 875 ..nanu
2096 783 2099 786 .
