2099 3356
364 185 446 228 130
635 170 793 214 PRoc'Es
826 184 883 214 DE
915 182 1267 214 CONDAMNATION
1303 183 1358 213 DE
1389 182 1556 225 Ji-:ANNE
1589 170 1715 212 D'ARc

956 350 1066 385 JOViS
1097 350 1162 375 XV.
1197 348 1348 375 MARTII.
1378 346 1385 361 ¹

411 448 535 500 Item,
565 446 632 491 die
658 447 766 504 jovis
788 445 1036 490 immediate
1061 445 1276 503 sequenti,
1299 443 1464 488 decima
1485 445 1636 503 quinta
1663 445 1822 488 mensis
1852 447 1992 489 martii

358 530 563 588 praedicti,
590 530 640 574 de
665 545 806 581 mane,
833 531 877 573 in
901 529 996 574 loco
1021 529 1222 587 praedicto
1252 529 1427 572 carceris
1453 526 1576 571 dictae
1598 514 1824 584 Johannae,
1856 530 1996 586 praesi—

355 613 556 658 dentibus
585 614 707 658 dictis
735 615 939 672 magistro
966 613 1163 669 Johanne
1191 612 1243 656 de
1271 614 1422 666 Fonte,
1452 613 1748 656 commissario
1788 627 1861 670 per
1896 627 1990 667 nos,

356 683 613 756 episcopum
634 697 903 764 praedictum,
927 696 1148 755 deputato,
1175 709 1216 740 et
1244 695 1386 749 nobis,
1413 694 1538 739 fratre
1561 695 1759 752 Johanne
1781 697 1992 754 Magistri,

357 783 514 826 vicario
552 782 852 840 Inquisitoris;
893 779 1186 824 assistentibus
1223 777 1538 823 venerabilibus
1571 779 1688 832 viris,
1730 778 1921 822 dominis
1953 792 1995 824 et

359 866 570 923 magistris
595 864 775 909 Nicolao
811 865 924 908 Midi
959 877 1000 907 et
1037 863 1226 913 Gerardo
1265 862 1477 915 Fueilleti,
1518 861 1766 906 doctoribus
1802 864 1845 906 in
1885 878 1999 907 sacra

357 948 599 1006 theologia;
635 947 912 1006 praesentibus
948 946 999 990 ad
1040 947 1136 999 hoc,
1175 946 1358 990 Nicolao
1400 944 1451 989 de
1486 945 1709 998 Hubento,
1760 946 1996 990 litterarum

356 1031 686 1089 apostolicarum
714 1032 934 1088 scriptore,
959 1043 1000 1073 et
1028 1029 1151 1073 fratre
1186 1028 1452 1073 Ysambardo
1480 1027 1532 1072 de
1559 1030 1696 1072 Petra.

412 1114 542 1159 *Fuit
570 1114 718 1158 eadem
739 1114 938 1170 johanna
960 1129 1060 1157 cum
1093 1113 1320 1156 caritativis
1347 1111 1719 1156 exhortationibus
1751 1113 1915 1156 monita
1956 1124 1998 1156 et

355 1200 557 1257 requisita
582 1198 715 1256 quod,
730 1199 762 1241 si
778 1199 1000 1255 contingat
1018 1198 1150 1255 ipsam
1171 1195 1331 1254 aliquid
1355 1197 1487 1253 egisse
1506 1207 1653 1239 contra
1674 1194 1821 1248 fidem,
1837 1195 1940 1239 velit
1953 1211 1997 1239 se
2055 1230 2057 1233 .
2096 1202 2099 1237 ζ

355 1281 508 1325 referre
520 1282 870 1326 determinationi
882 1293 1039 1324 sanctae
1052 1281 1195 1324 matris
1208 1278 1508 1337 Ecclesitessidq
1518 1293 1616 1322 uam
1629 1294 1672 1322 se
1686 1279 1837 1322 referre
1853 1278 1992 1323 debet.

354 1366 446 1423 Ipsa
468 1382 568 1409 vero
597 1365 817 1423 respondit
841 1363 958 1423 quod
983 1365 1075 1421 ejus
1104 1363 1404 1420 responsiones
1430 1362 1659 1406 videantur
1679 1375 1720 1406 et
1748 1363 1996 1406 examinen-

359 1462 428 1492 tur
453 1465 524 1507 per
547 1449 736 1501 clericos,
764 1462 804 1492 et
826 1462 969 1506 postea
995 1447 1073 1490 sibi
1090 1446 1253 1490 dicatur
1271 1461 1320 1489 an
1352 1445 1409 1489 ibi
1431 1448 1485 1489 sit
1502 1444 1663 1504 aliquid
1688 1445 1803 1504 quod
1826 1447 1878 1489 sit
1897 1460 2000 1490 con-

360 1546 419 1576 tra
452 1533 581 1576 fidem
613 1532 919 1576 christianam:
955 1533 1041 1588 ipsa
1075 1530 1181 1573 bene
1220 1531 1321 1573 sciet
1357 1528 1495 1572 dicere
1536 1528 1639 1587 quid
1679 1528 1778 1572 inde
1817 1530 1918 1582 erit3
1959 1540 2000 1573 et

359 1629 503 1673 postea
540 1615 651 1659 dicet
689 1614 795 1659 illud
827 1614 944 1673 quod
987 1614 1037 1658 dc
1082 1614 1160 1657 hoc
1204 1614 1417 1656 invenerit
1462 1628 1534 1670 per
1577 1628 1706 1656 suum
1751 1612 1996 1656 consilium.

358 1698 526 1741 Tamen
553 1699 583 1740 si
613 1698 665 1740 sit
689 1696 848 1754 aliquid
874 1696 1037 1739 malum
1071 1707 1217 1738 contra
1245 1693 1372 1737 fidem
1408 1693 1681 1737 christianam
1718 1709 1847 1751 quam
1882 1694 1998 1737 Deus

358 1782 572 1840 praecepit,
604 1783 691 1838 ipsa
722 1796 811 1823 non
839 1779 965 1823 vellet
993 1780 1220 1831 sustinere,
1245 1793 1285 1822 et
1312 1791 1418 1821 esset
1445 1777 1550 1821 bene
1578 1779 1680 1821 irata
1706 1776 1756 1821 de
1782 1777 1996 1821 veniendo

358 1867 400 1908 in
424 1865 705 1908 contrarium.

417 1950 519 1992 Item
547 1948 623 1990 sihi
654 1947 732 1990 fuit
755 1956 767 1972 ²
789 1946 995 1990 declarata
1016 1945 1235 1989 distinctio
1262 1945 1455 1989 Ecclesiae
1483 1944 1790 2002 triumphantis
1817 1958 1857 1988 et
1887 1944 1997 1987 mili-

356 2034 500 2086 tantis,
528 2030 689 2090 etquid
716 2044 802 2074 erat
830 2029 880 2073 de
915 2031 989 2073 ista
1011 2042 1051 2073 ct
1076 2029 1127 2073 de
1156 2028 1255 2082 illa,
1288 2027 1454 2087 fuitque
1488 2029 1688 2085 requisita
1724 2040 1786 2080 ut,
1816 2027 1867 2071 de
1897 2042 1997 2085 prae-

670 2220 794 2269 *jovii
816 2220 857 2258 de
882 2233 1001 2266 niune,
1027 2219 1164 2257 decima
1187 2218 1318 2272 quiusa
1344 2218 1473 2257 mensis
1495 2218 1623 2257 marlii
1649 2227 1673 2256 3.

414 2330 538 2381 Apres
564 2328 617 2366 les
646 2328 873 2366 monicions
906 2326 1042 2365 faictes
1079 2327 1099 2364 a
1123 2325 1213 2371 elle,
1237 2335 1274 2364 ct
1308 2326 1570 2378 rdquisicions
1601 2338 1692 2378 que,
1726 2324 1833 2364 s'elle
1872 2339 1893 2363 a
1932 2324 1999 2364 fait

361 2399 532 2452 quelque
551 2399 672 2438 chose
691 2399 758 2452 qui
779 2398 854 2436 soit
876 2407 1012 2436 contre
1038 2407 1171 2435 nostre
1190 2396 1274 2448 foy,
1300 2395 1443 2449 qu’elle
1469 2396 1547 2434 s'en
1575 2397 1659 2435 doit
1686 2405 1889 2449 rapporter
1916 2397 1936 2434 a
1965 2397 1999 2435 la

361 2472 673 2510 determinacion
707 2471 752 2508 de
784 2469 944 2522 l'Eglise
972 2483 979 2506 :
1013 2468 1186 2521 respond
1212 2481 1287 2520 que
1322 2481 1381 2506 ses
1416 2480 1625 2520 responses
1656 2469 1787 2506 soient
1809 2480 1928 2507 venes
1962 2477 2000 2507 et

358 2544 581 2581 exainine'es
603 2556 669 2594 par
691 2542 744 2580 les
770 2541 915 2589 clercs,
943 2550 978 2578 et
1004 2540 1092 2592 puis
1115 2553 1189 2592 que
1221 2553 1272 2577 on
1303 2539 1368 2591 lu>-
1390 2538 1452 2577 die
1482 2538 1541 2576 s'il
1570 2552 1596 2591 y
1626 2552 1645 2577 a
1678 2538 1850 2591 quelque
1878 2539 1999 2577 chose

357 2614 423 2667 qui
446 2615 522 2652 soit
543 2623 679 2652 contre
702 2612 735 2650 la
757 2611 825 2664 foy
850 2612 1101 2650 chrestienne
1130 2623 1137 2648 :
1169 2610 1244 2649 elle
1266 2623 1372 2658 scara
1396 2610 1487 2648 bien
1516 2610 1536 2647 21
1568 2610 1647 2648 dire
1667 2622 1735 2662 par
1756 2623 1827 2648 son
1847 2609 1997 2648 conseil

357 2684 451 2738 qu’il
473 2698 521 2722 en
541 2697 638 2731 sera,
666 2693 703 2722 et
725 2685 812 2736 puis
836 2696 885 2721 en
910 2683 992 2721 dira
1015 2695 1058 2721 ce
1087 2695 1163 2735 que
1190 2694 1237 2720 en
1264 2694 1354 2719 aura
1379 2682 1519 2719 trouve
1548 2694 1617 2733 par
1648 2694 1720 2719 son
1750 2680 1915 2720 conscii.
1953 2682 1999 2719 Et

359 2756 617 2802 toutesvoies,
639 2754 698 2793 s'il
718 2768 740 2806 y
762 2768 783 2793 a
801 2755 883 2792 rien
909 2754 956 2792 de
976 2753 1053 2791 mal
1075 2762 1211 2791 contre
1237 2752 1272 2790 la
1294 2751 1362 2804 foy
1384 2752 1635 2790 chrestienne
1660 2764 1736 2804 que
1761 2746 1891 2790 nostre
1914 2752 1998 2790 Sire

362 2841 380 2865 a
418 2826 694 2873 commandee,
723 2825 797 2864 elle
834 2839 881 2864 ne
923 2824 1123 2863 vouldroit
1161 2824 1373 2871 soustenir,
1410 2833 1446 2861 et
1481 2823 1600 2861 seroit
1641 2822 1731 2861 bien
1756 2823 1998 2861 courroucee

362 2899 481 2937 d’aler
510 2908 713 2937 encontre.

415 3082 443 3105 1.
466 3071 515 3104 En
539 3082 658 3115 nmrge
676 3070 718 3103 de
736 3068 844 3105 ΑΒΕ.
866 3089 911 3092 -
933 3078 963 3101 2.
983 3067 1047 3101 AC
1068 3066 1249 3112 .·fuil51'bi.
1266 3086 1310 3091 —
1329 3076 1359 3110 3.
1380 3066 1422 3107 U,
1441 3065 1501 3100 fol.
1526 3076 1638 3108 22‚v0.
