2099 3356
373 188 531 232 PROCiiS
566 201 622 231 DE
654 199 1005 231 CONDAMNATION
1041 200 1097 229 DE
1129 200 1294 242 JEANNE
1330 184 1454 229 D'ARC
1647 196 1727 239 223

149 303 274 353 Item,
297 301 366 345 die
386 302 511 359 jovis,
537 314 645 344 xxu.
679 300 838 344 mensis
865 298 1082 351 februarii,
1107 297 1212 343 dixit
1242 297 1362 357 quod
1389 312 1616 356 nunquam
1640 297 1736 339 voci

88 401 177 430 suae
203 400 278 428 seu
301 383 555 429 revelationi
584 383 807 442 requisivit
828 382 952 426 aliam
977 380 1219 427 mercedem
1241 383 1285 425 in
1314 381 1416 435 fine,
1451 390 1622 438 excepta
1661 378 1739 423 sal-

90 470 262 513 vatione
281 470 439 512 animae
464 483 566 512 suae.
590 492 652 499 —
675 466 822 526 sstem,
863 465 932 510 die
958 467 1174 519 mercurii,
1197 465 1364 510 decima
1399 476 1549 524 quarta
1578 463 1739 507 mensis

91 551 269 610 Martii],
315 553 576 610 interrogata
617 552 666 605 si,
705 566 755 594 ex
783 566 871 609 quo
914 565 1038 594 voces
1075 561 1164 594 suae
1191 548 1415 596 dixerunt.
1430 549 1468 592 ei
1507 546 1626 607 quod
1663 544 1740 590 ibit

94 637 138 680 in
160 636 245 679 fine
269 637 313 679 in
336 651 519 694 regnum
546 633 742 692 paradisi,
763 647 912 679 utrum
927 650 970 678 se
992 646 1134 678 teneat
1154 649 1347 678 securam
1372 631 1539 677 essendi
1559 631 1737 684 salvam,

95 732 137 764 et
162 718 280 778 quod
318 735 407 763 non
441 718 718 764 damnabitur
744 719 789 762 in
817 716 1065 762 infernum:
1102 715 1323 775 respondit
1359 714 1476 774 quod
1501 713 1634 759 credit
1668 713 1740 757 fir-

97 803 226 847 miter
247 803 289 847 id
312 811 322 828 ¹
349 802 468 862 quod
492 818 618 846 voces
645 818 734 847 suae
756 801 960 846 dixerunt
993 799 1089 855 sibi,
1120 800 1318 845 videlicet
1342 798 1460 859 quod
1488 799 1575 857 ipsa
1605 797 1744 842 salva-

97 887 212 931 bitur
232 898 307 941 ;-et
331 887 387 930 ita
411 885 592 930 firmiter
626 902 673 930 ac
707 887 741 929 si
774 902 822 930 ex
861 900 978 929 nunc
1016 897 1125 929 esset
1161 885 1205 928 in
1234 885 1367 942 regno
1409 883 1638 928 coelorum.
1693 880 1745 924 Et

97 969 270 1029 quando
294 969 515 1015 dicebatur
558 970 636 1027 ipsi
663 968 876 1026 Johannae
904 967 1022 1028 quod
1058 965 1165 1012 illud
1189 983 1446 1026 responsum
1481 978 1568 1010 erat
1600 964 1746 1024 magni

98 1054 300 1113 ponderis
328 1071 336 1098 :
367 1055 497 1099 etiam
519 1053 739 1112 respondit
759 1052 876 1111 quod
899 1065 1018 1097 tenet
1044 1051 1149 1096 illud
1176 1068 1251 1110 pro
1272 1067 1364 1096 uno
1388 1066 1547 1109 magno
1567 1049 1746 1094 thesau-

98 1153 177 1193 ro;
217 1151 258 1183 et
301 1137 425 1192 dixit,
476 1150 690 1197 quantum
727 1135 778 1181 ad
815 1137 942 1180 illum
984 1135 1217 1181 articulum
1254 1152 1262 1179 ε
1307 1133 1551 1179 dummodo
1602 1146 1746 1178 teneat

102 1223 397 1281 juramentum
437 1233 479 1266 et
525 1222 792 1280 promissum
826 1219 945 1280 quod
973 1219 1070 1264 fecit
1105 1219 1303 1264 Domino
1346 1231 1510 1272 nostro,
1548 1215 1747 1262 videlicet

98 1305 218 1366 quod
246 1306 430 1351 servaret
455 1306 563 1350 bene
591 1321 715 1350 suam
736 1305 1029 1363 virginitatem
1058 1304 1248 1363 corporis
1279 1314 1321 1347 et
1342 1303 1514 1347 animae.
1538 1302 1748 1346 —Inter—

101 1403 246 1449 rogata
278 1391 327 1444 si,
366 1402 461 1448 post
510 1389 619 1433 hanc
654 1389 980 1442 revelationem,
1010 1389 1098 1446 ipsa
1121 1387 1264 1431 credat
1306 1386 1422 1446 quod
1460 1403 1549 1430 non
1572 1386 1705 1444 possit
1732 1392 1747 1410 2

102 1473 237 1519 facere
263 1486 488 1533 peccatum
529 1473 732 1517 mortale:
763 1471 985 1532 respondit
1011 1471 1062 1516 de
1097 1471 1202 1515 hoc:
1231 1471 1356 1528 «Ego
1378 1471 1522 1514 nescio
1545 1468 1707 1528 aliquid
1737 1485 1748 1523 ;

101 1563 174 1608 sed
209 1580 337 1623 super
370 1563 452 1608 hoc
490 1579 559 1607 me
608 1562 744 1607 refero
787 1563 984 1606 Domino
1018 1574 1183 1615 nostro,
1232 1578 1281 1605 ex
1321 1573 1478 1604 toto.»
1531 1586 1587 1592 —
1625 1560 1752 1613 Item,

103 1649 361 1707 interrogata
381 1660 529 1692 utrum
556 1663 665 1706 opus
692 1648 745 1690 sit
781 1646 860 1690 sibi
888 1645 1100 1700 confiteri,
1131 1662 1181 1689 ex
1205 1661 1294 1703 quo
1320 1643 1468 1697 credit,
1502 1641 1552 1687 ad
1591 1642 1754 1686 revela-

102 1733 270 1776 tionem
291 1747 468 1776 suarum
488 1747 663 1785 vocum,
690 1729 807 1790 quod
836 1731 925 1789 ipsa
942 1728 1202 1774 salvabitur:
1230 1726 1451 1787 respondit
1476 1725 1594 1786 quod
1618 1727 1752 1770 nescit

101 1832 144 1860 se
166 1832 356 1874 peccasse
382 1815 644 1870 mortaliter;
668 1813 759 1868 sed,
787 1816 821 1858 si
843 1827 950 1858 esset
978 1815 1021 1857 in
1049 1826 1221 1871 peccato
1254 1812 1440 1865 mortali,
1476 1812 1565 1870 ipsa
1594 1812 1752 1868 cogitat

102 1899 221 1958 quod
247 1912 404 1943 sanctae
428 1899 661 1943 Katharina
687 1912 729 1943 et
756 1899 1150 1956 Margaretastatim
1167 1897 1410 1941 desererent
1425 1911 1548 1948 eam;
1577 1893 1752 1939 credens

103 1988 221 2048 quod
250 1991 431 2033 nesciret
453 1988 662 2034 mundare
693 1989 825 2033 nimis
849 1989 1161 2032 conscientiam
1181 2003 1320 2031 suam.

163 2074 273 2118 Item
300 2073 422 2127 dixit,
449 2074 574 2131 jovis,
604 2074 741 2132 prima
776 2073 934 2123 martii,
967 2071 1085 2131 quod
1108 2070 1319 2130 praedictae
1349 2071 1513 2114 Sanctae
1546 2070 1755 2127 promise-

106 2170 208 2201 runt
235 2156 315 2201 sibi
336 2173 431 2201 eam
449 2156 603 2201 ducere
619 2158 663 2200 in
685 2155 953 2215 paradisum3
977 2154 1097 2213 quod
1121 2156 1251 2199 etiam
1275 2154 1326 2198 ab
1353 2156 1413 2198 eis
1434 2155 1674 2212 requisivit.

168 2295 301 2339 XLV.
335 2314 353 2338 «
388 2295 513 2348 ITEM,
544 2294 641 2338 licet
677 2295 758 2339 Dei
784 2293 941 2351 judicia
974 2293 1160 2336 maxime
1185 2290 1297 2350 apud
1327 2307 1406 2336 nos
1438 2292 1522 2334 sint
1553 2292 1759 2334 inscruta-

110 2377 226 2432 bilia,
255 2377 547 2423 nihilominus
571 2376 681 2422 dicta
707 2376 908 2435 Johanna
925 2376 1046 2431 dixit,
1074 2376 1269 2435 protulit,
1293 2375 1483 2418 recitavit
1502 2386 1542 2417 et
1560 2372 1759 2432 promul-

108 2463 224 2520 gavit
240 2478 283 2506 se
303 2463 557 2519 cognovisse
583 2475 624 2506 et
650 2477 910 2519 cognoscere
937 2461 1012 2519 qui
1034 2473 1135 2503 sunt
1161 2460 1309 2513 sancti,
1333 2470 1504 2511 sanctae,
1531 2456 1759 2515 archange-

46 2595 49 2597 ,
111 2545 155 2599 li,
178 2546 316 2605 angeli
339 2546 405 2589 vel
433 2562 455 2590 a
474 2547 568 2590 Deo
593 2545 732 2598 electi,
765 2558 821 2598 et,
850 2546 947 2603 quis
965 2560 1120 2588 eorum
1142 2544 1236 2588 talis
1262 2556 1340 2597 est,
1359 2542 1611 2586 discernere.
1650 2561 1668 2580 »

170 2628 189 2649 *
216 2628 283 2673 Ad
306 2629 423 2673 hunc
448 2637 458 2661 ³
488 2630 719 2674 articulum
739 2639 770 2683 ⁴,
801 2627 1031 2686 respondet
1064 2626 1182 2686 quod
1210 2643 1252 2671 se
1275 2626 1401 2671 refert
1423 2625 1475 2670 ad
1506 2624 1613 2670 illud
1638 2623 1756 2683 quod

115 2712 215 2757 alias
235 2729 362 2771 super
382 2713 466 2757 hoc
493 2712 730 2772 respondit.

167 2869 183 2887 *
205 2868 394 2922 Respond
425 2883 431 2906 :
463 2885 480 2905 ε(
507 2869 551 2918 je
574 2869 677 2907 m’en
707 2867 847 2906 actend
866 2866 912 2905 ad
935 2880 977 2905 ce
1003 2879 1078 2920 que
1098 2865 1174 2919 j’en
1198 2879 1245 2919 ay
1266 2865 1469 2918 respondu
1494 2872 1520 2903 ἰ.
1552 2882 1567 2898 u

171 3054 200 3077 1.
232 3043 267 3077 A
295 3056 304 3077 .·
334 3042 430 3077 illud.
463 3063 508 3068 —
541 3053 573 3076 2.
607 3041 703 3077 ΑΒΕ
733 3051 766 3077 et
796 3041 831 3086 Q
859 3054 868 3075 :
896 3041 1005 3076 credat
1024 3045 1083 3075 aut
1097 3041 1214 3087 possit.
1239 3061 1283 3065 —
1311 3050 1341 3086 3.
1372 3040 1402 3073 A
1434 3052 1443 3072 .·
1474 3037 1766 3086 quadragesimum

119 3104 402 3147 ‹]1‹inlnm.*4.
434 3103 464 3136 :I
490 3103 607 3148 ajoutc
635 3102 720 3136 diem
741 3102 901 3145 johanna.
926 3122 968 3126 -
990 3111 1018 3143 5.
1054 3101 1094 3143 ζ’,
1120 3099 1245 3145 sol.29‚
1267 3109 1311 3133 r0.
