2099 3356
402 191 559 234 moes-:s
591 205 648 233 DE
680 205 1034 235 CONDAMNATION
1068 206 1124 234 DE
1155 206 1319 248 JEANNE
1351 191 1480 235 D'ARC
1672 206 1754 248 217

172 305 298 357 Item,
328 303 504 357 sabbati,
534 318 673 348 xxml.
703 303 920 356 februarii,
957 303 1062 348 dixit
1098 304 1216 364 quod
1249 306 1330 349 nisi
1358 318 1465 349 esset
1497 307 1630 363 gratia
1658 306 1755 358 Dei,

112 389 200 446 ipsa
222 389 402 431 nesciret
430 387 591 446 aliquid
613 387 747 432 facere
767 397 794 431 ¹.
825 389 952 441 Item,
980 388 1130 432 eadem
1153 388 1220 432 die
1250 398 1281 442 ²,
1308 391 1411 447 ipsa,
1438 390 1697 446 interrogata
1723 391 1758 432 si

110 472 172 515 illi
194 469 245 515 de
271 472 504 529 Dompremi
534 471 737 515 tenebant
771 484 933 529 partem
971 471 1307 530 Burgundorum
1337 471 1403 516 vel
1425 472 1607 516 aliorum
1636 489 1644 515 ε
1677 488 1759 516 res-

112 553 264 612 pondit
288 553 407 613 quod
435 556 522 612 ipsa
551 554 778 608 nesciebat,
796 556 840 599 in
866 555 936 598 illa
961 555 1077 609 villa,
1101 557 1181 599 nisi
1209 557 1389 600 unicum
1412 565 1422 586 ³
1449 555 1755 613 Burgundum,

94 624 243 697 ‘quem
267 637 475 682 voluisset
515 637 669 682 habere
707 651 834 697 caput
868 637 1098 690 abscisum,
1140 651 1286 683 tamen
1325 640 1357 683 si
1387 639 1611 697 placuisset
1642 639 1754 683 Deo.

111 722 376 779 Interrogata
402 722 436 764 si
464 738 547 765 vox
569 720 674 765 dixit
694 723 730 765 ei
753 723 796 765 in
821 723 1049 780 juventute
1073 721 1191 781 quod
1207 724 1296 781 ipsa
1310 721 1449 767 odiret
1467 722 1725 781 Burgundos
1747 740 1756 766 :

113 805 334 864 respondit
373 804 508 864 quod,
553 818 782 864 postquam
822 806 1033 850 intellexit
1071 822 1198 851 voces
1231 806 1348 865 quod
1389 819 1507 851 erant
1542 822 1620 865 pro
1664 823 1759 864 rege

112 889 314 942 Franciae,
346 904 434 932 non
457 887 605 932 dilexit
626 888 899 947 Burgundos.

171 973 452 1029 Interrogata,
481 974 589 1029 jovis
618 987 688 1015 xv.
722 974 879 1026 martii,
908 973 941 1015 si
966 971 1127 1031 aliquid
1161 973 1329 1027 fecerat,
1368 975 1411 1016 in
1436 973 1548 1018 facto
1576 990 1756 1032 guerrae,

110 1057 204 1100 sine
221 1055 402 1099 consilio
429 1054 606 1099 suarum
630 1072 791 1100 vocum
817 1072 825 1099 :
870 1055 1091 1114 respondit
1116 1074 1123 1100 :
1156 1074 1175 1096 «
1210 1058 1299 1100 Vos
1338 1057 1543 1101 habuistis
1565 1056 1636 1116 [de
1659 1057 1760 1116 hoc]

112 1155 371 1198 responsum
399 1156 447 1193 »3
473 1152 514 1183 et
553 1155 573 1178 «
603 1139 750 1197 legatis
788 1138 896 1183 bene
936 1139 1097 1184 librum
1125 1152 1331 1194 vestrum,
1370 1156 1447 1184 vos
1474 1142 1709 1199 reperietis.
1737 1158 1757 1181 ³>

115 1224 165 1267 Et
190 1236 333 1266 tamen
357 1222 463 1266 dixit
495 1221 630 1281 quod,
662 1222 713 1267 ad
750 1235 997 1281 requestam
1034 1223 1270 1267 hominurn
1296 1240 1537 1278 armorum,
1569 1224 1649 1268 fuit
1675 1224 1762 1268 fac-

113 1321 208 1351 tum
225 1323 367 1351 unum
388 1306 534 1350 valens
550 1306 725 1360 factum,
749 1306 897 1365 gallice
924 1323 998 1350 une
1016 1308 1214 1351 vaillance
1233 1316 1249 1340 4
1276 1307 1448 1352 d'armes
1473 1316 1504 1362 5,
1528 1322 1626 1352 ante
1648 1309 1760 1352 Pari-

113 1393 227 1446 sius3
256 1404 296 1435 et
321 1392 450 1434 etiam
481 1391 559 1434 ivit
587 1403 684 1434 ante
712 1390 859 1434 villam
883 1390 935 1435 de
963 1392 1166 1445 Caritate,
1190 1390 1240 1435 ad
1267 1404 1508 1450 requestam
1529 1393 1593 1436 sui
1623 1394 1759 1449 regis;

113 1493 155 1522 et
180 1494 269 1521 non
298 1477 380 1521 fuit
401 1490 548 1521 contra
570 1494 647 1522 uec
663 1494 736 1536 per
757 1491 1018 1536 praeceptum
1042 1494 1199 1522 vocum
1229 1495 1422 1523 suarum.
1446 1479 1709 1536 Interrogata
1728 1480 1762 1522 si

112 1577 308 1620 unquam
324 1561 424 1604 alias
445 1560 558 1614 fecit,
576 1574 724 1605 contra
746 1574 1010 1620 praeceptum
1026 1573 1066 1604 et
1090 1561 1361 1605 voluntatem
1381 1578 1557 1606 suarum
1575 1578 1732 1605 vocum
1752 1579 1759 1604 :

113 1644 335 1703 respondit
351 1644 457 1689 illud
482 1643 600 1703 quod
623 1646 666 1688 in
695 1644 952 1702 praecedenti
976 1645 1159 1689 articulo
1185 1658 1330 1689 actum
1346 1658 1421 1689 est.

172 1783 379 1826 XXXIX.
401 1798 421 1820 ((
448 1783 573 1833 ITEM,
603 1783 688 1826 licet
707 1785 840 1841 seplies
862 1785 905 1826 in
925 1783 987 1826 die
1008 1783 1124 1826 cadat
1142 1785 1293 1840 justus,
1317 1795 1418 1836 etc.,
1432 1782 1543 1826 dicta
1554 1783 1761 1838 ’Johanna

111 1866 218 1910 dixit
238 1879 384 1910 tamen
405 1878 446 1910 et
466 1865 701 1924 publicavit
720 1882 762 1910 se
784 1882 1014 1925 nunquam
1030 1866 1192 1912 fecisse,
1217 1878 1290 1910 aut
1310 1866 1462 1910 saltem
1481 1865 1650 1910 credere
1671 1883 1761 1910 non

111 1949 256 1994 fecisse
282 1966 410 2008 opera
447 1951 605 2009 peccati
640 1951 851 2004 mortalis,
887 1950 985 1994 licet
1012 1963 1157 1994 tamen
1197 1966 1349 1994 omnes
1376 1964 1493 1994 actus
1522 1966 1595 2009 per
1614 1962 1762 2008 gentes

112 2033 332 2078 bellicosas
352 2034 442 2077 fieri
466 2047 714 2087 consuetos,
738 2047 779 2078 et
802 2034 1049 2092 ampliores,
1079 2035 1268 2078 exercuit
1291 2034 1343 2078 de
1369 2034 1495 2086 facto,
1514 2046 1562 2078 ut
1583 2035 1625 2077 in
1652 2050 1761 2077 non-

113 2117 244 2162 nullis
259 2118 445 2162 articulis
474 2117 812 2176 praecedentibus
830 2131 871 2162 et
891 2117 1172 2176 sequentibus
1198 2118 1449 2161 declaratur.
1484 2137 1504 2159 >›

171 2201 190 2223 *
207 2202 272 2246 Ad
303 2202 416 2245 hunc
438 2205 453 2227 ὃ
481 2202 731 2254 articulum,
758 2201 827 2245 die
856 2203 1071 2255 mercurii,
1096 2217 1249 2245 xxviii.
1280 2203 1439 2256 martii,
1466 2200 1687 2259 respondit
1711 2210 1725 2235 7
1752 2218 1759 2244 :

116 2304 134 2325 «
161 2287 250 2343 Ego
274 2284 490 2343 respondi,
515 2298 555 2329 et
570 2285 706 2329 refero
732 2301 801 2328 me
823 2285 875 2329 ad
903 2284 1009 2329 illud
1035 2284 1152 2344 quod
1180 2285 1281 2329 alias
1302 2285 1353 2329 de
1383 2285 1465 2329 hoc
1486 2285 1591 2329 dixi.
1620 2303 1639 2325 »

173 2371 298 2423 Item,
327 2369 502 2423 sabbati,
530 2384 670 2412 xx1111.
697 2369 917 2423 februarii,
947 2371 1205 2426 interrogata
1238 2383 1387 2413 utrum
1422 2371 1509 2427 ipsa
1537 2370 1615 2412 scit
1642 2368 1759 2427 quod

114 2467 175 2497 est
201 2454 245 2496 in
269 2454 401 2511 gratia
421 2453 498 2496 Dei
522 2470 530 2496 :
562 2451 784 2511 respondit
814 2452 948 2511 quod,
984 2454 1018 2496 si
1050 2454 1137 2511 ipsa
1160 2469 1248 2496 non
1271 2454 1338 2506 sit,
1367 2453 1486 2496 Deus
1519 2465 1673 2510 ponat3
1701 2465 1757 2504 et,

114 2538 146 2579 si
171 2537 260 2595 ipsa
286 2538 355 2590 sit,
381 2537 499 2580 Deus
526 2553 621 2580 eam
650 2549 810 2580 teneat.
837 2537 888 2580 Et
911 2536 1018 2581 dixit
1042 2535 1159 2595 quod
1195 2549 1304 2580 esset
1325 2536 1517 2579 multum
1543 2535 1709 2588 dolens,
1728 2537 1760 2578 si

114 2621 238 2664 sciret
282 2637 326 2664 se
368 2636 456 2664 non
490 2636 579 2664 esse
619 2622 662 2664 in
696 2621 831 2678 gratia
864 2621 959 2664 Dei.
1011 2621 1132 2664 Dixit
1163 2620 1358 2673 ulterius,
1398 2621 1431 2662 si
1472 2621 1559 2677 ipsa
1584 2632 1692 2664 esset
1716 2621 1759 2663 in

165 2763 384 2816 *Respond
405 2778 411 2801 :
438 2779 456 2798 «
480 2763 566 2812 J'cn
588 2777 636 2816 ay
657 2763 874 2816 respondu.
902 2765 944 2812 Je
969 2761 1071 2801 m’en
1103 2763 1245 2802 actend
1266 2761 1330 2816 [ad
1362 2761 1425 2815 ce]
1455 2776 1531 2816 que
1552 2761 1761 2801 autresfois

116 2834 193 2886 j'en
219 2849 266 2887 ay
287 2835 344 2873 dit
362 2837 390 2873 8.
419 2852 438 2871 »

174 2989 201 3012 1.
225 2978 255 3012 C
270 2990 280 3012 :
294 2989 399 3023 agere.
420 3000 466 3003 —
488 2989 518 3012 2.
540 2979 603 3012 AB
622 2979 702 3023 etQ
721 2987 897 3013 omettent
916 2978 980 3012 die.
1005 2999 1049 3003 —
1073 2989 1101 3023 3.
1117 2977 1148 3012 C
1172 2990 1182 3012 :
1199 2990 1317 3012 unum.
1348 2999 1383 3003 -
1406 2988 1439 3020 4.
1464 2977 1494 3011 C
1516 2990 1525 3011 .·
1545 2978 1696 3012 valance.
1719 2998 1760 3001 —

128 3047 161 3079 5.
185 3038 216 3071 A
240 3050 250 3071 .·
267 3049 389 3083 armez.
407 3059 452 3063 —-
470 3037 503 3072 6.
524 3038 554 3071 A
576 3051 585 3071 .·
613 3039 816 3072 tricesimmn
836 3050 972 3072 nonum.
995 3059 1037 3062 —
1060 3049 1092 3083 7.
1113 3038 1144 3071 Α
1166 3038 1284 3083 ajoute
1301 3037 1389 3071 dicta
1403 3037 1567 3081 Johamm.
1589 3058 1635 3062 —
1658 3038 1690 3071 8.
1720 3036 1761 3080 U,

130 3097 188 3131 sol.
215 3107 256 3141 29
278 3107 322 3131 τί).
