2099 3356
331 195 489 240 PRom'zs
522 210 578 238 DE
611 205 961 237 coNDAMNATION
997 207 1053 235 DE
1085 206 1251 248 JEANNE
1284 190 1411 233 D'ARc
1637 203 1686 245 93

53 311 207 356 milites
232 311 307 369 qui
335 309 536 353 viderunt
559 321 600 352 et
621 306 880 352 audiverunt
900 321 1022 364 aeque
1051 304 1158 348 bene
1184 305 1293 347 sicut
1317 302 1466 347 eadem
1487 302 1687 357 Johanna

54 394 171 439 videt
204 393 423 437 homines¹
454 392 686 451 loquentes
709 390 787 434 sibi
815 402 856 433 et
882 401 1041 433 stantes
1074 403 1220 432 coram
1236 399 1312 431 ea:
1341 399 1444 429 tunc
1472 387 1560 443 ipsa
1597 400 1687 428 non

53 479 268 537 petivisset
291 479 396 520 scire
422 477 596 534 signum
619 473 828 533 praedictae
846 472 1189 516 Katharinae.-Et
1222 483 1367 514 tamen
1392 481 1513 513 antea
1537 467 1693 512 sciebat

55 577 127 622 per
152 572 315 605 sanctas
336 559 616 605 Katharinam
645 571 685 602 et
710 559 993 614 Margaretam
1018 554 1152 614 quod,
1176 553 1228 598 de
1248 553 1360 597 facto
1388 552 1510 596 dictae
1537 551 1697 595 Katha-

56 647 158 690 rinae
184 643 235 689 de
264 643 490 702 Ruppella‚
516 642 625 686 nihil
650 643 820 700 penitus
849 654 952 685 erat.

114 729 378 786 Interrogata
419 740 568 771 utrum
614 725 864 784 praedictum
903 725 1076 782 signum
1133 725 1265 781 ipsius
1311 722 1523 779 Johannae
1576 719 1701 763 duret

57 812 218 857 adhuc:
249 810 469 870 respondit
489 809 609 869 quod
631 809 797 854 bonum
813 821 874 852 est
897 809 1025 861 scire3
1058 821 1099 851 et
1133 806 1303 851 durabit
1331 821 1469 863 usque
1501 803 1552 847 ad
1574 787 1702 846 ‘mille

26 942 38 949 ,
57 912 193 940 annos
216 908 257 939 et
284 895 406 939 ultra.
431 896 542 938 Item
566 893 667 937 dicit
689 891 806 951 quod
824 891 993 936 dictum·
1017 893 1192 949 signum
1213 902 1275 934 est
1302 891 1346 933 in
1368 888 1572 933 thesauro
1594 887 1704 945 regis

58 981 138 1024 sui.

118 1059 380 1115 Interrogata
427 1069 576 1101 utrum
627 1056 681 1099 sit
724 1070 896 1107 aurum,
944 1065 1188 1112 argentum,
1239 1052 1342 1110 lapis
1385 1051 1597 1109 pretiosus
1638 1048 1705 1092 vel

60 1153 241 1187 corona²
269 1158 277 1184 ε
301 1139 543 1199 respondit:
577 1157 597 1180 «
621 1140 710 1197 Ego
738 1155 829 1183 non
856 1137 994 1182 dicam
1026 1136 1148 1181 vobis
1171 1135 1287 1180 aliud
1311 1144 1339 1189 ³,
1370 1151 1448 1178 nec
1473 1134 1609 1178 homo
1630 1134 1706 1176 sci-

61 1238 123 1270 ret
148 1224 381 1269 describere
403 1240 495 1268 rem
515 1222 621 1268 adeo
649 1222 831 1267 divitem
851 1223 960 1266 sicut
984 1233 1046 1265 est
1064 1222 1259 1279 signum;
1292 1232 1333 1263 et
1358 1231 1502 1263 tamen
1531 1219 1706 1275 signum
1727 1245 1732 1250 -

65 1308 182 1368 quod
203 1321 376 1368 oportet
404 1307 528 1352 vobis
547 1317 562 1341 4
587 1320 649 1352 est
675 1306 794 1366 quod
830 1308 949 1350 Deus
977 1322 1046 1350 me
1074 1304 1223 1348 liberet
1258 1319 1280 1347 a
1314 1302 1515 1347 manibus
1539 1303 1704 1354 vestris,

67 1406 108 1437 et
129 1405 190 1437 est
225 1395 380 1437 certius
402 1391 519 1451 quod
559 1393 648 1450 ipse
687 1393 789 1435 sciat
821 1389 943 1434 vobis
984 1389 1182 1433 mittere!
1214 1405 1233 1428 »
1275 1388 1386 1431 Item
1425 1386 1527 1431 dicit
1569 1383 1707 1444 quod,

66 1476 239 1536 quando
260 1476 408 1522 debuit
426 1476 617 1521 recedere
645 1491 721 1534 pro
749 1473 896 1519 eundo
921 1474 972 1518 ad
1000 1489 1143 1531 regem
1169 1488 1316 1524 suum,
1346 1471 1429 1515 fuit
1449 1469 1590 1514 eidem
1619 1469 1709 1513 dic-

67 1574 159 1606 tum
189 1577 262 1620 per
278 1577 375 1605 suas
394 1576 549 1605 voces:
590 1577 609 1600 «
640 1559 758 1604 Vade
785 1558 1010 1612 audacter3
1039 1555 1214 1616 quando
1248 1569 1296 1600 tu
1317 1556 1398 1599 eris
1427 1567 1526 1598 ante
1551 1569 1711 1611 regem,

67 1646 155 1704 ipse
181 1644 355 1689 habebit
383 1644 549 1689 bonum
577 1645 752 1703 signum
774 1642 826 1687 de
850 1640 1097 1701 recipiendo
1121 1654 1162 1685 te
1189 1654 1230 1684 et
1248 1637 1461 1684 credendo
1483 1637 1576 1682 tibi.
1609 1654 1628 1677 >³

71 1825 200 1860 oi'rent
218 1819 323 1858 aussi
345 1818 438 1858 bien
469 1831 627 1857 comme
644 1816 718 1856 elle
739 1817 823 1856 voit
842 1816 955 1855 ceulx
971 1816 1039 1870 qui
1052 1814 1250 1869 parloient
1273 1813 1294 1852 a
1312 1813 1387 1852 elle
1408 1811 1712 1866 aujomd’huy),

67 1905 224 1936 comme
250 1891 382 1944 celluy
405 1890 541 1929 dessus
563 1889 621 1929 dit
656 1899 756 1928 estre
794 1889 986 1937 monstre‚
1014 1887 1089 1926 elle
1114 1886 1241 1926 n'eust
1274 1886 1388 1939 point
1413 1883 1609 1924 demande
1634 1897 1714 1933 sca-

66 1965 153 2004 voir
170 1963 206 2003 le
225 1964 337 2017 signe
361 1963 409 2001 de
434 1962 576 2002 ladicte
596 1962 826 2001 Katherine.
860 1962 908 2000 Et
944 1960 1191 1999 toutesvoies
1217 1958 1290 1997 elle
1323 1957 1474 2007 scavoit
1498 1971 1546 1996 au
1572 1957 1716 1996 devant

69 2049 138 2090 par
164 2036 310 2075 saincte
331 2035 544 2074 Katherine
564 2043 602 2073 et
619 2034 766 2072 saincte
791 2033 1030 2086 Marguerite
1052 2045 1143 2085 que,
1163 2031 1215 2069 du
1240 2030 1308 2070 fait
1327 2030 1374 2069 de
1400 2029 1542 2069 ladicte
1565 2029 1715 2067 Kathe-

72 2108 157 2147 rine
185 2107 232 2147 de
264 2108 316 2146 La
341 2106 547 2154 Rochelle‚
574 2119 617 2145 ce
639 2105 756 2144 estoit
776 2114 864 2144 tout
888 2105 1020 2143 neant.

128 2180 384 2232 Interroguee
406 2192 446 2217 se
471 2178 568 2217 ledit
591 2178 702 2230 signe
724 2177 820 2216 dure
842 2190 986 2216 encore
1006 2191 1013 2214 :
1048 2174 1222 2228 respond
1241 2189 1248 2213 :
1278 2191 1296 2211 «
1323 2173 1353 2212 Il
1384 2183 1442 2213 est
1463 2172 1542 2213 bon
1577 2174 1597 2211 a
1635 2186 1718 2221 sca-

73 2252 177 2300 voir,
202 2261 239 2291 et
257 2250 351 2305 qu'il
373 2250 513 2289 durera
534 2251 694 2304 jusques
710 2248 730 2287 a
752 2248 822 2288 mil
841 2262 925 2297 ans,
950 2258 987 2287 et
1008 2247 1151 2287 oultre.
1190 2265 1206 2283 »

128 2324 236 2371 Item,
260 2336 337 2376 que
361 2322 458 2361 ledit
473 2322 585 2375 signe
610 2331 667 2360 est
693 2334 741 2359 en
760 2321 886 2359 tre'sor
907 2320 959 2359 du
984 2334 1070 2373 roy.

130 2395 385 2448 Interrogue'e
411 2407 454 2433 ce
476 2394 570 2433 c'est
591 2407 650 2442 or,
674 2402 824 2446 argent,
852 2406 905 2431 ou
927 2393 1055 2445 pierre
1068 2391 1288 2444 precieuse‚
1312 2403 1364 2428 ou
1381 2403 1613 2429 couronne:
1640 2402 1719 2427 res-

77 2467 183 2519 pond
203 2481 210 2505 :
228 2483 246 2502 «
259 2468 304 2516 Je
320 2480 368 2505 ne
384 2480 483 2505 vous
497 2479 545 2504 en
565 2465 674 2518 diray
698 2474 806 2503 autre
826 2464 947 2503 chose
962 2478 970 2512 3
987 2473 1024 2502 et
1039 2477 1087 2502 ne
1106 2463 1249 2511 scaroit
1262 2462 1426 2502 homme
1440 2461 1595 2500 deviser
1612 2460 1715 2499 aussi

77 2538 182 2578 riche
206 2539 326 2577 chose
352 2551 511 2577 comme
542 2547 599 2576 est
616 2536 651 2575 le
677 2537 810 2590 signe3
835 2545 872 2574 et
898 2535 1143 2574 toutesvoies
1172 2534 1207 2573 le
1238 2534 1350 2587 signe
1378 2533 1446 2586 qui
1474 2547 1574 2571 vous
1604 2531 1717 2580 fault,

77 2609 171 2648 c'est
191 2623 267 2664 que
288 2610 390 2648 Dieu
409 2624 472 2649 me
498 2608 645 2648 delivre
668 2609 715 2647 de
739 2622 811 2647 vos
835 2608 977 2655 maim,
1006 2617 1043 2646 et
1064 2616 1122 2646 est
1140 2606 1175 2645 le
1207 2606 1295 2658 plus
1327 2605 1472 2644 certain
1502 2603 1596 2658 qu'il
1622 2617 1719 2642 vous

80 2682 217 2730 scache
237 2684 437 2735 envoyer!
467 2697 484 2718 »

133 2754 238 2802 Item,
262 2753 319 2792 dit
343 2767 434 2807 que,
458 2762 580 2807 quant
601 2752 675 2792 elle
710 2752 823 2791 deust
858 2752 977 2805 parth¹
1018 2752 1038 2789 a
1077 2750 1171 2789 aller
1195 2750 1215 2788 a
1240 2764 1313 2789 son
1348 2763 1434 2802 roy,
1468 2749 1537 2802 luy
1575 2748 1634 2787 fut
1666 2748 1723 2787 dit

82 2837 150 2876 par
174 2839 233 2864 ses
268 2826 364 2877 voix
390 2839 398 2863 ;
428 2841 448 2861 ε(
472 2826 533 2863 Va
571 2825 847 2873 hardiement3
879 2837 955 2878 que
977 2832 1101 2877 quant
1131 2832 1172 2861 tu
1207 2836 1309 2861 seras
1351 2822 1489 2860 devers
1514 2821 1550 2860 le
1580 2834 1666 2873 roy,
1698 2820 1723 2858 il

82 2909 175 2944 aura
197 2895 277 2936 bon
300 2897 411 2950 signe
437 2897 484 2936 de
510 2906 546 2936 te
569 2897 775 2949 recepvoir
796 2904 834 2935 et
852 2896 991 2935 croire.
1024 2912 1041 2927 »³

137 3080 166 3104 1.
190 3069 425 3114 Qtdominos.
457 3092 503 3096 —
540 3082 576 3108 2,
600 3071 667 3105 AC
684 3082 727 3105 en
756 3082 875 3116 margo
900 3082 905 3103 :
928 3069 1028 3104 Nota.
1060 3090 1102 3093 ——
1137 3079 1165 3113 3.
1189 3069 1223 3113 Q
1243 3076 1343 3102 ornet
1372 3067 1478 3101 aliud.
1505 3087 1546 3091 —
1574 3076 1608 3109 4.
1633 3065 1663 3100 C
1682 3076 1725 3099 en

87 3139 206 3176 marge
226 3129 355 3165 (Nota.
