<?xml version="1.0" encoding="UTF-8"?>
<!DOCTYPE html PUBLIC "-//W3C//DTD XHTML 1.0 Transitional//EN"
    "http://www.w3.org/TR/xhtml1/DTD/xhtml1-transitional.dtd">
<html xmlns="http://www.w3.org/1999/xhtml" xml:lang="en" lang="en">
 <head>
  <title>
</title>
<meta http-equiv="Content-Type" content="text/html;charset=utf-8" />
  <meta name='ocr-system' content='tesseract 3.04.00' />
  <meta name='ocr-capabilities' content='ocr_page ocr_carea ocr_par ocr_line ocrx_word'/>
</head>
<body>
  <div class='ocr_page' id='page_1' title='image "./procsdecondamn01cham/procsdecondamn01cham_0328.png"; bbox 0 0 2099 3356; ppageno 0'>
   <div class='ocr_carea' id='block_1_1' title="bbox 291 165 1651 225">
    <p class='ocr_par' dir='ltr' id='par_1_1' title="bbox 291 165 1651 225">
     <span class='ocr_line' id='line_1_1' title="bbox 291 165 1651 225; baseline -0.002 -13"><span class='ocrx_word' id='word_1_1' title='bbox 291 171 374 225; x_wconf 87' lang='lat'><strong>278</strong></span> <span class='ocrx_word' id='word_1_2' title='bbox 570 165 730 210; x_wconf 66' lang='lat' dir='ltr'><strong>Pnocizs</strong></span> <span class='ocrx_word' id='word_1_3' title='bbox 763 179 819 208; x_wconf 84' lang='lat' dir='ltr'><strong>DE</strong></span> <span class='ocrx_word' id='word_1_4' title='bbox 851 178 1205 209; x_wconf 81' lang='lat' dir='ltr'>CONDAMNATION</span> <span class='ocrx_word' id='word_1_5' title='bbox 1238 179 1294 209; x_wconf 86' lang='lat' dir='ltr'><strong>DE</strong></span> <span class='ocrx_word' id='word_1_6' title='bbox 1324 179 1491 221; x_wconf 77' lang='lat' dir='ltr'>JEANNE</span> <span class='ocrx_word' id='word_1_7' title='bbox 1525 166 1651 209; x_wconf 81' lang='lat' dir='ltr'>D&#39;ARC</span> 
     </span>
    </p>
   </div>
   <div class='ocr_carea' id='block_1_2' title="bbox 289 276 1941 1506">
    <p class='ocr_par' dir='ltr' id='par_1_2' title="bbox 289 276 1941 1325">
     <span class='ocr_line' id='line_1_2' title="bbox 289 276 1931 336; baseline -0.002 -10"><span class='ocrx_word' id='word_1_8' title='bbox 289 281 411 326; x_wconf 87' lang='lat' dir='ltr'><strong>sibile</strong></span> <span class='ocrx_word' id='word_1_9' title='bbox 435 281 568 325; x_wconf 89' lang='lat' dir='ltr'><strong>facere</strong></span> <span class='ocrx_word' id='word_1_10' title='bbox 596 279 862 323; x_wconf 87' lang='lat' dir='ltr'><strong>contrarium</strong></span> <span class='ocrx_word' id='word_1_11' title='bbox 884 293 1052 322; x_wconf 90' lang='lat' dir='ltr'><strong>eorum.</strong></span> <span class='ocrx_word' id='word_1_12' title='bbox 1094 278 1249 336; x_wconf 86' lang='lat' dir='ltr'>Neque</span> <span class='ocrx_word' id='word_1_13' title='bbox 1279 277 1330 322; x_wconf 94' lang='lat' dir='ltr'><strong>de</strong></span> <span class='ocrx_word' id='word_1_14' title='bbox 1369 278 1435 322; x_wconf 90' lang='lat' dir='ltr'><strong>his</strong></span> <span class='ocrx_word' id='word_1_15' title='bbox 1465 294 1508 322; x_wconf 91' lang='lat' dir='ltr'><strong>se</strong></span> <span class='ocrx_word' id='word_1_16' title='bbox 1552 278 1645 322; x_wconf 90' lang='lat' dir='ltr'><strong>vult</strong></span> <span class='ocrx_word' id='word_1_17' title='bbox 1692 276 1844 322; x_wconf 91' lang='lat' dir='ltr'><strong>referre</strong></span> <span class='ocrx_word' id='word_1_18' title='bbox 1879 276 1931 322; x_wconf 88' lang='lat' dir='ltr'><strong>ad</strong></span> 
     </span>
     <span class='ocr_line' id='line_1_3' title="bbox 291 361 1931 420; baseline -0.003 -11"><span class='ocrx_word' id='word_1_19' title='bbox 291 365 699 410; x_wconf 86' lang='lat' dir='ltr'><strong>determinationem</strong></span> <span class='ocrx_word' id='word_1_20' title='bbox 723 361 918 406; x_wconf 87' lang='lat' dir='ltr'><strong>Ecclesiae</strong></span> <span class='ocrx_word' id='word_1_21' title='bbox 965 361 1205 413; x_wconf 85' lang='lat' dir='ltr'><strong>militantis,</strong></span> <span class='ocrx_word' id='word_1_22' title='bbox 1242 373 1314 405; x_wconf 90' lang='lat' dir='ltr'><strong>aut</strong></span> <span class='ocrx_word' id='word_1_23' title='bbox 1348 377 1674 420; x_wconf 89' lang='lat' dir='ltr'><strong>quemcumque</strong></span> <span class='ocrx_word' id='word_1_24' title='bbox 1702 361 1931 405; x_wconf 89' lang='lat' dir='ltr'><strong>hominem</strong></span> 
     </span>
     <span class='ocr_line' id='line_1_4' title="bbox 293 445 1934 503; baseline -0.002 -10"><span class='ocrx_word' id='word_1_25' title='bbox 293 447 465 501; x_wconf 90' lang='lat' dir='ltr'><strong>mundi,</strong></span> <span class='ocrx_word' id='word_1_26' title='bbox 494 446 566 491; x_wconf 90' lang='lat' dir='ltr'><strong>sed</strong></span> <span class='ocrx_word' id='word_1_27' title='bbox 605 445 657 490; x_wconf 87' lang='lat' dir='ltr'><strong>ad</strong></span> <span class='ocrx_word' id='word_1_28' title='bbox 696 445 841 489; x_wconf 88' lang='lat' dir='ltr'><strong>solum</strong></span> <span class='ocrx_word' id='word_1_29' title='bbox 875 446 1020 489; x_wconf 89' lang='lat' dir='ltr'><strong>Deum</strong></span> <span class='ocrx_word' id='word_1_30' title='bbox 1060 445 1308 490; x_wconf 91' lang='lat' dir='ltr'><strong>Dominum</strong></span> <span class='ocrx_word' id='word_1_31' title='bbox 1336 456 1552 498; x_wconf 88' lang='lat' dir='ltr'><strong>nostrum,</strong></span> <span class='ocrx_word' id='word_1_32' title='bbox 1580 446 1701 502; x_wconf 86' lang='lat' dir='ltr'><strong>cujus</strong></span> <span class='ocrx_word' id='word_1_33' title='bbox 1728 457 1934 503; x_wconf 85' lang='lat' dir='ltr'><strong>praecepta</strong></span> 
     </span>
     <span class='ocr_line' id='line_1_5' title="bbox 291 526 1934 589; baseline -0.003 -12"><span class='ocrx_word' id='word_1_34' title='bbox 291 547 459 589; x_wconf 85' lang='lat' dir='ltr'><strong>semper</strong></span> <span class='ocrx_word' id='word_1_35' title='bbox 482 530 620 583; x_wconf 86' lang='lat' dir='ltr'><strong>faciet,</strong></span> <span class='ocrx_word' id='word_1_36' title='bbox 652 530 862 587; x_wconf 89' lang='lat' dir='ltr'><strong>praecipue</strong></span> <span class='ocrx_word' id='word_1_37' title='bbox 906 526 1050 587; x_wconf 81' lang='lat' dir='ltr'><strong>quoad</strong></span> <span class='ocrx_word' id='word_1_38' title='bbox 1093 529 1318 573; x_wconf 85' lang='lat' dir='ltr'><strong>materiam</strong></span> <span class='ocrx_word' id='word_1_39' title='bbox 1354 527 1670 572; x_wconf 83' lang='lat' dir='ltr'><strong>revelationum</strong></span> <span class='ocrx_word' id='word_1_40' title='bbox 1703 541 1745 573; x_wconf 92' lang='lat' dir='ltr'><strong>et</strong></span> <span class='ocrx_word' id='word_1_41' title='bbox 1780 544 1934 573; x_wconf 90' lang='lat' dir='ltr'><strong>eorum</strong></span> 
     </span>
     <span class='ocr_line' id='line_1_6' title="bbox 293 611 1937 675; baseline -0.002 -16"><span class='ocrx_word' id='word_1_42' title='bbox 293 631 390 675; x_wconf 87' lang='lat' dir='ltr'><strong>quae</strong></span> <span class='ocrx_word' id='word_1_43' title='bbox 413 614 515 658; x_wconf 89' lang='lat' dir='ltr'><strong>dicit</strong></span> <span class='ocrx_word' id='word_1_44' title='bbox 533 621 542 639; x_wconf 89' lang='lat'>¹</span> <span class='ocrx_word' id='word_1_45' title='bbox 566 628 609 657; x_wconf 93' lang='lat' dir='ltr'><strong>se</strong></span> <span class='ocrx_word' id='word_1_46' title='bbox 635 612 781 657; x_wconf 87' lang='lat' dir='ltr'><strong>fecisse</strong></span> <span class='ocrx_word' id='word_1_47' title='bbox 804 628 877 670; x_wconf 90' lang='lat' dir='ltr'><strong>per</strong></span> <span class='ocrx_word' id='word_1_48' title='bbox 895 611 1192 656; x_wconf 88' lang='lat' dir='ltr'><strong>revelationes.</strong></span> <span class='ocrx_word' id='word_1_49' title='bbox 1224 612 1275 656; x_wconf 90' lang='lat' dir='ltr'><strong>Et</strong></span> <span class='ocrx_word' id='word_1_50' title='bbox 1303 612 1412 656; x_wconf 81' lang='lat' dir='ltr'><strong>hanc</strong></span> <span class='ocrx_word' id='word_1_51' title='bbox 1433 614 1759 671; x_wconf 84' lang='lat' dir='ltr'><strong>responsionem</strong></span> <span class='ocrx_word' id='word_1_52' title='bbox 1782 624 1822 656; x_wconf 90' lang='lat' dir='ltr'><strong>et</strong></span> <span class='ocrx_word' id='word_1_53' title='bbox 1837 611 1937 656; x_wconf 85' lang='lat' dir='ltr'><strong>alias</strong></span> 
     </span>
     <span class='ocr_line' id='line_1_7' title="bbox 294 683 1935 756; baseline -0.002 -14"><span class='ocrx_word' id='word_1_54' title='bbox 294 698 598 756; x_wconf 85' lang='lat' dir='ltr'><strong>responsiones</strong></span> <span class='ocrx_word' id='word_1_55' title='bbox 625 695 728 740; x_wconf 88' lang='lat' dir='ltr'><strong>dicit</strong></span> <span class='ocrx_word' id='word_1_56' title='bbox 771 710 815 739; x_wconf 89' lang='lat' dir='ltr'><strong>se</strong></span> <span class='ocrx_word' id='word_1_57' title='bbox 862 689 951 739; x_wconf 84' lang='lat' dir='ltr'><strong>non</strong></span> <span class='ocrx_word' id='word_1_58' title='bbox 996 694 1144 740; x_wconf 89' lang='lat' dir='ltr'><strong>fecisse</strong></span> <span class='ocrx_word' id='word_1_59' title='bbox 1189 683 1421 740; x_wconf 85' lang='lat' dir='ltr'><strong>innitendo</strong></span> <span class='ocrx_word' id='word_1_60' title='bbox 1453 696 1628 754; x_wconf 87' lang='lat' dir='ltr'><strong>proprio</strong></span> <span class='ocrx_word' id='word_1_61' title='bbox 1672 696 1818 754; x_wconf 82' lang='lat' dir='ltr'><strong>capiti,</strong></span> <span class='ocrx_word' id='word_1_62' title='bbox 1863 694 1935 741; x_wconf 87' lang='lat' dir='ltr'><strong>sed</strong></span> 
     </span>
     <span class='ocr_line' id='line_1_8' title="bbox 294 777 1939 838; baseline -0.002 -12"><span class='ocrx_word' id='word_1_63' title='bbox 294 780 466 826; x_wconf 88' lang='lat' dir='ltr'><strong>easdem</strong></span> <span class='ocrx_word' id='word_1_64' title='bbox 493 780 796 838; x_wconf 85' lang='lat' dir='ltr'><strong>responsiones</strong></span> <span class='ocrx_word' id='word_1_65' title='bbox 821 778 920 824; x_wconf 89' lang='lat' dir='ltr'><strong>fecit</strong></span> <span class='ocrx_word' id='word_1_66' title='bbox 945 790 987 824; x_wconf 89' lang='lat' dir='ltr'><strong>et</strong></span> <span class='ocrx_word' id='word_1_67' title='bbox 1011 777 1128 823; x_wconf 88' lang='lat' dir='ltr'><strong>dedit</strong></span> <span class='ocrx_word' id='word_1_68' title='bbox 1151 778 1202 823; x_wconf 93' lang='lat' dir='ltr'><strong>de</strong></span> <span class='ocrx_word' id='word_1_69' title='bbox 1231 791 1443 837; x_wconf 84' lang='lat' dir='ltr'><strong>praecepto</strong></span> <span class='ocrx_word' id='word_1_70' title='bbox 1479 795 1640 823; x_wconf 92' lang='lat' dir='ltr'><strong>vocum</strong></span> <span class='ocrx_word' id='word_1_71' title='bbox 1686 791 1727 823; x_wconf 91' lang='lat' dir='ltr'><strong>et</strong></span> <span class='ocrx_word' id='word_1_72' title='bbox 1774 778 1939 824; x_wconf 87' lang='lat' dir='ltr'><strong>revela-</strong></span> 
     </span>
     <span class='ocr_line' id='line_1_9' title="bbox 295 861 1940 921; baseline -0.002 -12"><span class='ocrx_word' id='word_1_73' title='bbox 295 867 470 910; x_wconf 89' lang='lat' dir='ltr'><strong>tionum</strong></span> <span class='ocrx_word' id='word_1_74' title='bbox 490 862 571 908; x_wconf 90' lang='lat' dir='ltr'><strong>sibi</strong></span> <span class='ocrx_word' id='word_1_75' title='bbox 593 863 818 916; x_wconf 82' lang='lat' dir='ltr'><strong>factarum,</strong></span> <span class='ocrx_word' id='word_1_76' title='bbox 856 863 1054 921; x_wconf 89' lang='lat' dir='ltr'><strong>quamvis</strong></span> <span class='ocrx_word' id='word_1_77' title='bbox 1081 861 1205 907; x_wconf 84' lang='lat' dir='ltr'><strong>dictae</strong></span> <span class='ocrx_word' id='word_1_78' title='bbox 1231 861 1443 916; x_wconf 70' lang='lat' dir='ltr'><strong>foeminae,</strong></span> <span class='ocrx_word' id='word_1_79' title='bbox 1471 877 1545 921; x_wconf 89' lang='lat' dir='ltr'><strong>per</strong></span> <span class='ocrx_word' id='word_1_80' title='bbox 1576 861 1737 920; x_wconf 83' lang='lat' dir='ltr'><strong>judices</strong></span> <span class='ocrx_word' id='word_1_81' title='bbox 1761 874 1802 907; x_wconf 89' lang='lat' dir='ltr'><strong>et</strong></span> <span class='ocrx_word' id='word_1_82' title='bbox 1833 862 1940 906; x_wconf 83' lang='lat' dir='ltr'><strong>alios</strong></span> 
     </span>
     <span class='ocr_line' id='line_1_10' title="bbox 295 944 1941 1006; baseline -0.001 -14"><span class='ocrx_word' id='word_1_83' title='bbox 295 947 455 993; x_wconf 88' lang='lat' dir='ltr'><strong>ibidem</strong></span> <span class='ocrx_word' id='word_1_84' title='bbox 478 959 721 1006; x_wconf 66' lang='lat' dir='ltr'><strong>praesentes,</strong></span> <span class='ocrx_word' id='word_1_85' title='bbox 744 947 899 1004; x_wconf 79' lang='lat' dir='ltr'><strong>saepius</strong></span> <span class='ocrx_word' id='word_1_86' title='bbox 944 945 1071 990; x_wconf 88' lang='lat' dir='ltr'><strong>fuerit</strong></span> <span class='ocrx_word' id='word_1_87' title='bbox 1111 945 1347 990; x_wconf 84' lang='lat' dir='ltr'><strong>declaratus</strong></span> <span class='ocrx_word' id='word_1_88' title='bbox 1377 945 1581 990; x_wconf 83' lang='lat' dir='ltr'><strong>articulus</strong></span> <span class='ocrx_word' id='word_1_89' title='bbox 1613 944 1730 1000; x_wconf 84' lang='lat' dir='ltr'><strong>fidei,</strong></span> <span class='ocrx_word' id='word_1_90' title='bbox 1766 946 1841 1005; x_wconf 86' lang='lat' dir='ltr'><strong>qui</strong></span> <span class='ocrx_word' id='word_1_91' title='bbox 1880 959 1941 991; x_wconf 89' lang='lat' dir='ltr'><strong>est</strong></span> 
     </span>
     <span class='ocr_line' id='line_1_11' title="bbox 304 1028 1940 1088; baseline -0.002 -12"><span class='ocrx_word' id='word_1_92' title='bbox 304 1033 439 1076; x_wconf 81' lang='lat' dir='ltr'><strong>Unam</strong></span> <span class='ocrx_word' id='word_1_93' title='bbox 470 1040 651 1076; x_wconf 78' lang='lat' dir='ltr'><strong>sanclam</strong></span> <span class='ocrx_word' id='word_1_94' title='bbox 679 1030 897 1074; x_wconf 82' lang='lat' dir='ltr'><strong>Ecclesiam</strong></span> <span class='ocrx_word' id='word_1_95' title='bbox 920 1029 1171 1082; x_wconf 84' lang='lat' dir='ltr'><strong>catholicam,</strong></span> <span class='ocrx_word' id='word_1_96' title='bbox 1201 1028 1343 1073; x_wconf 92' lang='lat' dir='ltr'><strong>eidem</strong></span> <span class='ocrx_word' id='word_1_97' title='bbox 1380 1028 1665 1087; x_wconf 81' lang='lat' dir='ltr'><strong>exprimendo</strong></span> <span class='ocrx_word' id='word_1_98' title='bbox 1693 1030 1814 1087; x_wconf 89' lang='lat' dir='ltr'><strong>quod</strong></span> <span class='ocrx_word' id='word_1_99' title='bbox 1847 1030 1940 1088; x_wconf 87' lang='lat' dir='ltr'><strong>qui-</strong></span> 
     </span>
     <span class='ocr_line' id='line_1_12' title="bbox 298 1112 1940 1166; baseline -0.001 -7"><span class='ocrx_word' id='word_1_100' title='bbox 298 1115 397 1159; x_wconf 86' lang='lat' dir='ltr'><strong>libet</strong></span> <span class='ocrx_word' id='word_1_101' title='bbox 424 1114 560 1159; x_wconf 87' lang='lat' dir='ltr'><strong>fidelis</strong></span> <span class='ocrx_word' id='word_1_102' title='bbox 584 1115 721 1157; x_wconf 85' lang='lat' dir='ltr'><strong>viator</strong></span> <span class='ocrx_word' id='word_1_103' title='bbox 745 1126 917 1158; x_wconf 89' lang='lat' dir='ltr'><strong>tenetur</strong></span> <span class='ocrx_word' id='word_1_104' title='bbox 945 1112 1135 1166; x_wconf 88' lang='lat' dir='ltr'><strong>obedire,</strong></span> <span class='ocrx_word' id='word_1_105' title='bbox 1162 1125 1203 1156; x_wconf 91' lang='lat' dir='ltr'><strong>et</strong></span> <span class='ocrx_word' id='word_1_106' title='bbox 1225 1112 1332 1158; x_wconf 84' lang='lat' dir='ltr'><strong>facta</strong></span> <span class='ocrx_word' id='word_1_107' title='bbox 1358 1129 1403 1156; x_wconf 84' lang='lat' dir='ltr'><strong>ac</strong></span> <span class='ocrx_word' id='word_1_108' title='bbox 1440 1113 1552 1158; x_wconf 81' lang='lat' dir='ltr'><strong>dicta</strong></span> <span class='ocrx_word' id='word_1_109' title='bbox 1576 1129 1651 1157; x_wconf 88' lang='lat' dir='ltr'><strong>sua</strong></span> <span class='ocrx_word' id='word_1_110' title='bbox 1687 1112 1940 1158; x_wconf 87' lang='lat' dir='ltr'><strong>submittere</strong></span> 
     </span>
     <span class='ocr_line' id='line_1_13' title="bbox 299 1194 1941 1254; baseline -0.002 -12"><span class='ocrx_word' id='word_1_111' title='bbox 299 1197 495 1242; x_wconf 83' lang='lat' dir='ltr'><strong>Ecclesiae</strong></span> <span class='ocrx_word' id='word_1_112' title='bbox 517 1196 739 1249; x_wconf 79' lang='lat' dir='ltr'><strong>militanti,</strong></span> <span class='ocrx_word' id='word_1_113' title='bbox 769 1196 980 1254; x_wconf 84' lang='lat' dir='ltr'><strong>praecipue</strong></span> <span class='ocrx_word' id='word_1_114' title='bbox 1020 1196 1062 1239; x_wconf 88' lang='lat' dir='ltr'><strong>in</strong></span> <span class='ocrx_word' id='word_1_115' title='bbox 1093 1197 1268 1240; x_wconf 85' lang='lat' dir='ltr'><strong>materia</strong></span> <span class='ocrx_word' id='word_1_116' title='bbox 1305 1194 1404 1240; x_wconf 86' lang='lat' dir='ltr'><strong>fidei</strong></span> <span class='ocrx_word' id='word_1_117' title='bbox 1429 1207 1470 1240; x_wconf 92' lang='lat' dir='ltr'><strong>et</strong></span> <span class='ocrx_word' id='word_1_118' title='bbox 1490 1211 1587 1254; x_wconf 81' lang='lat' dir='ltr'><strong>quae</strong></span> <span class='ocrx_word' id='word_1_119' title='bbox 1611 1197 1747 1254; x_wconf 84' lang='lat' dir='ltr'><strong>tangit</strong></span> <span class='ocrx_word' id='word_1_120' title='bbox 1781 1194 1941 1240; x_wconf 89' lang='lat' dir='ltr'><strong>doctri-</strong></span> 
     </span>
     <span class='ocr_line' id='line_1_14' title="bbox 300 1279 1340 1325; baseline -0.006 0"><span class='ocrx_word' id='word_1_121' title='bbox 300 1296 399 1325; x_wconf 87' lang='lat' dir='ltr'><strong>nam</strong></span> <span class='ocrx_word' id='word_1_122' title='bbox 428 1295 590 1325; x_wconf 86' lang='lat' dir='ltr'><strong>sacram</strong></span> <span class='ocrx_word' id='word_1_123' title='bbox 612 1292 652 1324; x_wconf 89' lang='lat' dir='ltr'><strong>et</strong></span> <span class='ocrx_word' id='word_1_124' title='bbox 670 1279 968 1324; x_wconf 86' lang='lat' dir='ltr'><strong>ecclesiasticas</strong></span> <span class='ocrx_word' id='word_1_125' title='bbox 985 1280 1229 1324; x_wconf 87' lang='lat' dir='ltr'><strong>sanctiones</strong></span> <span class='ocrx_word' id='word_1_126' title='bbox 1250 1287 1280 1322; x_wconf 91' lang='lat'><strong>².</strong></span> <span class='ocrx_word' id='word_1_127' title='bbox 1321 1296 1340 1319; x_wconf 84' lang='grc'>»</span> 
     </span>
    </p>

    <p class='ocr_par' dir='ltr' id='par_1_3' title="bbox 299 1362 1939 1506">
     <span class='ocr_line' id='line_1_15' title="bbox 357 1362 1939 1422; baseline -0.001 -14"><span class='ocrx_word' id='word_1_128' title='bbox 357 1365 570 1422; x_wconf 85' lang='lat' dir='ltr'><strong>Deinceps</strong></span> <span class='ocrx_word' id='word_1_129' title='bbox 596 1375 838 1421; x_wconf 88' lang='lat' dir='ltr'><strong>sequuntur</strong></span> <span class='ocrx_word' id='word_1_130' title='bbox 858 1362 1186 1407; x_wconf 84' lang='lat' dir='ltr'><strong>deliberationes</strong></span> <span class='ocrx_word' id='word_1_131' title='bbox 1213 1362 1321 1407; x_wconf 78' lang='lat' dir='ltr'><strong>datae</strong></span> <span class='ocrx_word' id='word_1_132' title='bbox 1350 1378 1478 1421; x_wconf 87' lang='lat' dir='ltr'><strong>super</strong></span> <span class='ocrx_word' id='word_1_133' title='bbox 1498 1362 1805 1408; x_wconf 76' lang='lat' dir='ltr'><strong>assertionibus</strong></span> <span class='ocrx_word' id='word_1_134' title='bbox 1834 1377 1939 1421; x_wconf 80' lang='lat' dir='ltr'><strong>prae-</strong></span> 
     </span>
     <span class='ocr_line' id='line_1_16' title="bbox 299 1445 1616 1506; baseline -0.002 -14"><span class='ocrx_word' id='word_1_135' title='bbox 299 1447 437 1502; x_wconf 82' lang='lat' dir='ltr'><strong>dictis,</strong></span> <span class='ocrx_word' id='word_1_136' title='bbox 461 1463 567 1506; x_wconf 89' lang='lat' dir='ltr'><strong>quas</strong></span> <span class='ocrx_word' id='word_1_137' title='bbox 582 1448 820 1504; x_wconf 87' lang='lat' dir='ltr'><strong>recepimus</strong></span> <span class='ocrx_word' id='word_1_138' title='bbox 853 1445 1030 1490; x_wconf 78' lang='lat' dir='ltr'><strong>diversis</strong></span> <span class='ocrx_word' id='word_1_139' title='bbox 1057 1445 1207 1492; x_wconf 85' lang='lat' dir='ltr'><strong>diebus</strong></span> <span class='ocrx_word' id='word_1_140' title='bbox 1234 1445 1616 1505; x_wconf 86' lang='lat' dir='ltr'><strong>subsequentibus.</strong></span> 
     </span>
    </p>
   </div>
   <div class='ocr_carea' id='block_1_3' title="bbox 301 1628 1944 1817">
    <p class='ocr_par' dir='ltr' id='par_1_4' title="bbox 301 1628 1944 1817">
     <span class='ocr_line' id='line_1_17' title="bbox 301 1628 1942 1673; baseline -0.001 -7"><span class='ocrx_word' id='word_1_141' title='bbox 301 1628 357 1666; x_wconf 87' lang='lat' dir='ltr'><strong>ET</strong></span> <span class='ocrx_word' id='word_1_142' title='bbox 378 1638 514 1673; x_wconf 82' lang='lat' dir='ltr'>PRIMO,</span> <span class='ocrx_word' id='word_1_143' title='bbox 540 1638 605 1665; x_wconf 67' lang='lat' dir='ltr'>xx&#39;1</span> <span class='ocrx_word' id='word_1_144' title='bbox 630 1638 835 1664; x_wconf 85' lang='lat' dir='ltr'>DOCTORES</span> <span class='ocrx_word' id='word_1_145' title='bbox 852 1638 898 1664; x_wconf 88' lang='lat' dir='ltr'><strong>ET</strong></span> <span class='ocrx_word' id='word_1_146' title='bbox 922 1638 960 1664; x_wconf 92' lang='lat' dir='ltr'><strong>Vl</strong></span> <span class='ocrx_word' id='word_1_147' title='bbox 979 1637 1060 1664; x_wconf 78' lang='lat' dir='ltr'><strong>TAM</strong></span> <span class='ocrx_word' id='word_1_148' title='bbox 1073 1637 1300 1664; x_wconf 83' lang='lat' dir='ltr'>LICENTIATI</span> <span class='ocrx_word' id='word_1_149' title='bbox 1323 1637 1437 1669; x_wconf 78' lang='lat' dir='ltr'><strong>QUAM</strong></span> <span class='ocrx_word' id='word_1_150' title='bbox 1464 1638 1700 1665; x_wconf 76' lang='lat' dir='ltr'>BACHALARII</span> <span class='ocrx_word' id='word_1_151' title='bbox 1727 1638 1766 1665; x_wconf 71' lang='lat' dir='ltr'><strong>IN</strong></span> <span class='ocrx_word' id='word_1_152' title='bbox 1788 1637 1907 1665; x_wconf 72' lang='lat' dir='ltr'>SACRA</span> <span class='ocrx_word' id='word_1_153' title='bbox 1931 1632 1942 1657; x_wconf 83' lang='lat'>3</span> 
     </span>
     <span class='ocr_line' id='line_1_18' title="bbox 354 1709 1944 1737; baseline 0 0"><span class='ocrx_word' id='word_1_154' title='bbox 354 1710 585 1737; x_wconf 80' lang='lat' dir='ltr'>THEOLOGIA</span> <span class='ocrx_word' id='word_1_155' title='bbox 628 1709 981 1737; x_wconf 74' lang='lat' dir='ltr'><strong>DELIBERAVERUNT</strong></span> <span class='ocrx_word' id='word_1_156' title='bbox 1018 1709 1150 1736; x_wconf 80' lang='lat' dir='ltr'>PROUT</span> <span class='ocrx_word' id='word_1_157' title='bbox 1189 1709 1446 1736; x_wconf 77' lang='lat' dir='ltr'>CONTINETUR</span> <span class='ocrx_word' id='word_1_158' title='bbox 1484 1710 1524 1737; x_wconf 90' lang='lat' dir='ltr'><strong>IN</strong></span> <span class='ocrx_word' id='word_1_159' title='bbox 1556 1709 1841 1737; x_wconf 66' lang='lat' dir='ltr'><strong>INSTRL&#39;MENTO</strong></span> <span class='ocrx_word' id='word_1_160' title='bbox 1873 1710 1944 1737; x_wconf 81' lang='lat' dir='ltr'><strong>PU-</strong></span> 
     </span>
     <span class='ocr_line' id='line_1_19' title="bbox 356 1758 1864 1817; baseline 0 -10"><span class='ocrx_word' id='word_1_161' title='bbox 356 1780 514 1815; x_wconf 70' lang='lat' dir='ltr'>BL1C04‚</span> <span class='ocrx_word' id='word_1_162' title='bbox 538 1782 660 1808; x_wconf 66' lang='lat' dir='ltr'>SUPER</span> <span class='ocrx_word' id='word_1_163' title='bbox 677 1781 757 1807; x_wconf 89' lang='lat' dir='ltr'><strong>llOC</strong></span> <span class='ocrx_word' id='word_1_164' title='bbox 780 1781 1002 1815; x_wconf 69' lang='lat' dir='ltr'>CONFECTO,</span> <span class='ocrx_word' id='word_1_165' title='bbox 1026 1781 1146 1817; x_wconf 83' lang='lat' dir='ltr'>CUJUS</span> <span class='ocrx_word' id='word_1_166' title='bbox 1164 1781 1296 1808; x_wconf 70' lang='lat' dir='ltr'>TENOR</span> <span class='ocrx_word' id='word_1_167' title='bbox 1319 1781 1518 1813; x_wconf 80' lang='lat' dir='ltr'><strong>SEQUITUR</strong></span> <span class='ocrx_word' id='word_1_168' title='bbox 1541 1778 1549 1802; x_wconf 78' lang='lat'>3</span> <span class='ocrx_word' id='word_1_169' title='bbox 1577 1782 1583 1808; x_wconf 88' lang='lat'>:</span> <span class='ocrx_word' id='word_1_170' title='bbox 1861 1758 1864 1760; x_wconf 87' lang='lat'>·</span> 
     </span>
    </p>
   </div>
   <div class='ocr_carea' id='block_1_4' title="bbox 300 1888 1950 2514">
    <p class='ocr_par' dir='ltr' id='par_1_5' title="bbox 300 1888 1950 2514">
     <span class='ocr_line' id='line_1_20' title="bbox 355 1888 1942 1942; baseline 0.001 -16"><span class='ocrx_word' id='word_1_171' title='bbox 355 1906 372 1926; x_wconf 89' lang='lat'>«</span> <span class='ocrx_word' id='word_1_172' title='bbox 400 1891 442 1928; x_wconf 88' lang='lat' dir='ltr'><strong>In</strong></span> <span class='ocrx_word' id='word_1_173' title='bbox 466 1890 630 1928; x_wconf 86' lang='lat' dir='ltr'><strong>nomine</strong></span> <span class='ocrx_word' id='word_1_174' title='bbox 647 1889 828 1936; x_wconf 88' lang='lat' dir='ltr'><strong>Domini,</strong></span> <span class='ocrx_word' id='word_1_175' title='bbox 852 1901 982 1927; x_wconf 84' lang='lat' dir='ltr'><strong>amen.</strong></span> <span class='ocrx_word' id='word_1_176' title='bbox 1005 1890 1076 1927; x_wconf 88' lang='lat' dir='ltr'><strong>Per</strong></span> <span class='ocrx_word' id='word_1_177' title='bbox 1098 1889 1173 1927; x_wconf 89' lang='lat' dir='ltr'><strong>hoc</strong></span> <span class='ocrx_word' id='word_1_178' title='bbox 1197 1901 1371 1941; x_wconf 83' lang='lat' dir='ltr'><strong>praesens</strong></span> <span class='ocrx_word' id='word_1_179' title='bbox 1388 1888 1592 1942; x_wconf 87' lang='lat' dir='ltr'><strong>publicum</strong></span> <span class='ocrx_word' id='word_1_180' title='bbox 1614 1889 1942 1937; x_wconf 81' lang='lat' dir='ltr'><strong>instrumentum,</strong></span> 
     </span>
     <span class='ocr_line' id='line_1_21' title="bbox 300 1959 1946 2013; baseline -0.001 -13"><span class='ocrx_word' id='word_1_181' title='bbox 300 1963 453 2000; x_wconf 89' lang='lat' dir='ltr'><strong>cunctis</strong></span> <span class='ocrx_word' id='word_1_182' title='bbox 479 1970 606 2013; x_wconf 85' lang='lat' dir='ltr'><strong>pateat</strong></span> <span class='ocrx_word' id='word_1_183' title='bbox 627 1959 834 1999; x_wconf 84' lang='lat' dir='ltr'><strong>evidenter</strong></span> <span class='ocrx_word' id='word_1_184' title='bbox 857 1969 894 1999; x_wconf 89' lang='lat' dir='ltr'><strong>et</strong></span> <span class='ocrx_word' id='word_1_185' title='bbox 915 1960 963 1998; x_wconf 86' lang='lat' dir='ltr'><strong>sit</strong></span> <span class='ocrx_word' id='word_1_186' title='bbox 982 1960 1122 1998; x_wconf 77' lang='lat' dir='ltr'><strong>n&#39;otum</strong></span> <span class='ocrx_word' id='word_1_187' title='bbox 1146 1959 1271 2013; x_wconf 79' lang='lat' dir='ltr'><strong>quod,</strong></span> <span class='ocrx_word' id='word_1_188' title='bbox 1301 1973 1407 1998; x_wconf 86' lang='lat' dir='ltr'><strong>anno</strong></span> <span class='ocrx_word' id='word_1_189' title='bbox 1431 1959 1609 2011; x_wconf 86' lang='lat' dir='ltr'><strong>ejusdem</strong></span> <span class='ocrx_word' id='word_1_190' title='bbox 1628 1960 1792 1999; x_wconf 85' lang='lat' dir='ltr'><strong>Domini</strong></span> <span class='ocrx_word' id='word_1_191' title='bbox 1818 1959 1946 2000; x_wconf 91' lang='lat' dir='ltr'><strong>mille-</strong></span> 
     </span>
     <span class='ocr_line' id='line_1_22' title="bbox 302 2031 1946 2084; baseline -0.001 -13"><span class='ocrx_word' id='word_1_192' title='bbox 302 2034 404 2071; x_wconf 80' lang='lat' dir='ltr'><strong>simo</strong></span> <span class='ocrx_word' id='word_1_193' title='bbox 433 2032 582 2071; x_wconf 86' lang='lat' dir='ltr'>CCCC.</span> <span class='ocrx_word' id='word_1_194' title='bbox 617 2032 818 2070; x_wconf 84' lang='lat' dir='ltr'><strong>tricesimo</strong></span> <span class='ocrx_word' id='word_1_195' title='bbox 845 2032 993 2084; x_wconf 83' lang='lat' dir='ltr'><strong>primo,</strong></span> <span class='ocrx_word' id='word_1_196' title='bbox 1027 2031 1248 2070; x_wconf 86' lang='lat' dir='ltr'><strong>indictione</strong></span> <span class='ocrx_word' id='word_1_197' title='bbox 1274 2045 1394 2079; x_wconf 87' lang='lat' dir='ltr'><strong>nona,</strong></span> <span class='ocrx_word' id='word_1_198' title='bbox 1422 2031 1570 2070; x_wconf 90' lang='lat' dir='ltr'><strong>mensis</strong></span> <span class='ocrx_word' id='word_1_199' title='bbox 1597 2031 1732 2084; x_wconf 86' lang='lat' dir='ltr'><strong>aprilis</strong></span> <span class='ocrx_word' id='word_1_200' title='bbox 1754 2031 1817 2071; x_wconf 88' lang='lat' dir='ltr'><strong>die</strong></span> <span class='ocrx_word' id='word_1_201' title='bbox 1845 2032 1946 2084; x_wconf 81' lang='lat' dir='ltr'><strong>jovis</strong></span> 
     </span>
     <span class='ocr_line' id='line_1_23' title="bbox 302 2102 1947 2156; baseline -0.001 -14"><span class='ocrx_word' id='word_1_202' title='bbox 302 2104 556 2149; x_wconf 83' lang='lat' dir='ltr'><strong>duodecima,</strong></span> <span class='ocrx_word' id='word_1_203' title='bbox 569 2102 1073 2156; x_wconf 80' lang='lat' dir='ltr'><strong>pontificatussanctissimi</strong></span> <span class='ocrx_word' id='word_1_204' title='bbox 1087 2104 1124 2141; x_wconf 89' lang='lat' dir='ltr'><strong>in</strong></span> <span class='ocrx_word' id='word_1_205' title='bbox 1143 2103 1302 2141; x_wconf 82' lang='lat' dir='ltr'><strong>Christo</strong></span> <span class='ocrx_word' id='word_1_206' title='bbox 1315 2104 1435 2156; x_wconf 88' lang='lat' dir='ltr'><strong>patris</strong></span> <span class='ocrx_word' id='word_1_207' title='bbox 1448 2113 1485 2142; x_wconf 91' lang='lat' dir='ltr'><strong>et</strong></span> <span class='ocrx_word' id='word_1_208' title='bbox 1501 2103 1805 2151; x_wconf 86' lang='lat' dir='ltr'><strong>domininostri‚</strong></span> <span class='ocrx_word' id='word_1_209' title='bbox 1817 2103 1947 2142; x_wconf 89' lang='lat' dir='ltr'><strong>domi-</strong></span> 
     </span>
     <span class='ocr_line' id='line_1_24' title="bbox 302 2174 1946 2228; baseline -0.001 -14"><span class='ocrx_word' id='word_1_210' title='bbox 302 2177 341 2214; x_wconf 89' lang='lat' dir='ltr'><strong>ni</strong></span> <span class='ocrx_word' id='word_1_211' title='bbox 365 2175 539 2223; x_wconf 82' lang='lat' dir='ltr'><strong>Martini,</strong></span> <span class='ocrx_word' id='word_1_212' title='bbox 566 2175 698 2213; x_wconf 79' lang='lat' dir='ltr'><strong>divina</strong></span> <span class='ocrx_word' id='word_1_213' title='bbox 728 2174 980 2227; x_wconf 72' lang='lat' dir='ltr'><strong>providentia</strong></span> <span class='ocrx_word' id='word_1_214' title='bbox 1004 2176 1018 2200; x_wconf 75' lang='lat'><em>⁶</em></span> <span class='ocrx_word' id='word_1_215' title='bbox 1051 2176 1165 2227; x_wconf 74' lang='lat' dir='ltr'><strong>I&#39;apae</strong></span> <span class='ocrx_word' id='word_1_216' title='bbox 1197 2175 1341 2228; x_wconf 82' lang='lat' dir='ltr'><strong>quinti,</strong></span> <span class='ocrx_word' id='word_1_217' title='bbox 1368 2188 1473 2214; x_wconf 86' lang='lat' dir='ltr'><strong>anno</strong></span> <span class='ocrx_word' id='word_1_218' title='bbox 1495 2174 1653 2213; x_wconf 87' lang='lat' dir='ltr'><strong>decimo</strong></span> <span class='ocrx_word' id='word_1_219' title='bbox 1678 2184 1816 2227; x_wconf 83' lang='lat' dir='ltr'><strong>quarto</strong></span> <span class='ocrx_word' id='word_1_220' title='bbox 1837 2184 1879 2223; x_wconf 79' lang='lat'><strong>73</strong></span> <span class='ocrx_word' id='word_1_221' title='bbox 1907 2175 1946 2213; x_wconf 87' lang='lat' dir='ltr'><strong>in</strong></span> 
     </span>
     <span class='ocr_line' id='line_1_25' title="bbox 303 2243 1950 2299; baseline -0.001 -14"><span class='ocrx_word' id='word_1_222' title='bbox 303 2255 501 2292; x_wconf 86' lang='lat' dir='ltr'><strong>nostrum,</strong></span> <span class='ocrx_word' id='word_1_223' title='bbox 516 2245 763 2283; x_wconf 87' lang='lat' dir='ltr'><strong>notariorum</strong></span> <span class='ocrx_word' id='word_1_224' title='bbox 784 2243 1040 2297; x_wconf 87' lang='lat' dir='ltr'><strong>publicorum</strong></span> <span class='ocrx_word' id='word_1_225' title='bbox 1064 2254 1101 2283; x_wconf 92' lang='lat' dir='ltr'><strong>et</strong></span> <span class='ocrx_word' id='word_1_226' title='bbox 1116 2245 1277 2284; x_wconf 84' lang='lat' dir='ltr'><strong>testium</strong></span> <span class='ocrx_word' id='word_1_227' title='bbox 1297 2245 1614 2298; x_wconf 86' lang='lat' dir='ltr'><strong>subscriptorum</strong></span> <span class='ocrx_word' id='word_1_228' title='bbox 1628 2246 1950 2299; x_wconf 77' lang='lat' dir='ltr'><strong>praesentia‚per-</strong></span> 
     </span>
     <span class='ocr_line' id='line_1_26' title="bbox 303 2316 1946 2368; baseline 0 -13"><span class='ocrx_word' id='word_1_229' title='bbox 303 2317 490 2357; x_wconf 83' lang='lat' dir='ltr'><strong>sonaliter</strong></span> <span class='ocrx_word' id='word_1_230' title='bbox 511 2317 715 2355; x_wconf 84' lang='lat' dir='ltr'><strong>constituti</strong></span> <span class='ocrx_word' id='word_1_231' title='bbox 734 2316 939 2355; x_wconf 72' lang='lat' dir='ltr'><strong>reverendi</strong></span> <span class='ocrx_word' id='word_1_232' title='bbox 972 2326 1100 2368; x_wconf 86' lang='lat' dir='ltr'><strong>patres</strong></span> <span class='ocrx_word' id='word_1_233' title='bbox 1125 2326 1161 2355; x_wconf 93' lang='lat' dir='ltr'><strong>et</strong></span> <span class='ocrx_word' id='word_1_234' title='bbox 1191 2316 1344 2355; x_wconf 86' lang='lat' dir='ltr'><strong>domini</strong></span> <span class='ocrx_word' id='word_1_235' title='bbox 1367 2330 1410 2355; x_wconf 86' lang='lat' dir='ltr'><strong>ac</strong></span> <span class='ocrx_word' id='word_1_236' title='bbox 1429 2316 1677 2355; x_wconf 87' lang='lat' dir='ltr'><strong>venerabiles</strong></span> <span class='ocrx_word' id='word_1_237' title='bbox 1719 2326 1756 2355; x_wconf 90' lang='lat' dir='ltr'><strong>et</strong></span> <span class='ocrx_word' id='word_1_238' title='bbox 1777 2317 1946 2355; x_wconf 87' lang='lat' dir='ltr'><strong>circum-</strong></span> 
     </span>
     <span class='ocr_line' id='line_1_27' title="bbox 305 2387 1946 2442; baseline -0.001 -15"><span class='ocrx_word' id='word_1_239' title='bbox 305 2390 428 2442; x_wconf 81' lang='lat' dir='ltr'><strong>specti</strong></span> <span class='ocrx_word' id='word_1_240' title='bbox 450 2389 538 2435; x_wconf 73' lang='lat' dir='ltr'><strong>viri,</strong></span> <span class='ocrx_word' id='word_1_241' title='bbox 555 2388 709 2426; x_wconf 86' lang='lat' dir='ltr'><strong>domini</strong></span> <span class='ocrx_word' id='word_1_242' title='bbox 733 2398 770 2427; x_wconf 89' lang='lat' dir='ltr'><strong>et</strong></span> <span class='ocrx_word' id='word_1_243' title='bbox 794 2388 969 2440; x_wconf 84' lang='lat' dir='ltr'><strong>magistri</strong></span> <span class='ocrx_word' id='word_1_244' title='bbox 995 2402 1002 2426; x_wconf 92' lang='lat'>:</span> <span class='ocrx_word' id='word_1_245' title='bbox 1025 2387 1193 2427; x_wconf 87' lang='lat' dir='ltr'><strong>Erardus</strong></span> <span class='ocrx_word' id='word_1_246' title='bbox 1215 2390 1419 2441; x_wconf 78' lang='lat' dir='ltr'><strong>Emengart</strong></span> <span class='ocrx_word' id='word_1_247' title='bbox 1437 2388 1720 2440; x_wconf 77' lang='lat' dir='ltr'><strong>8,praesidens;</strong></span> <span class='ocrx_word' id='word_1_248' title='bbox 1743 2389 1946 2436; x_wconf 84' lang='lat' dir='ltr'><strong>Johannes</strong></span> 
     </span>
     <span class='ocr_line' id='line_1_28' title="bbox 302 2458 1943 2514; baseline -0.001 -14"><span class='ocrx_word' id='word_1_249' title='bbox 302 2461 496 2514; x_wconf 68' lang='lat' dir='ltr'><strong>Bcaupere,</strong></span> <span class='ocrx_word' id='word_1_250' title='bbox 524 2459 765 2499; x_wconf 86' lang='lat' dir='ltr'><strong>Guillelmus</strong></span> <span class='ocrx_word' id='word_1_251' title='bbox 793 2458 1059 2505; x_wconf 76' lang='lat' dir='ltr'><strong>Leboztchier9,</strong></span> <span class='ocrx_word' id='word_1_252' title='bbox 1080 2459 1256 2508; x_wconf 88' lang='lat' dir='ltr'><strong>Jocobus</strong></span> <span class='ocrx_word' id='word_1_253' title='bbox 1288 2460 1335 2498; x_wconf 90' lang='lat' dir='ltr'><strong>de</strong></span> <span class='ocrx_word' id='word_1_254' title='bbox 1369 2459 1561 2506; x_wconf 81' lang='lat' dir='ltr'><strong>Turonia‚</strong></span> <span class='ocrx_word' id='word_1_255' title='bbox 1594 2459 1786 2499; x_wconf 86' lang='lat' dir='ltr'><strong>Nicolaus</strong></span> <span class='ocrx_word' id='word_1_256' title='bbox 1806 2459 1909 2499; x_wconf 77' lang='lat' dir='ltr'><strong>Midi</strong></span> <span class='ocrx_word' id='word_1_257' title='bbox 1933 2474 1943 2508; x_wconf 90' lang='lat'>;</span> 
     </span>
    </p>
   </div>
   <div class='ocr_carea' id='block_1_5' title="bbox 298 2647 1948 2990">
    <p class='ocr_par' dir='ltr' id='par_1_6' title="bbox 298 2647 1948 2990">
     <span class='ocr_line' id='line_1_29' title="bbox 352 2647 1942 2696; baseline 0.001 -15"><span class='ocrx_word' id='word_1_258' title='bbox 352 2658 381 2681; x_wconf 91' lang='lat'><strong>1.</strong></span> <span class='ocrx_word' id='word_1_259' title='bbox 405 2647 435 2681; x_wconf 90' lang='lat' dir='ltr'>C</span> <span class='ocrx_word' id='word_1_260' title='bbox 465 2660 474 2681; x_wconf 91' lang='grc'><strong>.·</strong></span> <span class='ocrx_word' id='word_1_261' title='bbox 503 2647 605 2682; x_wconf 68' lang='lat' dir='ltr'><strong>dixit.</strong></span> <span class='ocrx_word' id='word_1_262' title='bbox 638 2668 685 2673; x_wconf 93' lang='lat'><strong>—-</strong></span> <span class='ocrx_word' id='word_1_263' title='bbox 727 2658 759 2683; x_wconf 85' lang='lat'><strong>2.</strong></span> <span class='ocrx_word' id='word_1_264' title='bbox 788 2648 895 2694; x_wconf 77' lang='lat' dir='ltr'><strong>Super</strong></span> <span class='ocrx_word' id='word_1_265' title='bbox 927 2648 1107 2690; x_wconf 75' lang='lat' dir='ltr'><strong>undecimo,</strong></span> <span class='ocrx_word' id='word_1_266' title='bbox 1144 2649 1199 2682; x_wconf 81' lang='lat' dir='ltr'><strong>abi</strong></span> <span class='ocrx_word' id='word_1_267' title='bbox 1222 2649 1365 2696; x_wconf 77' lang='lat' dir='ltr'><strong>ponitur</strong></span> <span class='ocrx_word' id='word_1_268' title='bbox 1398 2662 1416 2680; x_wconf 89' lang='lat'>«</span> <span class='ocrx_word' id='word_1_269' title='bbox 1454 2648 1666 2690; x_wconf 67' lang='lat' dir='ltr'><strong>Denotamlo,</strong></span> <span class='ocrx_word' id='word_1_270' title='bbox 1701 2652 1758 2683; x_wconf 78' lang='lat' dir='ltr'><strong>etc.</strong></span> <span class='ocrx_word' id='word_1_271' title='bbox 1802 2661 1818 2680; x_wconf 73' lang='lat'><strong>&gt;³</strong></span> <span class='ocrx_word' id='word_1_272' title='bbox 1853 2647 1942 2683; x_wconf 80' lang='lat' dir='ltr'><strong>debet</strong></span> 
     </span>
     <span class='ocr_line' id='line_1_30' title="bbox 298 2706 1947 2754; baseline 0.001 -15"><span class='ocrx_word' id='word_1_273' title='bbox 298 2708 381 2752; x_wconf 79' lang='lat' dir='ltr'><strong>poni</strong></span> <span class='ocrx_word' id='word_1_274' title='bbox 403 2721 420 2737; x_wconf 86' lang='lat'>«</span> <span class='ocrx_word' id='word_1_275' title='bbox 442 2706 637 2740; x_wconf 79' lang='lat' dir='ltr'><strong>Deuotando</strong></span> <span class='ocrx_word' id='word_1_276' title='bbox 666 2707 750 2753; x_wconf 80' lang='lat' dir='ltr'><strong>quod</strong></span> <span class='ocrx_word' id='word_1_277' title='bbox 775 2708 843 2753; x_wconf 73' lang='lat' dir='ltr'><strong>ipsa</strong></span> <span class='ocrx_word' id='word_1_278' title='bbox 861 2712 905 2741; x_wconf 81' lang='lat' dir='ltr'><strong>est</strong></span> <span class='ocrx_word' id='word_1_279' title='bbox 931 2708 1069 2754; x_wconf 68' lang='lat' dir='ltr'><strong>suly&#39;ecta</strong></span> <span class='ocrx_word' id='word_1_280' title='bbox 1093 2707 1244 2742; x_wconf 64' lang='lat' dir='ltr'><strong>Ecclesiae</strong></span> <span class='ocrx_word' id='word_1_281' title='bbox 1274 2707 1456 2750; x_wconf 83' lang='lat' dir='ltr'><strong>militanti,</strong></span> <span class='ocrx_word' id='word_1_282' title='bbox 1481 2707 1627 2741; x_wconf 81' lang='lat' dir='ltr'><strong>Domino</strong></span> <span class='ocrx_word' id='word_1_283' title='bbox 1653 2712 1762 2742; x_wconf 77' lang='lat' dir='ltr'><strong>nostro</strong></span> <span class='ocrx_word' id='word_1_284' title='bbox 1782 2708 1947 2753; x_wconf 71' lang='lat' dir='ltr'><strong>primitus</strong></span> 
     </span>
     <span class='ocr_line' id='line_1_31' title="bbox 304 2766 1946 2814; baseline 0.001 -15"><span class='ocrx_word' id='word_1_285' title='bbox 304 2767 438 2808; x_wconf 79' lang='lat' dir='ltr'><strong>servito,</strong></span> <span class='ocrx_word' id='word_1_286' title='bbox 467 2771 494 2799; x_wconf 71' lang='lat' dir='ltr'><strong>el</strong></span> <span class='ocrx_word' id='word_1_287' title='bbox 513 2768 645 2812; x_wconf 73' lang='lat' dir='ltr'><strong>provisa</strong></span> <span class='ocrx_word' id='word_1_288' title='bbox 670 2767 753 2812; x_wconf 79' lang='lat' dir='ltr'><strong>qaod</strong></span> <span class='ocrx_word' id='word_1_289' title='bbox 784 2766 926 2801; x_wconf 80' lang='lat' dir='ltr'><strong>Ecclesia</strong></span> <span class='ocrx_word' id='word_1_290' title='bbox 957 2767 1109 2801; x_wconf 76' lang='lat' dir='ltr'><strong>militans</strong></span> <span class='ocrx_word' id='word_1_291' title='bbox 1142 2779 1205 2801; x_wconf 83' lang='lat' dir='ltr'><strong>non</strong></span> <span class='ocrx_word' id='word_1_292' title='bbox 1225 2768 1399 2814; x_wconf 78' lang='lat' dir='ltr'><strong>praecipiat</strong></span> <span class='ocrx_word' id='word_1_293' title='bbox 1429 2767 1494 2802; x_wconf 74' lang='lat' dir='ltr'><strong>sibi</strong></span> <span class='ocrx_word' id='word_1_294' title='bbox 1513 2766 1644 2813; x_wconf 81' lang='lat' dir='ltr'><strong>aliquid</strong></span> <span class='ocrx_word' id='word_1_295' title='bbox 1676 2767 1710 2800; x_wconf 82' lang='lat' dir='ltr'><strong>in</strong></span> <span class='ocrx_word' id='word_1_296' title='bbox 1738 2767 1946 2801; x_wconf 81' lang='lat' dir='ltr'><strong>contrarium</strong></span> 
     </span>
     <span class='ocr_line' id='line_1_32' title="bbox 303 2825 1948 2872; baseline 0.002 -14"><span class='ocrx_word' id='word_1_297' title='bbox 303 2836 441 2858; x_wconf 72' lang='lat' dir='ltr'><strong>suarum</strong></span> <span class='ocrx_word' id='word_1_298' title='bbox 470 2825 710 2860; x_wconf 77' lang='lat' dir='ltr'><strong>revelationum</strong></span> <span class='ocrx_word' id='word_1_299' title='bbox 735 2827 910 2871; x_wconf 81' lang='lat' dir='ltr'><strong>factarum</strong></span> <span class='ocrx_word' id='word_1_300' title='bbox 941 2831 969 2860; x_wconf 87' lang='lat' dir='ltr'><strong>et</strong></span> <span class='ocrx_word' id='word_1_301' title='bbox 991 2826 1205 2871; x_wconf 80' lang='lat' dir='ltr'><strong>siendarum.</strong></span> <span class='ocrx_word' id='word_1_302' title='bbox 1227 2840 1244 2859; x_wconf 70' lang='lat' dir='ltr'><strong>n</strong></span> <span class='ocrx_word' id='word_1_303' title='bbox 1279 2847 1324 2852; x_wconf 96' lang='lat'><strong>—</strong></span> <span class='ocrx_word' id='word_1_304' title='bbox 1362 2837 1392 2872; x_wconf 84' lang='lat'><strong>3.</strong></span> <span class='ocrx_word' id='word_1_305' title='bbox 1414 2826 1446 2860; x_wconf 90' lang='lat' dir='ltr'><em>A</em></span> <span class='ocrx_word' id='word_1_306' title='bbox 1474 2835 1572 2861; x_wconf 83' lang='lat' dir='ltr'><strong>omet</strong></span> <span class='ocrx_word' id='word_1_307' title='bbox 1598 2837 1705 2861; x_wconf 84' lang='lat' dir='ltr'><strong>sacra.</strong></span> <span class='ocrx_word' id='word_1_308' title='bbox 1735 2846 1782 2852; x_wconf 90' lang='lat'><strong>-—</strong></span> <span class='ocrx_word' id='word_1_309' title='bbox 1809 2836 1843 2869; x_wconf 79' lang='lat'><strong>4.</strong></span> <span class='ocrx_word' id='word_1_310' title='bbox 1871 2827 1907 2872; x_wconf 76' lang='lat' dir='ltr'><em>Q</em></span> <span class='ocrx_word' id='word_1_311' title='bbox 1937 2838 1948 2861; x_wconf 92' lang='lat'><em>:</em></span> 
     </span>
     <span class='ocr_line' id='line_1_33' title="bbox 299 2885 1946 2931; baseline 0.001 -14"><span class='ocrx_word' id='word_1_312' title='bbox 299 2885 469 2929; x_wconf 79' lang='lat' dir='ltr'><strong>praesenti.</strong></span> <span class='ocrx_word' id='word_1_313' title='bbox 501 2905 547 2909; x_wconf 78' lang='lat'><strong>-—</strong></span> <span class='ocrx_word' id='word_1_314' title='bbox 583 2896 612 2929; x_wconf 81' lang='lat'><strong>5.</strong></span> <span class='ocrx_word' id='word_1_315' title='bbox 642 2885 705 2919; x_wconf 88' lang='grc' dir='ltr'><strong>ΑΒ</strong></span> <span class='ocrx_word' id='word_1_316' title='bbox 724 2897 768 2919; x_wconf 87' lang='lat' dir='ltr'><strong>en</strong></span> <span class='ocrx_word' id='word_1_317' title='bbox 786 2897 906 2931; x_wconf 79' lang='lat' dir='ltr'><strong>marge</strong></span> <span class='ocrx_word' id='word_1_318' title='bbox 929 2898 935 2919; x_wconf 92' lang='lat'>:</span> <span class='ocrx_word' id='word_1_319' title='bbox 961 2886 1165 2920; x_wconf 79' lang='lat' dir='ltr'><strong>Deliberatz&#39;o</strong></span> <span class='ocrx_word' id='word_1_320' title='bbox 1190 2885 1278 2920; x_wconf 91' lang='lat' dir='ltr'><strong>XVI</strong></span> <span class='ocrx_word' id='word_1_321' title='bbox 1301 2885 1467 2920; x_wconf 81' lang='lat' dir='ltr'><strong>doctorum</strong></span> <span class='ocrx_word' id='word_1_322' title='bbox 1494 2891 1523 2919; x_wconf 87' lang='lat' dir='ltr'><strong>et</strong></span> <span class='ocrx_word' id='word_1_323' title='bbox 1556 2885 1608 2920; x_wconf 92' lang='lat' dir='ltr'><strong>VI</strong></span> <span class='ocrx_word' id='word_1_324' title='bbox 1621 2885 1886 2920; x_wconf 68' lang='lat' dir='ltr'><strong>ltachalarioram</strong></span> <span class='ocrx_word' id='word_1_325' title='bbox 1912 2887 1946 2919; x_wconf 79' lang='lat'><strong>1¹11</strong></span> 
     </span>
     <span class='ocr_line' id='line_1_34' title="bbox 303 2942 1947 2990; baseline 0.001 -13"><span class='ocrx_word' id='word_1_326' title='bbox 303 2954 395 2977; x_wconf 76' lang='lat' dir='ltr'><strong>sacra</strong></span> <span class='ocrx_word' id='word_1_327' title='bbox 416 2942 572 2989; x_wconf 76' lang='lat' dir='ltr'><strong>theologia</strong></span> <span class='ocrx_word' id='word_1_328' title='bbox 598 2957 610 2985; x_wconf 82' lang='lat'><em>;</em></span> <span class='ocrx_word' id='word_1_329' title='bbox 633 2944 662 2979; x_wconf 91' lang='lat' dir='ltr'>C</span> <span class='ocrx_word' id='word_1_330' title='bbox 685 2957 729 2979; x_wconf 88' lang='lat' dir='ltr'><strong>en</strong></span> <span class='ocrx_word' id='word_1_331' title='bbox 755 2956 874 2990; x_wconf 82' lang='lat' dir='ltr'><strong>marge</strong></span> <span class='ocrx_word' id='word_1_332' title='bbox 899 2957 906 2978; x_wconf 78' lang='lat' dir='ltr'><strong>t</strong></span> <span class='ocrx_word' id='word_1_333' title='bbox 929 2945 1020 2979; x_wconf 85' lang='lat' dir='ltr'><strong>XVI</strong></span> <span class='ocrx_word' id='word_1_334' title='bbox 1041 2945 1180 2979; x_wconf 80' lang='lat' dir='ltr'><strong>doctores</strong></span> <span class='ocrx_word' id='word_1_335' title='bbox 1200 2950 1230 2979; x_wconf 90' lang='lat' dir='ltr'><strong>et</strong></span> <span class='ocrx_word' id='word_1_336' title='bbox 1261 2945 1310 2979; x_wconf 92' lang='lat' dir='ltr'><strong>VI</strong></span> <span class='ocrx_word' id='word_1_337' title='bbox 1327 2945 1511 2980; x_wconf 83' lang='lat' dir='ltr'><strong>baclmlarii</strong></span> <span class='ocrx_word' id='word_1_338' title='bbox 1534 2946 1569 2979; x_wconf 85' lang='lat' dir='ltr'><strong>in</strong></span> <span class='ocrx_word' id='word_1_339' title='bbox 1590 2956 1682 2979; x_wconf 87' lang='lat' dir='ltr'><strong>sacra</strong></span> <span class='ocrx_word' id='word_1_340' title='bbox 1709 2944 1879 2990; x_wconf 79' lang='lat' dir='ltr'><strong>theologia.</strong></span> <span class='ocrx_word' id='word_1_341' title='bbox 1901 2965 1947 2971; x_wconf 85' lang='lat'><strong>-—-</strong></span> 
     </span>
    </p>
   </div>
   <div class='ocr_carea' id='block_1_6' title="bbox 306 3002 1944 3105">
    <p class='ocr_par' dir='ltr' id='par_1_7' title="bbox 306 3002 1944 3105">
     <span class='ocr_line' id='line_1_35' title="bbox 306 3002 1944 3051; baseline 0.001 -15"><span class='ocrx_word' id='word_1_342' title='bbox 306 3002 339 3036; x_wconf 88' lang='lat'><strong>6.</strong></span> <span class='ocrx_word' id='word_1_343' title='bbox 360 3003 388 3036; x_wconf 92' lang='grc' dir='ltr'><em>Β</em></span> <span class='ocrx_word' id='word_1_344' title='bbox 407 3012 506 3037; x_wconf 89' lang='lat' dir='ltr'><strong>omet</strong></span> <span class='ocrx_word' id='word_1_345' title='bbox 521 3004 751 3049; x_wconf 82' lang='lat' dir='ltr'><strong>providentia.</strong></span> <span class='ocrx_word' id='word_1_346' title='bbox 769 3024 815 3029; x_wconf 90' lang='lat'>—</span> <span class='ocrx_word' id='word_1_347' title='bbox 833 3015 865 3049; x_wconf 89' lang='lat'><strong>7.</strong></span> <span class='ocrx_word' id='word_1_348' title='bbox 890 3004 951 3039; x_wconf 90' lang='lat' dir='ltr'>BC</span> <span class='ocrx_word' id='word_1_349' title='bbox 970 3016 1014 3040; x_wconf 88' lang='lat' dir='ltr'><strong>en</strong></span> <span class='ocrx_word' id='word_1_350' title='bbox 1033 3016 1154 3050; x_wconf 77' lang='lat' dir='ltr'><strong>marge</strong></span> <span class='ocrx_word' id='word_1_351' title='bbox 1171 3017 1177 3038; x_wconf 91' lang='lat'>:</span> <span class='ocrx_word' id='word_1_352' title='bbox 1194 3005 1288 3048; x_wconf 81' lang='lat' dir='ltr'><strong>Jovis</strong></span> <span class='ocrx_word' id='word_1_353' title='bbox 1305 3005 1381 3039; x_wconf 82' lang='lat' dir='ltr'><strong>XII</strong></span> <span class='ocrx_word' id='word_1_354' title='bbox 1396 3004 1527 3051; x_wconf 78' lang='lat' dir='ltr'><strong>aprilis.</strong></span> <span class='ocrx_word' id='word_1_355' title='bbox 1548 3024 1591 3030; x_wconf 92' lang='lat'><strong>——</strong></span> <span class='ocrx_word' id='word_1_356' title='bbox 1607 3005 1639 3040; x_wconf 88' lang='lat'><strong>8.</strong></span> <span class='ocrx_word' id='word_1_357' title='bbox 1660 3004 1690 3039; x_wconf 92' lang='lat' dir='ltr'>C</span> <span class='ocrx_word' id='word_1_358' title='bbox 1711 3017 1721 3039; x_wconf 92' lang='lat'><em>:</em></span> <span class='ocrx_word' id='word_1_359' title='bbox 1741 3004 1944 3050; x_wconf 75' lang='lat' dir='ltr'><strong>Emengard.</strong></span> 
     </span>
     <span class='ocr_line' id='line_1_36' title="bbox 308 3062 720 3105; baseline 0.005 -11"><span class='ocrx_word' id='word_1_360' title='bbox 308 3082 352 3085; x_wconf 35' lang='grc' dir='ltr'><strong>Ἀ-</strong></span> <span class='ocrx_word' id='word_1_361' title='bbox 371 3072 403 3105; x_wconf 76' lang='lat'><strong>9.</strong></span> <span class='ocrx_word' id='word_1_362' title='bbox 428 3063 459 3095; x_wconf 91' lang='lat' dir='ltr'><em>A</em></span> <span class='ocrx_word' id='word_1_363' title='bbox 484 3075 493 3095; x_wconf 91' lang='grc'><strong>.·</strong></span> <span class='ocrx_word' id='word_1_364' title='bbox 516 3062 686 3096; x_wconf 75' lang='lat' dir='ltr'><strong>Boarhier.</strong></span> <span class='ocrx_word' id='word_1_365' title='bbox 712 3067 720 3073; x_wconf 81' lang='lat'><em>⁰</em></span> 
     </span>
    </p>
   </div>
   <div class='ocr_carea' id='block_1_7' title="bbox 2003 0 2099 615">
    <p class='ocr_par' dir='ltr' id='par_1_8' title="bbox 2003 0 2099 615">
     <span class='ocr_line' id='line_1_37' title="bbox 2003 0 2099 615; baseline 0 2741"><span class='ocrx_word' id='word_1_366' title='bbox 2003 0 2099 615; x_wconf 95' lang='lat' dir='ltr'><strong> </strong></span> 
     </span>
    </p>
   </div>
   <div class='ocr_carea' id='block_1_8' title="bbox 2064 1952 2099 2152">
    <p class='ocr_par' dir='ltr' id='par_1_9' title="bbox 2064 1952 2099 2152">
     <span class='ocr_line' id='line_1_38' title="bbox 2064 1952 2099 1990; baseline 0 -8"><span class='ocrx_word' id='word_1_367' title='bbox 2064 1966 2083 1990; x_wconf 54' lang='grc' dir='ltr'><strong>ιτ</strong></span> <span class='ocrx_word' id='word_1_368' title='bbox 2097 1952 2099 1959; x_wconf 40' lang='lat' dir='ltr'><em>A</em></span> 
     </span>
     <span class='ocr_line' id='line_1_39' title="bbox 2068 2004 2099 2050; baseline 0 -40"><span class='ocrx_word' id='word_1_369' title='bbox 2068 2004 2083 2050; x_wconf 45' lang='grc' dir='ltr'><strong>..ι</strong></span> <span class='ocrx_word' id='word_1_370' title='bbox 2097 2014 2099 2018; x_wconf 48' lang='grc'><em>,</em></span> 
     </span>
     <span class='ocr_line' id='line_1_40' title="bbox 2067 2052 2086 2098; baseline 0 -27"><span class='ocrx_word' id='word_1_371' title='bbox 2067 2052 2086 2098; x_wconf 52' lang='grc' dir='ltr'><strong>,ἃ</strong></span> 
     </span>
     <span class='ocr_line' id='line_1_41' title="bbox 2065 2098 2088 2133; baseline 0 0"><span class='ocrx_word' id='word_1_372' title='bbox 2065 2098 2088 2133; x_wconf 61' lang='grc'><strong>’3.</strong></span> 
     </span>
     <span class='ocr_line' id='line_1_42' title="bbox 2068 2134 2085 2152; baseline 0 -10"><span class='ocrx_word' id='word_1_373' title='bbox 2068 2134 2085 2152; x_wconf 59' lang='grc'><strong>,.</strong></span> 
     </span>
    </p>
   </div>
   <div class='ocr_carea' id='block_1_9' title="bbox 2066 2159 2093 2337">
    <p class='ocr_par' dir='ltr' id='par_1_10' title="bbox 2066 2159 2093 2337">
     <span class='ocr_line' id='line_1_43' title="bbox 2066 2159 2093 2337; textangle 90"><span class='ocrx_word' id='word_1_374' title='bbox 2087 2335 2089 2337; x_wconf 85' lang='grc'><em>.</em></span> <span class='ocrx_word' id='word_1_375' title='bbox 2066 2192 2093 2297; x_wconf 54' lang='lat' dir='ltr'><strong>..o-wc</strong></span> <span class='ocrx_word' id='word_1_376' title='bbox 2072 2159 2086 2181; x_wconf 80' lang='lat'><strong>‹-</strong></span> 
     </span>
    </p>
   </div>
   <div class='ocr_carea' id='block_1_10' title="bbox 2058 2411 2091 2920">
    <p class='ocr_par' dir='ltr' id='par_1_11' title="bbox 2058 2411 2091 2920">
     <span class='ocr_line' id='line_1_44' title="bbox 2058 2411 2091 2920; textangle 90"><span class='ocrx_word' id='word_1_377' title='bbox 2066 2898 2080 2920; x_wconf 71' lang='lat'><strong>=·</strong></span> <span class='ocrx_word' id='word_1_378' title='bbox 2064 2693 2090 2889; x_wconf 50' lang='grc' dir='ltr'><strong>ὐπ-ιοέιήφυ·</strong></span> <span class='ocrx_word' id='word_1_379' title='bbox 2066 2659 2082 2686; x_wconf 56' lang='lat' dir='ltr'><strong>n*</strong></span> <span class='ocrx_word' id='word_1_380' title='bbox 2058 2520 2086 2653; x_wconf 41' lang='lat' dir='ltr'><strong>’oblator-et</strong></span> <span class='ocrx_word' id='word_1_381' title='bbox 2068 2470 2091 2514; x_wconf 51' lang='lat'><strong>⁴⁹?-</strong></span> <span class='ocrx_word' id='word_1_382' title='bbox 2064 2456 2065 2459; x_wconf 64' lang='lat'><strong><em>‘</em></strong></span> <span class='ocrx_word' id='word_1_383' title='bbox 2087 2411 2090 2414; x_wconf 71' lang='grc'><strong>,</strong></span> 
     </span>
    </p>
   </div>
  </div>
 </body>
</html>
