2099 3356
323 185 407 228 302
606 170 764 214 PRociis
797 185 853 214 DE
886 184 1238 214 CONDAMNATION
1273 184 1328 214 DE
1359 185 1527 226 JEANNE
1559 171 1686 215 D'ARC

319 283 534 323 reverende
555 283 716 322 domine
742 283 812 331 mi,
836 282 999 321 domine
1023 282 1169 322 vicarie
1192 283 1347 322 domini
1370 283 1649 337 Inquisitoris;
1675 285 1957 334 assertionum,

318 369 436 409 super
460 354 696 408 quibusdam
716 354 922 406 praetensis
948 353 1257 393 revelationibus
1276 353 1370 393 alias
1389 355 1727 403 transmissarum,
1751 356 1851 395 sicut
1869 355 1961 395 alias

316 427 411 471 dixi,
438 426 581 480 aliquae
607 426 734 478 prima
758 424 874 473 facie,
897 434 936 464 et
958 425 997 464 in
1021 424 1150 464 forma
1171 426 1273 465 sicut
1296 427 1439 479 jacent,
1462 436 1653 480 apparent
1678 427 1777 466 mihi
1799 427 1960 466 scanda-

315 498 410 537 losae
423 513 432 547 3
446 497 588 550 aliquae
601 506 794 549 suspectae
809 497 848 535 in
862 496 954 544 fide,
966 496 1353 550 aliquaetemerariae,
1366 511 1544 536 errorum
1562 507 1599 537 et
1615 497 1813 540 malorum
1825 511 1959 538 exem-

313 569 472 623 plorum
496 568 787 617 inductivae3et
810 567 857 607 de
874 568 1048 621 ipsarum
1069 569 1229 621 propria
1249 568 1561 622 qualificatione,
1585 582 1666 617 me,
1688 578 1728 608 ut
1753 569 1848 618 dixi,
1863 569 1960 608 refe—

316 641 466 689 rebam,
490 649 527 679 et
543 640 671 679 adhuc
693 639 836 688 refero,
857 639 1032 678 dominis
1052 650 1089 679 et
1114 640 1313 693 magistris
1330 641 1428 679 meis
1448 641 1733 694 superioribus.
1760 642 1834 681 Pro
1853 655 1976 681 nuncv

314 722 463 760 tamen,
491 711 589 750 nibil
613 711 827 751 asserendo
851 712 924 750 nisi
947 711 1055 765 quod
1074 711 1332 751 asserendum
1351 721 1423 761 est,
1451 726 1514 752 me
1535 721 1572 751 et
1593 712 1694 752 dicta
1719 726 1807 752 mea
1828 713 1960 753 humi-

316 784 404 822 liter
428 782 700 821 submittendo
720 782 906 836 benignae
929 784 1167 822 correctioni
1191 793 1346 832 vestrae,
1372 783 1584 823 reverende
1607 793 1716 838 pater
1735 794 1773 824 et
1793 784 1961 824 domine
2007 824 2010 826 ,

317 856 386 903 mi,
411 864 447 893 et
472 855 729 893 dominorum
757 864 794 893 et
817 864 827 881 ¹
853 855 1136 907 magistrorum
1163 868 1347 894 meorum
1370 856 1639 908 superiorum,
1660 869 1751 895 cum
1773 856 1811 894 in
1833 857 1961 910 prima

317 927 594 980 propositione
616 927 710 966 dicit
736 940 776 965 se
791 926 938 965 vidisse
960 926 1220 980 corporaliter
1239 937 1420 967 sanctum
1443 926 1698 976 Michaelem,
1722 937 1816 977 etc.,
1843 938 1880 967 et
1910 929 1961 967 ita

314 999 361 1037 de
384 998 595 1038 undecima
621 998 913 1052 propositione,
937 999 1072 1037 nescio
1101 1008 1234 1037 utrum
1259 1012 1398 1038 verum
1430 999 1557 1048 dicat;
1591 999 1658 1039 sed
1690 1000 1813 1039 timeo
1843 1013 1890 1039 ne
1912 1000 1962 1039 sit

314 1071 607 1123 phantasticum
634 1080 671 1109 et
698 1069 833 1109 fictum
861 1070 1130 1109 mendacium.
1166 1071 1224 1109 De
1257 1070 1334 1110 hoc
1366 1070 1473 1124 quod
1502 1080 1646 1110 sanctae
1682 1071 1895 1110 Katharina
1924 1064 1962 1110 et

316 1143 537 1195 Margarcta
558 1141 686 1181 eidem
714 1151 1004 1195 praeceperunt,
1031 1155 1076 1180 ex
1096 1142 1284 1181 mandato
1310 1143 1399 1190 Dei,
1418 1142 1525 1196 quod
1547 1152 1764 1182 assumeret
1780 1142 1958 1182 habitum

313 1214 399 1259 viri,
423 1224 516 1261 etc.,
538 1224 574 1252 et
598 1213 707 1267 qnod
733 1213 868 1253 mallet
891 1214 995 1252 mori
1018 1227 1137 1267 quam
1156 1213 1336 1253 habitum
1354 1200 1426 1252 viri
1449 1213 1688 1267 relinquere,
1711 1214 1815 1253 istud
1837 1223 1961 1254 teme-

318 1286 462 1324 rarium
484 1285 580 1323 mihi
611 1285 780 1324 ridetur.
817 1286 873 1324 De
904 1285 981 1324 hoc
1006 1285 1113 1338 quod
1140 1284 1388 1338 praeeligeret
1419 1299 1499 1324 non
1532 1286 1719 1325 interesse
1749 1286 1959 1325 missarum

315 1356 472 1405 officiis,
494 1367 530 1396 et
555 1370 684 1396 carere
710 1358 1000 1395 communione
1031 1357 1296 1404 eucharistiae,
1322 1366 1504 1410 tempore
1535 1371 1603 1410 per
1624 1356 1830 1396 ecclesiam
1855 1357 1961 1396 ordi-

318 1438 427 1475 nato,
454 1442 572 1481 quam
599 1428 831 1481 hujusmodi
851 1428 1031 1467 habitum
1057 1428 1212 1467 virilem
1234 1428 1474 1482 relinquere,
1503 1428 1779 1468 scandalosum
1804 1429 1962 1468 videtur

317 1509 354 1538 et
377 1500 572 1539 malorum
602 1500 880 1553 exemplorum
904 1500 1171 1538 inductivum.
1199 1501 1257 1546 Dte
1279 1500 1357 1539 hoc
1379 1500 1486 1553 quod
1510 1500 1693 1539 militanti
1714 1500 1902 1540 Ecclesiae
1921 1515 1960 1540 se

315 1582 352 1611 et
376 1571 475 1611 facta
500 1586 567 1611 sua
592 1571 824 1610 submittere
852 1571 1005 1610 distulit
1035 1581 1072 1610 et
1097 1573 1306 1619 recusavit,
1338 1572 1485 1625 pluries
1512 1573 1663 1611 monita
1687 1582 1725 1611 et
1756 1573 1957 1626 requisita,

312 1654 364 1692 et,
386 1645 421 1682 in
455 1643 690 1682 duodecima
712 1643 1005 1696 propositione,
1033 1643 1139 1696 quod
1165 1643 1212 1682 de
1238 1642 1309 1682 sibi
1332 1643 1512 1682 revelatis
1535 1657 1615 1682 non
1644 1643 1729 1683 vult
1754 1657 1793 1683 se
1816 1643 1959 1683 referre

312 1716 357 1754 ad
392 1716 765 1754 determinationem
792 1714 979 1753 Ecclesia:
1018 1714 1223 1753 militantis
1252 1714 1312 1753 vel
1340 1714 1386 1753 ad
1412 1728 1708 1769 quemcumque
1747 1715 1956 1754 hominem

314 1787 468 1832 mundi,
497 1787 572 1825 hoc
604 1786 760 1825 videtur
787 1786 1085 1825 schismaticum
1109 1795 1139 1833 2,
1174 1796 1402 1839 suspectum
1434 1786 1480 1825 de
1518 1800 1665 1834 errore,
1692 1796 1729 1826 ct
1760 1787 1958 1826 malorum

312 1858 587 1911 exemplorum
627 1857 894 1905 inductivum,
934 1858 1025 1911 quia
1056 1858 1159 1910 plus,
1196 1857 1347 1896 firmius
1379 1867 1415 1896 et
1449 1859 1591 1897 certius
1616 1858 1774 1897 credere
1802 1867 1957 1898 tenetur

310 1931 423 1969 dictis
462 1929 650 1968 Ecclesia*
686 1939 722 1968 et
753 1930 838 1981 ejus
876 1929 1068 1969 mandatis
1106 1928 1268 1968 obedire
1301 1943 1418 1983 quam
1457 1930 1698 1982 apparitioni
1728 1930 1800 1968 sibi
1832 1930 1956 1978 factae,

311 2001 408 2040 sorte
436 2002 697 2054 phantasticae
722 2010 759 2039 et
780 2000 988 2040 diabolicae
1008 2015 1016 2048 3
1051 2001 1142 2054 quia
1165 2001 1328 2053 maligni
1353 2002 1513 2054 spiritus
1537 2001 1752 2054 aliquando
1774 2015 1813 2040 se
1833 2011 1959 2040 trans-

315 2072 485 2112 formant
511 2073 548 2110 in
575 2072 880 2111 similitudinem
908 2072 1142 2124 angelorum
1165 2072 1379 2111 bonorum.
1403 2073 1547 2118 Quoad
1572 2073 1785 2112 secundam
1807 2086 1957 2126 propo-

316 2145 520 2191 sitionem,
541 2144 586 2182 de
606 2145 722 2197 signo
741 2143 848 2197 quod
869 2144 963 2182 dicit
982 2144 1167 2182 habuisse
1182 2144 1365 2197 princeps
1390 2144 1436 2182 ad
1458 2158 1578 2197 quem
1603 2145 1845 2192 mittebatur,
1863 2154 1957 2193 etc.,

314 2217 474 2261 nesciog
511 2215 610 2254 forte
641 2215 820 2254 fictivum
855 2225 913 2254 est
949 2224 985 2254 et
1017 2215 1270 2254 mendacium
1308 2215 1584 2254 adinventum.
1619 2216 1766 2261 Quoad
1797 2216 1952 2254 tertiam

313 2288 647 2340 propositionem,
675 2287 781 2339 quod
815 2296 918 2325 certa
951 2296 1008 2325 est
1039 2287 1148 2340 quod
1179 2286 1243 2324 ille
1275 2287 1340 2339 qui
1374 2300 1459 2325 cam
1484 2287 1656 2326 visitavit
1677 2297 1713 2326 et
1745 2287 1874 2326 visitat
1900 2296 1958 2326 est

313 2368 469 2397 sanctus
496 2358 681 2405 Michael,
710 2358 799 2411 quia
826 2370 866 2396 se
891 2358 1009 2396 talem
1031 2358 1270 2410 nominavit,
1295 2367 1387 2406 etc.,
1412 2358 1490 2397 hoc
1507 2359 1761 2397 temerarium
1783 2357 1957 2413 videtur,

310 2431 402 2482 quia
428 2444 508 2468 non
535 2431 645 2469 omni
677 2430 832 2482 spiritui
867 2429 1109 2468 credendum
1135 2439 1214 2477 est3
1242 2438 1280 2468 et
1303 2429 1403 2468 forte
1432 2429 1568 2468 illusio
1587 2429 1751 2482 maligni
1777 2430 1955 2482 spiritus,

309 2511 352 2540 ut
377 2502 498 2554 prius.
532 2503 589 2539 De
612 2501 688 2539 hoc
714 2501 821 2554 qu‘od
847 2501 970 2539 credit
996 2501 1080 2554 ipsa
1104 2514 1194 2539 vera
1217 2514 1300 2539 esse
1321 2510 1360 2540 et
1380 2500 1500 2549 bona,
1528 2514 1641 2555 aeque
1669 2500 1834 2540 firmiter
1855 2502 1957 2540 sicut

309 2573 416 2625 quod
439 2573 619 2611 Christus
640 2586 777 2625 passus
797 2582 854 2611 est
873 2586 944 2625 pro
970 2571 1086 2611 nobis
1108 2582 1144 2611 et
1167 2583 1366 2620 mortuus,
1385 2573 1462 2611 hoc
1483 2572 1639 2611 videtur
1657 2582 1884 2625 suspectum
1909 2571 1956 2610 de

312 2658 459 2690 errore,
505 2654 540 2682 et
582 2643 698 2682 fidem
744 2653 919 2682 nostram
975 2643 1166 2682 derisioni
1214 2657 1427 2697 exponere,
1470 2653 1506 2682 et
1565 2644 1687 2697 ipsius
1730 2644 1955 2684 firmitatem

308 2715 503 2753 minuere.
535 2716 590 2753 Dc
623 2724 759 2767 quarta
792 2701 1086 2767 propositione,
1113 2715 1220 2768 quod
1247 2725 1354 2754 certa
1378 2724 1435 2753 est
1465 2715 1512 2753 de
1546 2714 1784 2768 quibusdam
1811 2714 1955 2755 futuris

308 2799 414 2824 mere
443 2786 769 2838 contingentibus
800 2786 907 2839 quod
939 2786 1140 2833 evenient,
1174 2787 1276 2825 sicut
1304 2795 1408 2824 certa
1442 2792 1533 2824 est3
1569 2785 1616 2825 de
1647 2786 1707 2824 his
1744 2800 1832 2839 quae
1863 2797 1953 2826 actu

309 2857 416 2895 videt
440 2867 529 2895 ante
555 2871 609 2904 se,
632 2858 734 2895 istud
758 2866 1123 2910 praesumptuosum
1146 2857 1318 2906 videtur,
1342 2858 1433 2910 quia
1456 2856 1586 2896 futura
1606 2870 1689 2897 non
1715 2857 1762 2896 de
1783 2859 1952 2897 necessi-

365 3081 391 3105 1.
415 3071 444 3106 C
470 3079 567 3106 omet
590 3075 631 3105 et.
654 3066 759 3106 ——‘2.
782 3071 878 3106 ΑΒΕ
903 3084 912 3106 ;
933 3072 1158 3110 scimaticum.
1189 3093 1236 3097 —
1257 3083 1289 3119 3.
1310 3073 1346 3117 Q
1362 3081 1460 3108 omet
1486 3078 1542 3107 est.

2074 2056 2099 2118 »3va-
2087 2028 2089 2033 .
2086 2011 2099 2023 .-

2075 2797 2087 2804 ;
2067 2693 2099 2785 »ως-»κ
2068 2171 2099 2674 ,”ἰηπ,ιεῳ;.-ωᾳεωζ-ιῡ·ῳερ-ῥι’.

2061 3079 2084 3096 9-
2075 3066 2083 3072 -
2072 3010 2085 3057 -u-
2062 2822 2091 3002 “wamhs

2066 3327 2080 3348 Ρ
2068 3271 2082 3299 ’.ς
2066 3110 2088 3262 -s‘ssae’f‘n-
