2099 3356
371 181 532 225 PRocizs
565 195 622 224 DE
654 195 1004 226 CONDAMNATION
1038 197 1094 226 DE
1125 198 1292 239 JEANNE
1325 183 1454 227 D'ARc
1649 197 1727 241 205

148 293 251 338 *Ad
276 294 392 338 hunc
414 303 423 320 ¹
455 294 685 338 articulum
707 293 938 352 respondet
959 303 974 320 ²
1000 295 1136 353 quod,
1166 295 1217 340 ad
1252 295 1530 340 revelandum
1559 297 1731 354 signum

89 389 131 421 et
151 376 230 421 alia
250 390 454 421 contenta
476 378 519 421 in
546 377 742 431 articulo,
764 378 853 435 ipsa
880 379 1023 435 potuit
1042 378 1149 422 bene
1173 378 1328 423 dixisse
1352 378 1471 438 quod
1496 395 1586 422 non
1614 395 1736 423 reve-

88 461 220 515 laret;
241 473 283 505 et
300 459 418 505 addit
436 459 555 519 quod
577 462 618 504 in
639 459 910 504 confessione
932 477 1008 505 sua
1031 461 1131 505 alias
1152 461 1272 517 facta,
1294 462 1418 506 debet
1434 462 1580 506 haberi
1597 461 1732 520 quod,

89 545 181 588 sine
199 543 370 588 licentia
395 545 577 588 Domini
603 545 754 597 nostri,
782 542 889 588 illud
913 545 1087 602 signum
1110 561 1199 589 non
1228 545 1447 590 revelaret.

147 628 273 681 Item,
300 629 425 686 jovis,
446 642 553 671 xx11.
584 627 798 680 februarii,
827 626 933 671 dixit
953 627 1071 685 quod
1093 628 1210 672 nulla
1243 642 1305 672 est
1334 628 1437 682 dies,
1458 630 1564 687 quin
1589 628 1733 673 audiat

89 710 180 755 illas
203 727 352 765 voces,
377 724 419 755 et
439 712 569 755 etiam
598 710 706 754 bene
733 710 920 769 indiget.

146 796 270 848 Item,
297 795 366 838 die
392 794 570 848 sabbati,
597 809 720 838 xx1111
747 801 776 838 ³.
806 793 1022 847 februarii,
1059 794 1167 838 dixit
1197 795 1316 853 quod
1339 799 1415 840 vo's
1448 795 1556 840 dixit
1592 797 1630 840 ei
1664 797 1735 840 illa

88 893 213 922 nocte
241 878 401 922 multas
422 894 485 922 res
511 894 589 936 pro
610 877 727 922 bono
752 879 860 935 regis
886 878 968 931 sui,
997 894 1102 936 quas
1131 878 1257 923 Vellet
1285 880 1428 937 ipsum
1458 896 1602 938 regem
1629 881 1736 924 scire

85 961 154 1006 illa
175 961 258 1016 die,
279 974 321 1006 et
345 961 464 1020 quod
502 978 591 1005 non
625 974 789 1020 potaret
816 962 971 1004 vinum
996 977 1134 1020 usque
1153 961 1204 1005 ad
1233 962 1392 1006 Pascha
1413 980 1423 1016 ;
1453 976 1494 1007 et
1516 965 1604 1022 ipse
1634 963 1734 1008 inde

84 1058 194 1089 esset
218 1046 358 1090 laetior
382 1046 430 1089 in
453 1044 647 1104 prandio.

144 1130 269 1183 Item,
291 1129 360 1174 die
385 1131 547 1181 martis,
578 1143 716 1172 xxvn.
740 1127 960 1183 februarii,
979 1128 1086 1173 dixit
1121 1129 1241 1188 quod
1263 1129 1371 1174 bene
1398 1129 1507 1175 dixit
1534 1133 1621 1189 regi
1654 1148 1734 1176 suo

87 1225 231 1257 totum
255 1228 342 1257 una
359 1213 450 1257 vice
477 1211 595 1271 quod
617 1214 655 1256 ei
671 1211 808 1256 fuerat
834 1212 1088 1264 revelatum,
1111 1213 1213 1271 quia
1236 1212 1324 1256 ibat
1342 1213 1392 1257 ad
1414 1214 1578 1272 ipsum.
1604 1215 1732 1267 Item,

87 1312 134 1341 ea
158 1295 226 1340 die
250 1298 414 1350 martis,
443 1295 549 1339 dixit
583 1294 702 1354 quod
730 1296 848 1339 misit
884 1295 1043 1340 litteras
1066 1311 1213 1340 versus
1250 1312 1393 1355 regem
1431 1314 1579 1352 suum,
1606 1311 1648 1341 et
1677 1297 1734 1341 ibi

87 1380 390 1425 continebatur
416 1379 534 1438 quod
553 1380 641 1438 ipsa
668 1378 880 1429 mittebat,
901 1378 952 1423 ad
970 1378 1195 1424 sciendum
1222 1381 1256 1423 si
1281 1381 1369 1438 ipsa
1389 1382 1565 1426 intraret
1587 1381 1734 1425 villam

88 1465 132 1507 in
160 1480 244 1523 qua
270 1465 358 1522 ipse
385 1475 496 1517 erat3
532 1476 572 1507 et
611 1462 730 1521 quod
767 1464 852 1520 jam
890 1464 979 1521 ipsa
1011 1462 1308 1508 ambulaverat
1341 1463 1448 1508 bene
1482 1478 1659 1509 centum
1695 1479 1736 1509 et

86 1548 401 1607 quinquaginta
421 1547 575 1600 leucas,
598 1563 674 1604 pro
702 1545 917 1590 veniendo
940 1562 1085 1591 versus
1112 1548 1273 1605 ipsum,
1304 1549 1348 1591 in
1372 1549 1464 1606 ejus
1489 1549 1673 1603 auxilio,
1696 1561 1736 1592 et

86 1627 204 1687 quod
230 1627 388 1672 sciebat
415 1628 572 1672 multas
594 1627 726 1671 bonas
749 1642 812 1671 res
826 1642 907 1686 pro
931 1643 982 1671 eo
1002 1645 1014 1682 3
1047 1640 1088 1672 et
1106 1627 1279 1672 videtur
1304 1628 1384 1672 sibi
1408 1628 1527 1688 quod
1552 1629 1610 1672 ibi
1634 1645 1737 1673 con-

87 1712 304 1757 tinebatur
330 1712 450 1772 quod
471 1713 559 1770 ipsa
587 1711 695 1755 bene
721 1725 999 1769 cognosceret
1024 1728 1143 1766 eum,
1173 1713 1286 1756 inter
1311 1728 1465 1757 omnes
1491 1714 1611 1758 alios.

146 1797 270 1851 Item,
304 1797 429 1853 jovis,
470 1797 607 1854 prima
640 1796 798 1849 martii,
838 1796 1097 1853 interrogata
1122 1797 1165 1839 in
1193 1811 1279 1855 qua
1298 1796 1435 1854 figura
1455 1810 1543 1841 erat
1567 1810 1736 1841 sanctus

86 1880 273 1924 Michael
299 1894 306 1923 :
337 1879 560 1938 respondit
583 1878 703 1938 quod
742 1895 831 1923 non
865 1878 973 1923 vidit
1007 1879 1045 1923 ei
1072 1895 1307 1935 coronam3
1336 1893 1376 1925 et
1403 1880 1454 1925 de
1481 1882 1569 1925 suis
1604 1883 1735 1925 vesti-

87 1965 260 2018 mentis,
283 1964 391 2007 nihil
411 1965 505 2007 scit.
527 1964 866 2021 —Interrogata
889 1964 923 2007 si
942 1964 1032 2021 ipse
1049 1976 1220 2008 sanctus
1242 1964 1427 2008 Michael
1449 1978 1536 2008 erat
1559 1964 1703 2009 nudus
1723 1981 1730 2007 :

86 2048 306 2106 respondit
331 2062 339 2091 :
367 2063 387 2086 «
415 2048 627 2106 Cogitatis
651 2063 728 2091 vos
750 2041 870 2105 quod
889 2047 1111 2091 Dominus
1132 2061 1279 2092 noster
1297 2048 1451 2104 Jhesus
1474 2065 1562 2093 non
1586 2049 1736 2093 habeat

85 2131 137 2176 de
161 2148 249 2191 quo
277 2133 430 2176 vestire
452 2132 630 2190 ipsum?
664 2148 684 2170 »

144 2217 269 2270 Item,
303 2215 372 2259 die
400 2216 509 2274 jovis
527 2225 558 2269 4,
599 2229 671 2258 XV.
713 2215 869 2268 martii,
900 2215 1164 2272 interrogata
1197 2215 1316 2273 quod
1350 2214 1508 2260 diceret
1550 2215 1734 2261 modum

85 2300 269 2359 qualiter
310 2298 487 2343 credidit
529 2297 707 2342 evadere
742 2314 764 2342 a
803 2310 940 2342 castro
976 2297 1027 2342 de
1067 2299 1277 2353 Βειιτιῖἱειι,
1314 2300 1426 2343 inter
1461 2299 1566 2344 duas
1596 2302 1734 2359 pecias

87 2382 202 2428 bosci
226 2379 242 2426 *z
273 2382 493 2442 respondit
525 2381 644 2441 quod
682 2398 910 2440 nunquam
946 2381 1028 2426 fuit
1064 2383 1316 2440 prisionaria
1355 2384 1399 2426 in
1436 2383 1583 2442 aliquo
1619 2383 1731 2437 loco,

137 2599 372 2653 *Respond‚
408 2608 532 2652 quant
565 2598 585 2636 ἐι
612 2597 758 2650 icelluy
785 2597 935 2646 article,
969 2611 1045 2651 que
1080 2597 1100 2636 a
1130 2597 1280 2636 re've'ler
1311 2597 1347 2637 le
1377 2599 1489 2651 signe
1517 2613 1570 2638 ou
1603 2610 1732 2639 autres

86 2672 227 2711 choses
248 2681 467 2711 contenues
489 2684 537 2709 en
562 2664 739 2717 l⁵article,
761 2669 836 2708 elle
860 2679 975 2722 peust
999 2669 1089 2708 bien
1113 2670 1223 2708 avoir
1244 2670 1300 2709 dit
1322 2670 1466 2724 qu'elle
1491 2685 1540 2710 ne
1567 2671 1603 2711 le
1625 2673 1733 2711 reve-

85 2743 201 2783 leroit
222 2744 359 2796 point,
382 2752 419 2782 et
437 2743 616 2795 adjouste
638 2756 732 2795 que,
760 2755 809 2780 en
831 2755 871 2779 sa
896 2741 1126 2780 confession
1152 2742 1339 2781 autrefois
1359 2741 1488 2789 faicte‚
1519 2743 1603 2783 doit
1624 2745 1734 2783 avoir

83 2830 176 2869 que,
202 2830 291 2855 sans
312 2816 454 2868 congie
476 2814 524 2854 de
550 2823 685 2853 nostre
707 2814 916 2867 Seigneur,
944 2827 992 2851 ne
1012 2812 1046 2851 le
1075 2813 1284 2853 reveleroit
1310 2821 1338 2852 5.

138 3050 167 3073 1.
187 3038 218 3072 A
249 3052 258 3073 :
285 3039 489 3072 tricesimum
502 3037 669 3083 primum.
689 3055 736 3060 —
767 3045 800 3069 2.
820 3034 850 3068 A
870 3034 987 3079 ajoute
1011 3033 1174 3076 johanna.
1198 3055 1243 3060 —-
1269 3045 1297 3079 3.
1321 3035 1356 3078 Q
1384 3048 1392 3070 ,·
1420 3035 1555 3069 XXIII.
1580 3057 1624 3060 —
1642 3046 1676 3078 4.
1699 3035 1733 3079 Q

88 3107 185 3132 omet
200 3099 301 3144 jovis.
327 3118 368 3122 -
394 3107 423 3140 5.
448 3097 489 3137 U,
512 3096 574 3130 fol.
601 3096 656 3136 28,
676 3104 728 3128 vv.
