<?xml version="1.0" encoding="UTF-8"?>
<!DOCTYPE html PUBLIC "-//W3C//DTD XHTML 1.0 Transitional//EN"
    "http://www.w3.org/TR/xhtml1/DTD/xhtml1-transitional.dtd">
<html xmlns="http://www.w3.org/1999/xhtml" xml:lang="en" lang="en">
 <head>
  <title>
</title>
<meta http-equiv="Content-Type" content="text/html;charset=utf-8" />
  <meta name='ocr-system' content='tesseract 3.04.00' />
  <meta name='ocr-capabilities' content='ocr_page ocr_carea ocr_par ocr_line ocrx_word'/>
</head>
<body>
  <div class='ocr_page' id='page_1' title='image "./procsdecondamn01cham_0214.png"; bbox 0 0 2099 3356; ppageno 0'>
   <div class='ocr_carea' id='block_1_1' title="bbox 367 199 1723 257">
    <p class='ocr_par' dir='ltr' id='par_1_1' title="bbox 367 199 1723 257">
     <span class='ocr_line' id='line_1_1' title="bbox 367 199 1723 257; baseline -0.002 -12"><span class='ocrx_word' id='word_1_1' title='bbox 367 204 447 257; x_wconf 72' lang='lat'>164</span> <span class='ocrx_word' id='word_1_2' title='bbox 643 203 799 244; x_wconf 62' lang='lat' dir='ltr'>PRoci&#39;ss</span> <span class='ocrx_word' id='word_1_3' title='bbox 833 216 889 244; x_wconf 85' lang='lat' dir='ltr'>DE</span> <span class='ocrx_word' id='word_1_4' title='bbox 921 214 1274 244; x_wconf 80' lang='lat' dir='ltr'>CONDAMNATION</span> <span class='ocrx_word' id='word_1_5' title='bbox 1308 214 1364 242; x_wconf 84' lang='lat' dir='ltr'>DE</span> <span class='ocrx_word' id='word_1_6' title='bbox 1395 214 1564 255; x_wconf 82' lang='lat' dir='ltr'>JEANNE</span> <span class='ocrx_word' id='word_1_7' title='bbox 1598 199 1723 243; x_wconf 78' lang='lat' dir='ltr'>D’ARc</span> 
     </span>
    </p>
   </div>
   <div class='ocr_carea' id='block_1_2' title="bbox 357 311 2005 510">
    <p class='ocr_par' dir='ltr' id='par_1_2' title="bbox 357 311 2005 510">
     <span class='ocr_line' id='line_1_2' title="bbox 359 311 2002 367; baseline -0.002 -15"><span class='ocrx_word' id='word_1_8' title='bbox 359 314 491 367; x_wconf 90' lang='lat' dir='ltr'>quoad</span> <span class='ocrx_word' id='word_1_9' title='bbox 516 314 800 365; x_wconf 85' lang='lat' dir='ltr'>juramentum,</span> <span class='ocrx_word' id='word_1_10' title='bbox 819 313 965 359; x_wconf 86' lang='lat' dir='ltr'>Quoad</span> <span class='ocrx_word' id='word_1_11' title='bbox 984 311 1287 366; x_wconf 88' lang='lat' dir='ltr'>procedendum</span> <span class='ocrx_word' id='word_1_12' title='bbox 1305 311 1486 359; x_wconf 87' lang='lat' dir='ltr'>ulterius,</span> <span class='ocrx_word' id='word_1_13' title='bbox 1507 312 1538 350; x_wconf 90' lang='lat' dir='ltr'>si</span> <span class='ocrx_word' id='word_1_14' title='bbox 1558 320 1711 350; x_wconf 89' lang='lat' dir='ltr'>recuset</span> <span class='ocrx_word' id='word_1_15' title='bbox 1738 311 1881 364; x_wconf 86' lang='lat' dir='ltr'>jurare,</span> <span class='ocrx_word' id='word_1_16' title='bbox 1917 311 2002 350; x_wconf 90' lang='lat' dir='ltr'>vult</span> 
     </span>
     <span class='ocr_line' id='line_1_3' title="bbox 357 384 923 438; baseline 0 -15"><span class='ocrx_word' id='word_1_17' title='bbox 357 385 541 438; x_wconf 89' lang='lat' dir='ltr'>primitus</span> <span class='ocrx_word' id='word_1_18' title='bbox 560 385 764 424; x_wconf 85' lang='lat' dir='ltr'>revolvere</span> <span class='ocrx_word' id='word_1_19' title='bbox 783 384 923 424; x_wconf 87' lang='lat' dir='ltr'>libros.</span> 
     </span>
     <span class='ocr_line' id='line_1_4' title="bbox 408 454 2005 510; baseline -0.002 -15"><span class='ocrx_word' id='word_1_20' title='bbox 408 457 597 509; x_wconf 84' lang='lat' dir='ltr'>Magister</span> <span class='ocrx_word' id='word_1_21' title='bbox 616 455 818 495; x_wconf 88' lang='lat' dir='ltr'>Aubertus</span> <span class='ocrx_word' id='word_1_22' title='bbox 838 456 997 496; x_wconf 87' lang='lat' dir='ltr'>Morelli</span> <span class='ocrx_word' id='word_1_23' title='bbox 1020 466 1058 502; x_wconf 86' lang='lat' dir='ltr'>et</span> <span class='ocrx_word' id='word_1_24' title='bbox 1073 457 1261 510; x_wconf 85' lang='lat' dir='ltr'>magister</span> <span class='ocrx_word' id='word_1_25' title='bbox 1280 456 1485 505; x_wconf 86' lang='lat' dir='ltr'>Johannes</span> <span class='ocrx_word' id='word_1_26' title='bbox 1514 455 1561 493; x_wconf 91' lang='lat' dir='ltr'>de</span> <span class='ocrx_word' id='word_1_27' title='bbox 1584 454 1792 500; x_wconf 87' lang='lat' dir='ltr'>Quemino</span> <span class='ocrx_word' id='word_1_28' title='bbox 1812 465 1820 492; x_wconf 73' lang='grc' dir='ltr'>ε</span> <span class='ocrx_word' id='word_1_29' title='bbox 1844 463 2005 493; x_wconf 89' lang='lat' dir='ltr'>tenetur</span> 
     </span>
    </p>
   </div>
   <div class='ocr_carea' id='block_1_3' title="bbox 355 529 2005 647">
    <p class='ocr_par' dir='ltr' id='par_1_3' title="bbox 355 529 2005 647">
     <span class='ocr_line' id='line_1_5' title="bbox 355 529 604 581; baseline 0 -15"><span class='ocrx_word' id='word_1_30' title='bbox 355 529 500 581; x_wconf 86' lang='lat' dir='ltr'>jurare,</span> <span class='ocrx_word' id='word_1_31' title='bbox 530 538 604 567; x_wconf 91' lang='lat' dir='ltr'>etc.</span> 
     </span>
     <span class='ocr_line' id='line_1_6' title="bbox 412 591 2005 647; baseline -0.001 -15"><span class='ocrx_word' id='word_1_32' title='bbox 412 594 482 632; x_wconf 86' lang='lat' dir='ltr'>His</span> <span class='ocrx_word' id='word_1_33' title='bbox 500 594 554 632; x_wconf 89' lang='lat' dir='ltr'>sic</span> <span class='ocrx_word' id='word_1_34' title='bbox 574 594 685 641; x_wconf 87' lang='lat' dir='ltr'>actis,</span> <span class='ocrx_word' id='word_1_35' title='bbox 710 603 920 647; x_wconf 87' lang='lat' dir='ltr'>promotor</span> <span class='ocrx_word' id='word_1_36' title='bbox 941 607 980 632; x_wconf 91' lang='lat' dir='ltr'>se</span> <span class='ocrx_word' id='word_1_37' title='bbox 999 593 1143 633; x_wconf 89' lang='lat' dir='ltr'>obtulit</span> <span class='ocrx_word' id='word_1_38' title='bbox 1165 594 1290 646; x_wconf 88' lang='lat' dir='ltr'>jurare</span> <span class='ocrx_word' id='word_1_39' title='bbox 1310 593 1357 632; x_wconf 93' lang='lat' dir='ltr'>de</span> <span class='ocrx_word' id='word_1_40' title='bbox 1390 592 1633 645; x_wconf 84' lang='lat' dir='ltr'>calumpnia,</span> <span class='ocrx_word' id='word_1_41' title='bbox 1657 601 1694 631; x_wconf 90' lang='lat' dir='ltr'>et</span> <span class='ocrx_word' id='word_1_42' title='bbox 1723 592 1877 644; x_wconf 81' lang='lat' dir='ltr'>juravit,</span> <span class='ocrx_word' id='word_1_43' title='bbox 1898 591 2005 630; x_wconf 88' lang='lat' dir='ltr'>vide-</span> 
     </span>
    </p>
   </div>
   <div class='ocr_carea' id='block_1_4' title="bbox 357 663 2007 1213">
    <p class='ocr_par' dir='ltr' id='par_1_4' title="bbox 358 663 2007 857">
     <span class='ocr_line' id='line_1_7' title="bbox 358 663 2007 719; baseline -0.002 -15"><span class='ocrx_word' id='word_1_44' title='bbox 358 664 465 713; x_wconf 90' lang='lat' dir='ltr'>licet,</span> <span class='ocrx_word' id='word_1_45' title='bbox 492 665 598 719; x_wconf 92' lang='lat' dir='ltr'>quod</span> <span class='ocrx_word' id='word_1_46' title='bbox 621 679 702 704; x_wconf 88' lang='lat' dir='ltr'>non</span> <span class='ocrx_word' id='word_1_47' title='bbox 726 664 877 713; x_wconf 84' lang='lat' dir='ltr'>favore,</span> <span class='ocrx_word' id='word_1_48' title='bbox 901 679 1080 713; x_wconf 85' lang='lat' dir='ltr'>rancore,</span> <span class='ocrx_word' id='word_1_49' title='bbox 1101 666 1245 704; x_wconf 89' lang='lat' dir='ltr'>timore</span> <span class='ocrx_word' id='word_1_50' title='bbox 1267 674 1332 703; x_wconf 88' lang='lat' dir='ltr'>aut</span> <span class='ocrx_word' id='word_1_51' title='bbox 1347 664 1458 713; x_wconf 90' lang='lat' dir='ltr'>odio,</span> <span class='ocrx_word' id='word_1_52' title='bbox 1483 664 1550 703; x_wconf 87' lang='lat' dir='ltr'>sed</span> <span class='ocrx_word' id='word_1_53' title='bbox 1572 663 1658 702; x_wconf 91' lang='lat' dir='ltr'>zelo</span> <span class='ocrx_word' id='word_1_54' title='bbox 1679 663 1788 711; x_wconf 87' lang='lat' dir='ltr'>fidei,</span> <span class='ocrx_word' id='word_1_55' title='bbox 1814 663 2007 716; x_wconf 88' lang='lat' dir='ltr'>proponit</span> 
     </span>
     <span class='ocr_line' id='line_1_8' title="bbox 360 734 2000 790; baseline -0.001 -15"><span class='ocrx_word' id='word_1_56' title='bbox 360 750 405 775; x_wconf 91' lang='lat' dir='ltr'>ea</span> <span class='ocrx_word' id='word_1_57' title='bbox 426 750 514 790; x_wconf 87' lang='lat' dir='ltr'>quae</span> <span class='ocrx_word' id='word_1_58' title='bbox 538 736 603 775; x_wconf 90' lang='lat' dir='ltr'>dat</span> <span class='ocrx_word' id='word_1_59' title='bbox 638 737 677 776; x_wconf 88' lang='lat' dir='ltr'>in</span> <span class='ocrx_word' id='word_1_60' title='bbox 719 736 870 784; x_wconf 81' lang='lat' dir='ltr'>libello,</span> <span class='ocrx_word' id='word_1_61' title='bbox 903 750 971 776; x_wconf 87' lang='lat' dir='ltr'>seu</span> <span class='ocrx_word' id='word_1_62' title='bbox 1012 736 1201 783; x_wconf 72' lang='lat' dir='ltr'>articulis,</span> <span class='ocrx_word' id='word_1_63' title='bbox 1238 745 1275 775; x_wconf 92' lang='lat' dir='ltr'>et</span> <span class='ocrx_word' id='word_1_64' title='bbox 1315 736 1355 774; x_wconf 90' lang='lat' dir='ltr'>in</span> <span class='ocrx_word' id='word_1_65' title='bbox 1389 736 1552 775; x_wconf 88' lang='lat' dir='ltr'>materia</span> <span class='ocrx_word' id='word_1_66' title='bbox 1579 735 1652 774; x_wconf 88' lang='lat' dir='ltr'>ista</span> <span class='ocrx_word' id='word_1_67' title='bbox 1690 744 1828 774; x_wconf 88' lang='lat' dir='ltr'>contra</span> <span class='ocrx_word' id='word_1_68' title='bbox 1851 734 2000 774; x_wconf 87' lang='lat' dir='ltr'>dictam</span> 
     </span>
     <span class='ocr_line' id='line_1_9' title="bbox 359 809 601 857; baseline -0.008 -10"><span class='ocrx_word' id='word_1_69' title='bbox 359 809 601 857; x_wconf 86' lang='lat' dir='ltr'>Johannam.</span> 
     </span>
    </p>

    <p class='ocr_par' dir='ltr' id='par_1_5' title="bbox 357 877 2004 1213">
     <span class='ocr_line' id='line_1_10' title="bbox 414 877 2003 933; baseline -0.001 -15"><span class='ocrx_word' id='word_1_70' title='bbox 414 881 555 919; x_wconf 84' lang='lat' dir='ltr'>Postea</span> <span class='ocrx_word' id='word_1_71' title='bbox 576 879 650 918; x_wconf 89' lang='lat' dir='ltr'>suit</span> <span class='ocrx_word' id='word_1_72' title='bbox 670 878 804 919; x_wconf 64' lang='lat' dir='ltr'>&#39;eidem</span> <span class='ocrx_word' id='word_1_73' title='bbox 825 880 1020 929; x_wconf 88' lang='lat' dir='ltr'>Johannae</span> <span class='ocrx_word' id='word_1_74' title='bbox 1045 880 1197 919; x_wconf 87' lang='lat' dir='ltr'>dictum</span> <span class='ocrx_word' id='word_1_75' title='bbox 1219 879 1326 933; x_wconf 92' lang='lat' dir='ltr'>quod</span> <span class='ocrx_word' id='word_1_76' title='bbox 1348 879 1430 932; x_wconf 87' lang='lat' dir='ltr'>ipsa</span> <span class='ocrx_word' id='word_1_77' title='bbox 1460 878 1621 917; x_wconf 89' lang='lat' dir='ltr'>haberet</span> <span class='ocrx_word' id='word_1_78' title='bbox 1640 877 1881 931; x_wconf 87' lang='lat' dir='ltr'>respondere</span> <span class='ocrx_word' id='word_1_79' title='bbox 1902 878 2003 917; x_wconf 90' lang='lat' dir='ltr'>veri-</span> 
     </span>
     <span class='ocr_line' id='line_1_11' title="bbox 359 949 1994 1004; baseline -0.001 -15"><span class='ocrx_word' id='word_1_80' title='bbox 359 960 480 990; x_wconf 87' lang='lat' dir='ltr'>tatem</span> <span class='ocrx_word' id='word_1_81' title='bbox 504 951 551 990; x_wconf 85' lang='lat' dir='ltr'>de</span> <span class='ocrx_word' id='word_1_82' title='bbox 574 951 635 989; x_wconf 78' lang='lat' dir='ltr'>his</span> <span class='ocrx_word' id='word_1_83' title='bbox 656 965 744 1004; x_wconf 80' lang='lat' dir='ltr'>quae</span> <span class='ocrx_word' id='word_1_84' title='bbox 769 960 977 1003; x_wconf 82' lang='lat' dir='ltr'>tangerent</span> <span class='ocrx_word' id='word_1_85' title='bbox 998 950 1160 990; x_wconf 87' lang='lat' dir='ltr'>factum.</span> <span class='ocrx_word' id='word_1_86' title='bbox 1187 951 1401 1003; x_wconf 89' lang='lat' dir='ltr'>Postquam</span> <span class='ocrx_word' id='word_1_87' title='bbox 1426 950 1520 989; x_wconf 90' lang='lat' dir='ltr'>dicti</span> <span class='ocrx_word' id='word_1_88' title='bbox 1540 950 1722 989; x_wconf 90' lang='lat' dir='ltr'>doctores</span> <span class='ocrx_word' id='word_1_89' title='bbox 1747 958 1785 988; x_wconf 89' lang='lat' dir='ltr'>et</span> <span class='ocrx_word' id='word_1_90' title='bbox 1817 949 1994 1002; x_wconf 88' lang='lat' dir='ltr'>magistri</span> 
     </span>
     <span class='ocr_line' id='line_1_12' title="bbox 358 1021 2003 1076; baseline -0.001 -15"><span class='ocrx_word' id='word_1_91' title='bbox 358 1023 542 1062; x_wconf 86' lang='lat' dir='ltr'>dixerunt</span> <span class='ocrx_word' id='word_1_92' title='bbox 564 1023 778 1076; x_wconf 82' lang='lat' dir='ltr'>opiniones</span> <span class='ocrx_word' id='word_1_93' title='bbox 797 1036 900 1068; x_wconf 77' lang='lat' dir='ltr'>suaS‚</span> <span class='ocrx_word' id='word_1_94' title='bbox 925 1032 962 1061; x_wconf 87' lang='lat' dir='ltr'>et</span> <span class='ocrx_word' id='word_1_95' title='bbox 980 1023 1097 1061; x_wconf 87' lang='lat' dir='ltr'>etiam</span> <span class='ocrx_word' id='word_1_96' title='bbox 1121 1022 1229 1076; x_wconf 87' lang='lat' dir='ltr'>quod</span> <span class='ocrx_word' id='word_1_97' title='bbox 1247 1022 1376 1061; x_wconf 88' lang='lat' dir='ltr'>dictus</span> <span class='ocrx_word' id='word_1_98' title='bbox 1391 1022 1754 1075; x_wconf 87' lang='lat' dir='ltr'>promotorjuravit</span> <span class='ocrx_word' id='word_1_99' title='bbox 1778 1021 1825 1060; x_wconf 92' lang='lat' dir='ltr'>de</span> <span class='ocrx_word' id='word_1_100' title='bbox 1850 1021 2003 1060; x_wconf 86' lang='lat' dir='ltr'>calum-</span> 
     </span>
     <span class='ocr_line' id='line_1_13' title="bbox 357 1092 2004 1147; baseline -0.001 -14"><span class='ocrx_word' id='word_1_101' title='bbox 357 1095 464 1147; x_wconf 89' lang='lat' dir='ltr'>pnia,</span> <span class='ocrx_word' id='word_1_102' title='bbox 489 1094 676 1133; x_wconf 89' lang='lat' dir='ltr'>dominus</span> <span class='ocrx_word' id='word_1_103' title='bbox 703 1094 949 1133; x_wconf 88' lang='lat' dir='ltr'>Belvacensis</span> <span class='ocrx_word' id='word_1_104' title='bbox 972 1094 1068 1132; x_wconf 83' lang='lat' dir='ltr'>dixit</span> <span class='ocrx_word' id='word_1_105' title='bbox 1090 1094 1221 1132; x_wconf 84' lang='lat' dir='ltr'>eidem</span> <span class='ocrx_word' id='word_1_106' title='bbox 1239 1093 1433 1142; x_wconf 79' lang='lat' dir='ltr'>Joliannae</span> <span class='ocrx_word' id='word_1_107' title='bbox 1463 1093 1571 1146; x_wconf 88' lang='lat' dir='ltr'>quod</span> <span class='ocrx_word' id='word_1_108' title='bbox 1593 1092 1645 1131; x_wconf 92' lang='lat' dir='ltr'>ibi</span> <span class='ocrx_word' id='word_1_109' title='bbox 1668 1093 1867 1132; x_wconf 86' lang='lat' dir='ltr'>adstantes</span> <span class='ocrx_word' id='word_1_110' title='bbox 1892 1101 2004 1131; x_wconf 89' lang='lat' dir='ltr'>erant</span> 
     </span>
     <span class='ocr_line' id='line_1_14' title="bbox 357 1153 1332 1213; baseline -0.001 -9"><span class='ocrx_word' id='word_1_111' title='bbox 357 1179 496 1204; x_wconf 91' lang='lat' dir='ltr'>omnes</span> <span class='ocrx_word' id='word_1_112' title='bbox 518 1165 773 1204; x_wconf 88' lang='lat' dir='ltr'>ecclesiastici</span> <span class='ocrx_word' id='word_1_113' title='bbox 795 1175 831 1204; x_wconf 88' lang='lat' dir='ltr'>et</span> <span class='ocrx_word' id='word_1_114' title='bbox 857 1165 1077 1204; x_wconf 87' lang='lat' dir='ltr'>doctissimi</span> <span class='ocrx_word' id='word_1_115' title='bbox 1102 1153 1190 1213; x_wconf 74' lang='lat' dir='ltr'>viri,</span> <span class='ocrx_word' id='word_1_116' title='bbox 1218 1174 1277 1203; x_wconf 87' lang='lat' dir='ltr'>etc</span> <span class='ocrx_word' id='word_1_117' title='bbox 1302 1174 1332 1203; x_wconf 91' lang='lat'>¹.</span> 
     </span>
    </p>
   </div>
   <div class='ocr_carea' id='block_1_5' title="bbox 357 1289 2004 2436">
    <p class='ocr_par' dir='ltr' id='par_1_6' title="bbox 357 1289 2004 2436">
     <span class='ocr_line' id='line_1_15' title="bbox 418 1289 2001 1350; baseline -0.001 -15"><span class='ocrx_word' id='word_1_118' title='bbox 418 1292 630 1350; x_wconf 79' lang='lat' dir='ltr'>Deinceps</span> <span class='ocrx_word' id='word_1_119' title='bbox 652 1306 878 1350; x_wconf 87' lang='lat' dir='ltr'>promotor</span> <span class='ocrx_word' id='word_1_120' title='bbox 903 1290 1142 1335; x_wconf 86' lang='lat' dir='ltr'>antedictus</span> <span class='ocrx_word' id='word_1_121' title='bbox 1170 1292 1325 1347; x_wconf 85' lang='lat' dir='ltr'>juravit</span> <span class='ocrx_word' id='word_1_122' title='bbox 1368 1306 1511 1335; x_wconf 88' lang='lat' dir='ltr'>coram</span> <span class='ocrx_word' id='word_1_123' title='bbox 1541 1290 1665 1335; x_wconf 90' lang='lat' dir='ltr'>nobis</span> <span class='ocrx_word' id='word_1_124' title='bbox 1684 1289 1734 1334; x_wconf 94' lang='lat' dir='ltr'>de</span> <span class='ocrx_word' id='word_1_125' title='bbox 1769 1289 2001 1334; x_wconf 89' lang='lat' dir='ltr'>calumnia.</span> 
     </span>
     <span class='ocr_line' id='line_1_16' title="bbox 361 1372 2004 1433; baseline -0.001 -14"><span class='ocrx_word' id='word_1_126' title='bbox 361 1376 467 1428; x_wconf 86' lang='lat' dir='ltr'>Quo</span> <span class='ocrx_word' id='word_1_127' title='bbox 498 1388 686 1433; x_wconf 86' lang='lat' dir='ltr'>peracto,</span> <span class='ocrx_word' id='word_1_128' title='bbox 716 1374 857 1419; x_wconf 81' lang='lat' dir='ltr'>cidem</span> <span class='ocrx_word' id='word_1_129' title='bbox 891 1375 1103 1431; x_wconf 75' lang='lat' dir='ltr'>joliannae</span> <span class='ocrx_word' id='word_1_130' title='bbox 1133 1374 1323 1418; x_wconf 84' lang='lat' dir='ltr'>diximus</span> <span class='ocrx_word' id='word_1_131' title='bbox 1359 1373 1477 1433; x_wconf 90' lang='lat' dir='ltr'>quod</span> <span class='ocrx_word' id='word_1_132' title='bbox 1509 1390 1663 1418; x_wconf 82' lang='lat' dir='ltr'>omnes</span> <span class='ocrx_word' id='word_1_133' title='bbox 1695 1373 1754 1417; x_wconf 90' lang='lat' dir='ltr'>ibi</span> <span class='ocrx_word' id='word_1_134' title='bbox 1792 1372 2004 1417; x_wconf 83' lang='lat' dir='ltr'>adstantes</span> 
     </span>
     <span class='ocr_line' id='line_1_17' title="bbox 360 1456 2002 1516; baseline -0.002 -14"><span class='ocrx_word' id='word_1_135' title='bbox 360 1471 479 1502; x_wconf 85' lang='lat' dir='ltr'>erant</span> <span class='ocrx_word' id='word_1_136' title='bbox 497 1458 765 1503; x_wconf 87' lang='lat' dir='ltr'>ecclesiastici</span> <span class='ocrx_word' id='word_1_137' title='bbox 792 1470 832 1502; x_wconf 90' lang='lat' dir='ltr'>et</span> <span class='ocrx_word' id='word_1_138' title='bbox 862 1457 1051 1516; x_wconf 88' lang='lat' dir='ltr'>perdocti</span> <span class='ocrx_word' id='word_1_139' title='bbox 1079 1458 1234 1511; x_wconf 83' lang='lat' dir='ltr'>viri‚in</span> <span class='ocrx_word' id='word_1_140' title='bbox 1252 1459 1342 1514; x_wconf 83' lang='lat' dir='ltr'>jure</span> <span class='ocrx_word' id='word_1_141' title='bbox 1364 1456 1514 1501; x_wconf 87' lang='lat' dir='ltr'>divino</span> <span class='ocrx_word' id='word_1_142' title='bbox 1535 1470 1573 1501; x_wconf 90' lang='lat' dir='ltr'>et</span> <span class='ocrx_word' id='word_1_143' title='bbox 1603 1457 1797 1501; x_wconf 87' lang='lat' dir='ltr'>humano</span> <span class='ocrx_word' id='word_1_144' title='bbox 1823 1458 2002 1515; x_wconf 86' lang='lat' dir='ltr'>experti,</span> 
     </span>
     <span class='ocr_line' id='line_1_18' title="bbox 362 1540 2004 1600; baseline -0.001 -15"><span class='ocrx_word' id='word_1_145' title='bbox 362 1543 436 1600; x_wconf 85' lang='lat' dir='ltr'>qui</span> <span class='ocrx_word' id='word_1_146' title='bbox 458 1558 558 1585; x_wconf 89' lang='lat' dir='ltr'>cum</span> <span class='ocrx_word' id='word_1_147' title='bbox 586 1543 707 1585; x_wconf 91' lang='lat' dir='ltr'>omni</span> <span class='ocrx_word' id='word_1_148' title='bbox 739 1543 890 1599; x_wconf 81' lang='lat' dir='ltr'>pictate</span> <span class='ocrx_word' id='word_1_149' title='bbox 912 1554 952 1585; x_wconf 90' lang='lat' dir='ltr'>et</span> <span class='ocrx_word' id='word_1_150' title='bbox 973 1540 1304 1585; x_wconf 81' lang='lat' dir='ltr'>mansuetudine</span> <span class='ocrx_word' id='word_1_151' title='bbox 1326 1540 1527 1585; x_wconf 81' lang='lat' dir='ltr'>volebant</span> <span class='ocrx_word' id='word_1_152' title='bbox 1549 1553 1589 1585; x_wconf 90' lang='lat' dir='ltr'>et</span> <span class='ocrx_word' id='word_1_153' title='bbox 1608 1540 1888 1585; x_wconf 86' lang='lat' dir='ltr'>intendebant</span> <span class='ocrx_word' id='word_1_154' title='bbox 1909 1556 2004 1598; x_wconf 87' lang='lat' dir='ltr'>pro-</span> 
     </span>
     <span class='ocr_line' id='line_1_19' title="bbox 361 1623 2003 1683; baseline -0.001 -14"><span class='ocrx_word' id='word_1_155' title='bbox 361 1625 509 1669; x_wconf 83' lang='lat' dir='ltr'>cedere</span> <span class='ocrx_word' id='word_1_156' title='bbox 531 1642 630 1669; x_wconf 87' lang='lat' dir='ltr'>cum</span> <span class='ocrx_word' id='word_1_157' title='bbox 663 1627 749 1683; x_wconf 86' lang='lat' dir='ltr'>ipsa</span> <span class='ocrx_word' id='word_1_158' title='bbox 778 1633 808 1678; x_wconf 78' lang='lat'>²,</span> <span class='ocrx_word' id='word_1_159' title='bbox 852 1638 977 1683; x_wconf 88' lang='lat' dir='ltr'>prout</span> <span class='ocrx_word' id='word_1_160' title='bbox 1011 1640 1180 1683; x_wconf 78' lang='lat' dir='ltr'>semper</span> <span class='ocrx_word' id='word_1_161' title='bbox 1216 1626 1345 1683; x_wconf 90' lang='lat' dir='ltr'>parati</span> <span class='ocrx_word' id='word_1_162' title='bbox 1387 1624 1555 1668; x_wconf 91' lang='lat' dir='ltr'>fuerant</span> <span class='ocrx_word' id='word_1_163' title='bbox 1581 1632 1614 1678; x_wconf 67' lang='grc'>3;</span> <span class='ocrx_word' id='word_1_164' title='bbox 1646 1641 1734 1668; x_wconf 91' lang='lat' dir='ltr'>non</span> <span class='ocrx_word' id='word_1_165' title='bbox 1767 1623 2003 1682; x_wconf 81' lang='lat' dir='ltr'>quaerendo</span> 
     </span>
     <span class='ocr_line' id='line_1_20' title="bbox 360 1706 2003 1767; baseline 0 -15"><span class='ocrx_word' id='word_1_166' title='bbox 360 1709 594 1754; x_wconf 83' lang='lat' dir='ltr'>vindictam</span> <span class='ocrx_word' id='word_1_167' title='bbox 619 1721 690 1753; x_wconf 88' lang='lat' dir='ltr'>aut</span> <span class='ocrx_word' id='word_1_168' title='bbox 711 1710 985 1767; x_wconf 81' lang='lat' dir='ltr'>punitionem</span> <span class='ocrx_word' id='word_1_169' title='bbox 1014 1708 1295 1766; x_wconf 83' lang='lat' dir='ltr'>corporalem,</span> <span class='ocrx_word' id='word_1_170' title='bbox 1323 1706 1395 1751; x_wconf 92' lang='lat' dir='ltr'>sed</span> <span class='ocrx_word' id='word_1_171' title='bbox 1424 1709 1753 1752; x_wconf 86' lang='lat' dir='ltr'>instructionem</span> <span class='ocrx_word' id='word_1_172' title='bbox 1788 1721 1829 1752; x_wconf 90' lang='lat' dir='ltr'>et</span> <span class='ocrx_word' id='word_1_173' title='bbox 1856 1707 2003 1752; x_wconf 91' lang='lat' dir='ltr'>reduc-</span> 
     </span>
     <span class='ocr_line' id='line_1_21' title="bbox 358 1792 2002 1850; baseline -0.002 -13"><span class='ocrx_word' id='word_1_174' title='bbox 358 1795 526 1837; x_wconf 88' lang='lat' dir='ltr'>tionem</span> <span class='ocrx_word' id='word_1_175' title='bbox 551 1795 642 1850; x_wconf 80' lang='lat' dir='ltr'>ejus</span> <span class='ocrx_word' id='word_1_176' title='bbox 674 1792 725 1836; x_wconf 88' lang='lat' dir='ltr'>ad</span> <span class='ocrx_word' id='word_1_177' title='bbox 765 1794 877 1836; x_wconf 78' lang='lat' dir='ltr'>viam</span> <span class='ocrx_word' id='word_1_178' title='bbox 922 1793 1110 1836; x_wconf 81' lang='lat' dir='ltr'>veritatis</span> <span class='ocrx_word' id='word_1_179' title='bbox 1140 1805 1180 1835; x_wconf 90' lang='lat' dir='ltr'>et</span> <span class='ocrx_word' id='word_1_180' title='bbox 1219 1792 1365 1836; x_wconf 86' lang='lat' dir='ltr'>salutis</span> <span class='ocrx_word' id='word_1_181' title='bbox 1392 1803 1421 1835; x_wconf 78' lang='lat'>⁴.</span> <span class='ocrx_word' id='word_1_182' title='bbox 1454 1792 1503 1835; x_wconf 84' lang='lat' dir='ltr'>Et</span> <span class='ocrx_word' id='word_1_183' title='bbox 1536 1793 1638 1850; x_wconf 89' lang='lat' dir='ltr'>quia</span> <span class='ocrx_word' id='word_1_184' title='bbox 1671 1809 1759 1836; x_wconf 91' lang='lat' dir='ltr'>non</span> <span class='ocrx_word' id='word_1_185' title='bbox 1785 1804 1871 1836; x_wconf 92' lang='lat' dir='ltr'>erat</span> <span class='ocrx_word' id='word_1_186' title='bbox 1903 1793 2002 1836; x_wconf 88' lang='lat' dir='ltr'>satis</span> 
     </span>
     <span class='ocr_line' id='line_1_22' title="bbox 357 1874 1980 1934; baseline -0.001 -14"><span class='ocrx_word' id='word_1_187' title='bbox 357 1876 480 1921; x_wconf 90' lang='lat' dir='ltr'>docta</span> <span class='ocrx_word' id='word_1_188' title='bbox 504 1890 544 1919; x_wconf 92' lang='lat' dir='ltr'>et</span> <span class='ocrx_word' id='word_1_189' title='bbox 571 1886 580 1909; x_wconf 73' lang='lat'>⁵</span> <span class='ocrx_word' id='word_1_190' title='bbox 613 1877 816 1920; x_wconf 86' lang='lat' dir='ltr'>instructa</span> <span class='ocrx_word' id='word_1_191' title='bbox 838 1877 878 1919; x_wconf 90' lang='lat' dir='ltr'>in</span> <span class='ocrx_word' id='word_1_192' title='bbox 910 1875 1059 1919; x_wconf 90' lang='lat' dir='ltr'>litteris</span> <span class='ocrx_word' id='word_1_193' title='bbox 1086 1887 1125 1919; x_wconf 85' lang='lat' dir='ltr'>et</span> <span class='ocrx_word' id='word_1_194' title='bbox 1143 1874 1297 1919; x_wconf 85' lang='lat' dir='ltr'>talibus</span> <span class='ocrx_word' id='word_1_195' title='bbox 1321 1876 1508 1918; x_wconf 87' lang='lat' dir='ltr'>materiis</span> <span class='ocrx_word' id='word_1_196' title='bbox 1535 1874 1676 1919; x_wconf 86' lang='lat' dir='ltr'>arduis</span> <span class='ocrx_word' id='word_1_197' title='bbox 1701 1892 1778 1934; x_wconf 91' lang='lat' dir='ltr'>pro</span> <span class='ocrx_word' id='word_1_198' title='bbox 1808 1874 1980 1933; x_wconf 87' lang='lat' dir='ltr'>sibiipsi</span> 
     </span>
     <span class='ocr_line' id='line_1_23' title="bbox 357 1958 1998 2018; baseline -0.001 -14"><span class='ocrx_word' id='word_1_199' title='bbox 357 1959 625 2004; x_wconf 88' lang='lat' dir='ltr'>consulendo</span> <span class='ocrx_word' id='word_1_200' title='bbox 646 1961 661 1984; x_wconf 73' lang='lat'>‘³</span> <span class='ocrx_word' id='word_1_201' title='bbox 700 1959 804 2018; x_wconf 89' lang='lat' dir='ltr'>quid</span> <span class='ocrx_word' id='word_1_202' title='bbox 847 1973 955 2003; x_wconf 89' lang='lat' dir='ltr'>esset</span> <span class='ocrx_word' id='word_1_203' title='bbox 994 1972 1137 2003; x_wconf 89' lang='lat' dir='ltr'>actura</span> <span class='ocrx_word' id='word_1_204' title='bbox 1171 1975 1244 2002; x_wconf 89' lang='lat' dir='ltr'>seu</span> <span class='ocrx_word' id='word_1_205' title='bbox 1284 1975 1555 2017; x_wconf 85' lang='lat' dir='ltr'>responsura,</span> <span class='ocrx_word' id='word_1_206' title='bbox 1599 1958 1696 2003; x_wconf 91' lang='lat' dir='ltr'>ideo</span> <span class='ocrx_word' id='word_1_207' title='bbox 1737 1975 1815 2003; x_wconf 87' lang='lat' dir='ltr'>nos</span> <span class='ocrx_word' id='word_1_208' title='bbox 1857 1958 1998 2003; x_wconf 90' lang='lat' dir='ltr'>eidem</span> 
     </span>
     <span class='ocr_line' id='line_1_24' title="bbox 358 2042 2003 2101; baseline -0.001 -14"><span class='ocrx_word' id='word_1_209' title='bbox 358 2044 569 2100; x_wconf 73' lang='lat' dir='ltr'>Joliannae</span> <span class='ocrx_word' id='word_1_210' title='bbox 593 2043 879 2087; x_wconf 84' lang='lat' dir='ltr'>offerebamus</span> <span class='ocrx_word' id='word_1_211' title='bbox 902 2042 1020 2101; x_wconf 89' lang='lat' dir='ltr'>quod</span> <span class='ocrx_word' id='word_1_212' title='bbox 1061 2042 1234 2099; x_wconf 84' lang='lat' dir='ltr'>eligeret</span> <span class='ocrx_word' id='word_1_213' title='bbox 1263 2051 1277 2075; x_wconf 80' lang='lat'><strong>7</strong></span> <span class='ocrx_word' id='word_1_214' title='bbox 1305 2059 1445 2086; x_wconf 91' lang='lat' dir='ltr'>unum</span> <span class='ocrx_word' id='word_1_215' title='bbox 1481 2042 1545 2086; x_wconf 88' lang='lat' dir='ltr'>vel</span> <span class='ocrx_word' id='word_1_216' title='bbox 1578 2042 1720 2100; x_wconf 91' lang='lat' dir='ltr'>plures</span> <span class='ocrx_word' id='word_1_217' title='bbox 1745 2058 1856 2101; x_wconf 91' lang='lat' dir='ltr'>quos</span> <span class='ocrx_word' id='word_1_218' title='bbox 1876 2042 2003 2086; x_wconf 90' lang='lat' dir='ltr'>vellet</span> 
     </span>
     <span class='ocr_line' id='line_1_25' title="bbox 360 2125 2002 2183; baseline -0.001 -12"><span class='ocrx_word' id='word_1_219' title='bbox 360 2127 411 2171; x_wconf 92' lang='lat' dir='ltr'>de</span> <span class='ocrx_word' id='word_1_220' title='bbox 444 2126 710 2171; x_wconf 83' lang='lat' dir='ltr'>adstantibus</span> <span class='ocrx_word' id='word_1_221' title='bbox 745 2125 904 2169; x_wconf 87' lang='lat' dir='ltr'>ibidem</span> <span class='ocrx_word' id='word_1_222' title='bbox 929 2127 965 2180; x_wconf 67' lang='lat'>⁸;</span> <span class='ocrx_word' id='word_1_223' title='bbox 995 2125 1078 2178; x_wconf 73' lang='lat' dir='ltr'>vel,</span> <span class='ocrx_word' id='word_1_224' title='bbox 1120 2127 1152 2169; x_wconf 85' lang='lat' dir='ltr'>si</span> <span class='ocrx_word' id='word_1_225' title='bbox 1197 2127 1374 2169; x_wconf 91' lang='lat' dir='ltr'>nesciret</span> <span class='ocrx_word' id='word_1_226' title='bbox 1403 2126 1573 2183; x_wconf 83' lang='lat' dir='ltr'>eligere,</span> <span class='ocrx_word' id='word_1_227' title='bbox 1615 2125 1883 2170; x_wconf 84' lang='lat' dir='ltr'>traderentur</span> <span class='ocrx_word' id='word_1_228' title='bbox 1921 2125 2002 2170; x_wconf 90' lang='lat' dir='ltr'>sibi</span> 
     </span>
     <span class='ocr_line' id='line_1_26' title="bbox 359 2208 2001 2269; baseline -0.001 -15"><span class='ocrx_word' id='word_1_229' title='bbox 359 2211 492 2269; x_wconf 90' lang='lat' dir='ltr'>aliqui</span> <span class='ocrx_word' id='word_1_230' title='bbox 514 2227 586 2268; x_wconf 89' lang='lat' dir='ltr'>per</span> <span class='ocrx_word' id='word_1_231' title='bbox 613 2226 691 2254; x_wconf 91' lang='lat' dir='ltr'>nos</span> <span class='ocrx_word' id='word_1_232' title='bbox 707 2218 738 2263; x_wconf 72' lang='lat'>⁹,</span> <span class='ocrx_word' id='word_1_233' title='bbox 766 2226 842 2267; x_wconf 85' lang='lat' dir='ltr'>pro</span> <span class='ocrx_word' id='word_1_234' title='bbox 865 2208 1132 2253; x_wconf 86' lang='lat' dir='ltr'>consulendo</span> <span class='ocrx_word' id='word_1_235' title='bbox 1157 2208 1296 2253; x_wconf 89' lang='lat' dir='ltr'>eidem</span> <span class='ocrx_word' id='word_1_236' title='bbox 1312 2217 1345 2235; x_wconf 89' lang='lat'>¹⁰</span> <span class='ocrx_word' id='word_1_237' title='bbox 1367 2209 1578 2265; x_wconf 78' lang='lat' dir='ltr'>Johannae</span> <span class='ocrx_word' id='word_1_238' title='bbox 1601 2208 1704 2267; x_wconf 88' lang='lat' dir='ltr'>quid</span> <span class='ocrx_word' id='word_1_239' title='bbox 1731 2221 1838 2253; x_wconf 88' lang='lat' dir='ltr'>esset</span> <span class='ocrx_word' id='word_1_240' title='bbox 1858 2223 2001 2254; x_wconf 86' lang='lat' dir='ltr'>actura</span> 
     </span>
     <span class='ocr_line' id='line_1_27' title="bbox 361 2291 2002 2352; baseline 0 -14"><span class='ocrx_word' id='word_1_241' title='bbox 361 2311 436 2339; x_wconf 87' lang='lat' dir='ltr'>seu</span> <span class='ocrx_word' id='word_1_242' title='bbox 465 2310 736 2352; x_wconf 84' lang='lat' dir='ltr'>responsura,</span> <span class='ocrx_word' id='word_1_243' title='bbox 766 2294 938 2351; x_wconf 85' lang='lat' dir='ltr'>proviso</span> <span class='ocrx_word' id='word_1_244' title='bbox 959 2291 1093 2351; x_wconf 88' lang='lat' dir='ltr'>quod,</span> <span class='ocrx_word' id='word_1_245' title='bbox 1116 2291 1168 2336; x_wconf 92' lang='lat' dir='ltr'>de</span> <span class='ocrx_word' id='word_1_246' title='bbox 1185 2292 1249 2336; x_wconf 89' lang='lat' dir='ltr'>his</span> <span class='ocrx_word' id='word_1_247' title='bbox 1270 2309 1366 2350; x_wconf 70' lang='lat' dir='ltr'>quae</span> <span class='ocrx_word' id='word_1_248' title='bbox 1389 2306 1491 2336; x_wconf 90' lang='lat' dir='ltr'>sunt</span> <span class='ocrx_word' id='word_1_249' title='bbox 1517 2294 1630 2346; x_wconf 75' lang='lat' dir='ltr'>tacti,</span> <span class='ocrx_word' id='word_1_250' title='bbox 1656 2292 1828 2337; x_wconf 90' lang='lat' dir='ltr'>haberet</span> <span class='ocrx_word' id='word_1_251' title='bbox 1849 2294 1891 2337; x_wconf 90' lang='lat' dir='ltr'>in</span> <span class='ocrx_word' id='word_1_252' title='bbox 1906 2309 2002 2352; x_wconf 93' lang='lat' dir='ltr'>pro-</span> 
     </span>
     <span class='ocr_line' id='line_1_28' title="bbox 363 2375 1996 2436; baseline 0.001 -18"><span class='ocrx_word' id='word_1_253' title='bbox 363 2379 450 2435; x_wconf 85' lang='lat' dir='ltr'>pria</span> <span class='ocrx_word' id='word_1_254' title='bbox 470 2393 678 2436; x_wconf 88' lang='lat' dir='ltr'>personna</span> <span class='ocrx_word' id='word_1_255' title='bbox 704 2376 960 2435; x_wconf 87' lang='lat' dir='ltr'>respondere</span> <span class='ocrx_word' id='word_1_256' title='bbox 982 2377 1270 2430; x_wconf 81' lang='lat' dir='ltr'>veritatem¹¹3</span> <span class='ocrx_word' id='word_1_257' title='bbox 1296 2375 1558 2435; x_wconf 90' lang='lat' dir='ltr'>requirendo</span> <span class='ocrx_word' id='word_1_258' title='bbox 1590 2377 1722 2434; x_wconf 88' lang='lat' dir='ltr'>ipsam</span> <span class='ocrx_word' id='word_1_259' title='bbox 1754 2376 1996 2432; x_wconf 87' lang='lat' dir='ltr'>Johannam</span> 
     </span>
    </p>
   </div>
   <div class='ocr_carea' id='block_1_6' title="bbox 360 2458 2030 2519">
    <p class='ocr_par' dir='ltr' id='par_1_7' title="bbox 360 2458 2030 2519">
     <span class='ocr_line' id='line_1_29' title="bbox 360 2458 2030 2519; baseline -0.002 -14"><span class='ocrx_word' id='word_1_260' title='bbox 360 2461 477 2519; x_wconf 91' lang='lat' dir='ltr'>quod</span> <span class='ocrx_word' id='word_1_261' title='bbox 503 2463 796 2519; x_wconf 81' lang='lat' dir='ltr'>juramentum</span> <span class='ocrx_word' id='word_1_262' title='bbox 821 2472 1037 2517; x_wconf 81' lang='lat' dir='ltr'>praestaret</span> <span class='ocrx_word' id='word_1_263' title='bbox 1063 2458 1114 2503; x_wconf 92' lang='lat' dir='ltr'>de</span> <span class='ocrx_word' id='word_1_264' title='bbox 1132 2459 1315 2503; x_wconf 87' lang='lat' dir='ltr'>dicendo</span> <span class='ocrx_word' id='word_1_265' title='bbox 1335 2460 1469 2516; x_wconf 87' lang='lat' dir='ltr'>ipsam</span> <span class='ocrx_word' id='word_1_266' title='bbox 1488 2460 1712 2504; x_wconf 89' lang='lat' dir='ltr'>veritatem</span> <span class='ocrx_word' id='word_1_267' title='bbox 1739 2458 1790 2504; x_wconf 91' lang='lat' dir='ltr'>de</span> <span class='ocrx_word' id='word_1_268' title='bbox 1814 2460 1878 2504; x_wconf 88' lang='lat' dir='ltr'>his</span> <span class='ocrx_word' id='word_1_269' title='bbox 1902 2477 1997 2519; x_wconf 87' lang='lat' dir='ltr'>quae</span> <span class='ocrx_word' id='word_1_270' title='bbox 2027 2500 2030 2502; x_wconf 79' lang='grc'>.</span> 
     </span>
    </p>
   </div>
   <div class='ocr_carea' id='block_1_7' title="bbox 359 2544 780 2603">
    <p class='ocr_par' dir='ltr' id='par_1_8' title="bbox 359 2544 780 2603">
     <span class='ocr_line' id='line_1_30' title="bbox 359 2544 780 2603; baseline -0.005 -15"><span class='ocrx_word' id='word_1_271' title='bbox 359 2557 583 2603; x_wconf 81' lang='lat' dir='ltr'>tangerent</span> <span class='ocrx_word' id='word_1_272' title='bbox 604 2544 780 2588; x_wconf 87' lang='lat' dir='ltr'>factum.</span> 
     </span>
    </p>
   </div>
   <div class='ocr_carea' id='block_1_8' title="bbox 353 2692 1997 3143">
    <p class='ocr_par' dir='ltr' id='par_1_9' title="bbox 353 2692 1997 3143">
     <span class='ocr_line' id='line_1_31' title="bbox 406 2692 1988 2739; baseline 0.001 -11"><span class='ocrx_word' id='word_1_273' title='bbox 406 2705 435 2728; x_wconf 93' lang='lat'>1.</span> <span class='ocrx_word' id='word_1_274' title='bbox 459 2694 506 2728; x_wconf 90' lang='lat' dir='ltr'>Le</span> <span class='ocrx_word' id='word_1_275' title='bbox 528 2702 617 2728; x_wconf 87' lang='lat' dir='ltr'>reste</span> <span class='ocrx_word' id='word_1_276' title='bbox 633 2693 720 2727; x_wconf 76' lang='lat' dir='ltr'>n&#39;cst</span> <span class='ocrx_word' id='word_1_277' title='bbox 735 2704 795 2739; x_wconf 88' lang='lat' dir='ltr'>pas</span> <span class='ocrx_word' id='word_1_278' title='bbox 814 2692 1040 2727; x_wconf 88' lang='lat' dir='ltr'>absolument</span> <span class='ocrx_word' id='word_1_279' title='bbox 1057 2692 1243 2727; x_wconf 90' lang='lat' dir='ltr'>conforme</span> <span class='ocrx_word' id='word_1_280' title='bbox 1263 2695 1281 2726; x_wconf 80' lang='lat' dir='ltr'>a</span> <span class='ocrx_word' id='word_1_281' title='bbox 1303 2692 1332 2726; x_wconf 83' lang='lat' dir='ltr'>la</span> <span class='ocrx_word' id='word_1_282' title='bbox 1351 2693 1531 2727; x_wconf 82' lang='lat' dir='ltr'>redaction</span> <span class='ocrx_word' id='word_1_283' title='bbox 1552 2692 1731 2728; x_wconf 77' lang='lat' dir='ltr'>definitive</span> <span class='ocrx_word' id='word_1_284' title='bbox 1748 2703 1781 2728; x_wconf 86' lang='lat' dir='ltr'>et</span> <span class='ocrx_word' id='word_1_285' title='bbox 1802 2705 1846 2729; x_wconf 87' lang='lat' dir='ltr'>en</span> <span class='ocrx_word' id='word_1_286' title='bbox 1865 2693 1988 2729; x_wconf 82' lang='lat' dir='ltr'>differe</span> 
     </span>
     <span class='ocr_line' id='line_1_32' title="bbox 354 2752 1988 2799; baseline 0.001 -12"><span class='ocrx_word' id='word_1_287' title='bbox 354 2765 412 2788; x_wconf 84' lang='lat' dir='ltr'>sur</span> <span class='ocrx_word' id='word_1_288' title='bbox 430 2753 598 2799; x_wconf 88' lang='lat' dir='ltr'>quelques</span> <span class='ocrx_word' id='word_1_289' title='bbox 615 2753 734 2798; x_wconf 82' lang='lat' dir='ltr'>points</span> <span class='ocrx_word' id='word_1_290' title='bbox 752 2752 913 2798; x_wconf 78' lang='lat' dir='ltr'>indiques</span> <span class='ocrx_word' id='word_1_291' title='bbox 931 2752 1018 2786; x_wconf 87' lang='lat' dir='ltr'>dans</span> <span class='ocrx_word' id='word_1_292' title='bbox 1035 2752 1084 2786; x_wconf 88' lang='lat' dir='ltr'>les</span> <span class='ocrx_word' id='word_1_293' title='bbox 1102 2761 1205 2787; x_wconf 84' lang='lat' dir='ltr'>notes</span> <span class='ocrx_word' id='word_1_294' title='bbox 1222 2753 1412 2786; x_wconf 82' lang='lat' dir='ltr'>suivantes.</span> <span class='ocrx_word' id='word_1_295' title='bbox 1440 2773 1483 2777; x_wconf 87' lang='lat'>-—</span> <span class='ocrx_word' id='word_1_296' title='bbox 1508 2762 1540 2786; x_wconf 87' lang='lat'>2.</span> <span class='ocrx_word' id='word_1_297' title='bbox 1559 2752 1591 2786; x_wconf 93' lang='lat' dir='ltr'><em>U</em></span> <span class='ocrx_word' id='word_1_298' title='bbox 1604 2764 1698 2787; x_wconf 86' lang='lat' dir='ltr'>:cum</span> <span class='ocrx_word' id='word_1_299' title='bbox 1715 2753 1801 2788; x_wconf 81' lang='lat' dir='ltr'>dicta</span> <span class='ocrx_word' id='word_1_300' title='bbox 1816 2754 1988 2798; x_wconf 76' lang='lat' dir='ltr'>johanna,</span> 
     </span>
     <span class='ocr_line' id='line_1_33' title="bbox 353 2810 1993 2858; baseline 0.001 -12"><span class='ocrx_word' id='word_1_301' title='bbox 353 2834 399 2839; x_wconf 90' lang='lat'>—-</span> <span class='ocrx_word' id='word_1_302' title='bbox 430 2823 460 2857; x_wconf 82' lang='lat'>3.</span> <span class='ocrx_word' id='word_1_303' title='bbox 482 2812 570 2846; x_wconf 76' lang='lat' dir='ltr'>[hid.</span> <span class='ocrx_word' id='word_1_304' title='bbox 593 2817 749 2857; x_wconf 71' lang='lat' dir='ltr'>:semper</span> <span class='ocrx_word' id='word_1_305' title='bbox 764 2812 926 2857; x_wconf 75' lang='lat' dir='ltr'>fecerant.</span> <span class='ocrx_word' id='word_1_306' title='bbox 960 2832 1005 2836; x_wconf 90' lang='lat'>—</span> <span class='ocrx_word' id='word_1_307' title='bbox 1037 2821 1070 2853; x_wconf 79' lang='grc'>4.</span> <span class='ocrx_word' id='word_1_308' title='bbox 1093 2810 1210 2846; x_wconf 82' lang='lat' dir='ltr'>Ibid...</span> <span class='ocrx_word' id='word_1_309' title='bbox 1229 2823 1239 2846; x_wconf 91' lang='lat'>.·</span> <span class='ocrx_word' id='word_1_310' title='bbox 1253 2811 1384 2854; x_wconf 77' lang='lat' dir='ltr'>salutis,</span> <span class='ocrx_word' id='word_1_311' title='bbox 1401 2813 1432 2846; x_wconf 77' lang='lat' dir='ltr'>sl</span> <span class='ocrx_word' id='word_1_312' title='bbox 1447 2812 1570 2857; x_wconf 82' lang='lat' dir='ltr'>aliquis</span> <span class='ocrx_word' id='word_1_313' title='bbox 1589 2813 1622 2845; x_wconf 80' lang='lat' dir='ltr'>in</span> <span class='ocrx_word' id='word_1_314' title='bbox 1644 2812 1824 2858; x_wconf 81' lang='lat' dir='ltr'>illasuerit</span> <span class='ocrx_word' id='word_1_315' title='bbox 1842 2813 1993 2858; x_wconf 80' lang='lat' dir='ltr'>defectus.</span> 
     </span>
     <span class='ocr_line' id='line_1_34' title="bbox 355 2870 1996 2917; baseline 0.002 -13"><span class='ocrx_word' id='word_1_316' title='bbox 355 2894 402 2898; x_wconf 84' lang='lat'>-—</span> <span class='ocrx_word' id='word_1_317' title='bbox 424 2882 452 2915; x_wconf 82' lang='lat'>5.</span> <span class='ocrx_word' id='word_1_318' title='bbox 475 2871 562 2905; x_wconf 76' lang='lat' dir='ltr'>[hid.</span> <span class='ocrx_word' id='word_1_319' title='bbox 577 2882 587 2904; x_wconf 87' lang='lat'><em>:</em></span> <span class='ocrx_word' id='word_1_320' title='bbox 609 2883 718 2917; x_wconf 79' lang='lat' dir='ltr'>neque.</span> <span class='ocrx_word' id='word_1_321' title='bbox 736 2892 780 2896; x_wconf 91' lang='lat'>—</span> <span class='ocrx_word' id='word_1_322' title='bbox 799 2870 832 2905; x_wconf 88' lang='lat'>6.</span> <span class='ocrx_word' id='word_1_323' title='bbox 849 2871 934 2905; x_wconf 77' lang='lat' dir='ltr'>Iln&#39;d.</span> <span class='ocrx_word' id='word_1_324' title='bbox 954 2883 964 2904; x_wconf 92' lang='grc'>.·</span> <span class='ocrx_word' id='word_1_325' title='bbox 984 2870 1088 2916; x_wconf 80' lang='lat' dir='ltr'>quoad</span> <span class='ocrx_word' id='word_1_326' title='bbox 1110 2871 1174 2905; x_wconf 74' lang='lat' dir='ltr'>sibi</span> <span class='ocrx_word' id='word_1_327' title='bbox 1195 2870 1398 2905; x_wconf 77' lang='lat' dir='ltr'>consulendo.</span> <span class='ocrx_word' id='word_1_328' title='bbox 1412 2891 1459 2896; x_wconf 95' lang='lat'>—-</span> <span class='ocrx_word' id='word_1_329' title='bbox 1477 2881 1507 2915; x_wconf 87' lang='lat'>7.</span> <span class='ocrx_word' id='word_1_330' title='bbox 1530 2871 1617 2906; x_wconf 81' lang='lat' dir='ltr'>Ibid.</span> <span class='ocrx_word' id='word_1_331' title='bbox 1639 2884 1648 2905; x_wconf 94' lang='lat'><em>:</em></span> <span class='ocrx_word' id='word_1_332' title='bbox 1674 2872 1742 2906; x_wconf 79' lang='lat' dir='ltr'>ideo</span> <span class='ocrx_word' id='word_1_333' title='bbox 1767 2872 1872 2907; x_wconf 82' lang='lat' dir='ltr'>dictus</span> <span class='ocrx_word' id='word_1_334' title='bbox 1891 2872 1996 2907; x_wconf 87' lang='lat' dir='ltr'>domi-</span> 
     </span>
     <span class='ocr_line' id='line_1_35' title="bbox 358 2930 1992 2977; baseline 0.001 -12"><span class='ocrx_word' id='word_1_335' title='bbox 358 2943 418 2965; x_wconf 80' lang='lat' dir='ltr'>nus</span> <span class='ocrx_word' id='word_1_336' title='bbox 445 2931 649 2965; x_wconf 74' lang='lat' dir='ltr'>Belvacensis</span> <span class='ocrx_word' id='word_1_337' title='bbox 663 2936 691 2964; x_wconf 79' lang='lat' dir='ltr'>et</span> <span class='ocrx_word' id='word_1_338' title='bbox 705 2931 854 2964; x_wconf 76' lang='lat' dir='ltr'>vicarius</span> <span class='ocrx_word' id='word_1_339' title='bbox 874 2930 1091 2976; x_wconf 81' lang='lat' dir='ltr'>Inquisitoris</span> <span class='ocrx_word' id='word_1_340' title='bbox 1110 2930 1298 2964; x_wconf 79' lang='lat' dir='ltr'>obtulerunt</span> <span class='ocrx_word' id='word_1_341' title='bbox 1319 2930 1412 2964; x_wconf 78' lang='lat' dir='ltr'>dictae</span> <span class='ocrx_word' id='word_1_342' title='bbox 1427 2930 1585 2974; x_wconf 77' lang='lat' dir='ltr'>Johannae</span> <span class='ocrx_word' id='word_1_343' title='bbox 1610 2931 1694 2977; x_wconf 78' lang='lat' dir='ltr'>quod</span> <span class='ocrx_word' id='word_1_344' title='bbox 1713 2932 1856 2977; x_wconf 76' lang='lat' dir='ltr'>eligeret.</span> <span class='ocrx_word' id='word_1_345' title='bbox 1893 2953 1938 2957; x_wconf 92' lang='lat'>—-</span> <span class='ocrx_word' id='word_1_346' title='bbox 1959 2933 1992 2966; x_wconf 89' lang='lat'>8.</span> 
     </span>
     <span class='ocr_line' id='line_1_36' title="bbox 358 2989 1997 3041; baseline 0 -16"><span class='ocrx_word' id='word_1_347' title='bbox 358 2991 445 3025; x_wconf 75' lang='lat' dir='ltr'>[hid.</span> <span class='ocrx_word' id='word_1_348' title='bbox 460 3001 470 3024; x_wconf 91' lang='grc'>.·</span> <span class='ocrx_word' id='word_1_349' title='bbox 489 2990 526 3023; x_wconf 81' lang='lat' dir='ltr'>de</span> <span class='ocrx_word' id='word_1_350' title='bbox 548 2991 594 3024; x_wconf 82' lang='lat' dir='ltr'>ibi</span> <span class='ocrx_word' id='word_1_351' title='bbox 609 2990 848 3041; x_wconf 53' lang='lat' dir='ltr'>assistentibus.</span> <span class='ocrx_word' id='word_1_352' title='bbox 869 3010 914 3014; x_wconf 90' lang='lat'>——</span> <span class='ocrx_word' id='word_1_353' title='bbox 935 3001 967 3036; x_wconf 88' lang='lat'>9.</span> <span class='ocrx_word' id='word_1_354' title='bbox 986 2989 1073 3023; x_wconf 81' lang='lat' dir='ltr'>Ibid.</span> <span class='ocrx_word' id='word_1_355' title='bbox 1091 3001 1100 3023; x_wconf 92' lang='lat'><em>:</em></span> <span class='ocrx_word' id='word_1_356' title='bbox 1124 2989 1299 3023; x_wconf 83' lang='lat' dir='ltr'>tradentur</span> <span class='ocrx_word' id='word_1_357' title='bbox 1318 2989 1412 3023; x_wconf 66' lang='lat' dir='ltr'>dictae</span> <span class='ocrx_word' id='word_1_358' title='bbox 1423 2989 1582 3034; x_wconf 74' lang='lat' dir='ltr'>Johannae</span> <span class='ocrx_word' id='word_1_359' title='bbox 1595 2997 1657 3037; x_wconf 80' lang='lat' dir='ltr'>per</span> <span class='ocrx_word' id='word_1_360' title='bbox 1676 2991 1776 3026; x_wconf 80' lang='lat' dir='ltr'>dictos</span> <span class='ocrx_word' id='word_1_361' title='bbox 1795 2991 1920 3037; x_wconf 82' lang='lat' dir='ltr'>judices</span> <span class='ocrx_word' id='word_1_362' title='bbox 1931 2991 1997 3026; x_wconf 84' lang='lat' dir='ltr'>ali-</span> 
     </span>
     <span class='ocr_line' id='line_1_37' title="bbox 359 3036 1996 3097; baseline 0.001 -14"><span class='ocrx_word' id='word_1_363' title='bbox 359 3052 427 3096; x_wconf 81' lang='lat' dir='ltr'>qui.</span> <span class='ocrx_word' id='word_1_364' title='bbox 452 3070 497 3075; x_wconf 85' lang='lat'><em>-</em></span> <span class='ocrx_word' id='word_1_365' title='bbox 528 3060 580 3084; x_wconf 86' lang='lat'>10.</span> <span class='ocrx_word' id='word_1_366' title='bbox 610 3049 695 3083; x_wconf 78' lang='lat' dir='ltr'>[hid.</span> <span class='ocrx_word' id='word_1_367' title='bbox 717 3061 727 3082; x_wconf 92' lang='lat'><em>:</em></span> <span class='ocrx_word' id='word_1_368' title='bbox 758 3048 862 3083; x_wconf 73' lang='lat' dir='ltr'>dictae.</span> <span class='ocrx_word' id='word_1_369' title='bbox 888 3069 931 3073; x_wconf 90' lang='lat'>—-</span> <span class='ocrx_word' id='word_1_370' title='bbox 961 3059 1016 3085; x_wconf 83' lang='lat'>11.</span> <span class='ocrx_word' id='word_1_371' title='bbox 1048 3048 1135 3082; x_wconf 81' lang='lat' dir='ltr'>Ibid.</span> <span class='ocrx_word' id='word_1_372' title='bbox 1152 3061 1162 3082; x_wconf 89' lang='grc'>.·</span> <span class='ocrx_word' id='word_1_373' title='bbox 1191 3049 1317 3083; x_wconf 80' lang='lat' dir='ltr'>haberet</span> <span class='ocrx_word' id='word_1_374' title='bbox 1345 3049 1532 3095; x_wconf 80' lang='lat' dir='ltr'>respondere</span> <span class='ocrx_word' id='word_1_375' title='bbox 1552 3050 1587 3083; x_wconf 83' lang='lat' dir='ltr'>in</span> <span class='ocrx_word' id='word_1_376' title='bbox 1600 3052 1739 3097; x_wconf 73' lang='lat' dir='ltr'>propria</span> <span class='ocrx_word' id='word_1_377' title='bbox 1752 3036 1916 3096; x_wconf 76' lang='lat' dir='ltr'>persorina</span> <span class='ocrx_word' id='word_1_378' title='bbox 1936 3062 1996 3085; x_wconf 86' lang='lat' dir='ltr'>sua</span> 
     </span>
     <span class='ocr_line' id='line_1_38' title="bbox 360 3111 547 3143; baseline 0 -1"><span class='ocrx_word' id='word_1_379' title='bbox 360 3111 547 3143; x_wconf 50' lang='lat' dir='ltr'>veritatem).</span> 
     </span>
    </p>
   </div>
  </div>
 </body>
</html>
