2099 3356
325 226 381 270 40
604 211 763 255 PROCitS
797 225 850 254 DE
884 224 1237 254 CONDAMNATION
1272 225 1326 253 DE
1357 225 1524 266 JEANNE
1558 212 1684 255 D’ARC

325 326 524 382 johanna
553 324 694 369 eidem
725 323 915 369 Roberto
940 322 1058 382 quod
1094 323 1316 381 oportebat
1343 339 1436 368 eam
1474 325 1619 368 venire
1652 326 1696 368 in
1724 326 1961 370 Franciam.

326 411 418 467 Ipse
440 421 583 454 autem
612 407 824 452 Robertus
848 407 944 451 bina
964 408 1055 451 vice
1082 407 1287 459 recusavit
1310 420 1351 451 et
1376 407 1532 466 repulit
1560 423 1670 461 eam,
1699 420 1739 452 et
1770 409 1812 451 in
1844 409 1966 452 tertia

326 495 416 538 vice
443 494 576 550 ipsam
603 492 774 549 recepit,
801 502 841 534 et
856 489 1028 534 tradidit
1049 489 1126 534 sibi
1149 490 1371 544 homines;
1400 503 1441 535 et
1468 493 1524 535 ita
1546 492 1671 535 etiarn
1701 491 1863 536 dixerat
1888 490 1965 535 sibi

328 592 411 620 vox
441 573 558 633 quod
587 574 790 617 eveniret.

388 659 515 711 Item,
545 656 736 700 confessa
768 655 848 700 fuit
881 655 999 714 quod
1040 655 1125 700 dux
1159 657 1448 714 Lotharingiae
1477 657 1693 702 mandavit
1731 657 1848 716 quod
1882 659 1968 716 ipsa

328 742 558 786 duceretur
589 739 640 784 ad
665 756 766 784 eum
797 739 879 784 :ad
908 756 1039 798 quem
1069 749 1077 765 ¹
1115 742 1202 798 ipsa
1241 742 1345 795 ivit3
1380 740 1550 800 sibique
1588 740 1694 785 dixit
1729 741 1848 800 quod
1882 744 1970 800 ipsa

329 825 497 869 volebat
526 826 583 869 ire
610 826 653 868 in
683 825 919 868 Franciam.
950 825 1000 868 Et
1029 825 1305 882 interrogavit
1329 841 1423 868 eam
1451 824 1538 869 dux
1565 827 1652 883 ip'se
1676 824 1727 869 de
1755 840 1971 883 recupera-

329 911 447 954 tione
471 925 559 953 suae
582 909 806 962 sanitatis;
843 907 915 952 sed
949 909 1035 966 ipsa
1069 907 1174 952 dixit
1213 909 1250 952 ei
1283 907 1399 967 quod
1432 909 1539 952 nihil
1575 908 1673 953 inde
1710 908 1894 963 sciebat;
1931 922 1971 953 et

331 1009 461 1052 pauca
489 992 540 1037 de
566 1008 645 1036 suo
672 993 841 1050 voiagio
868 991 1007 1036 eidem
1043 991 1139 1036 duci
1167 991 1407 1036 declaravit.
1437 993 1556 1036 Dixit
1582 1006 1727 1036 tamen
1754 994 1831 1050 ipsi
1870 992 1968 1037 duci

329 1076 446 1136 quod
471 1078 557 1134 ipse
578 1075 759 1120 traderet
786 1076 823 1119 ei
858 1074 997 1119 filium
1033 1092 1161 1120 suum
1190 1088 1230 1119 et
1253 1088 1417 1133 gentes,
1453 1092 1529 1134 pro
1560 1075 1759 1120 ducendo
1792 1092 1886 1119 eam
1920 1075 1970 1120 ad

329 1161 564 1213 Franciam,
594 1171 633 1203 et
658 1160 744 1216 ipsa
772 1158 1066 1217 deprecaretur
1095 1159 1239 1203 Deum
1279 1175 1356 1217 pro
1380 1175 1453 1203 sua
1492 1160 1687 1203 sanitate.
1715 1159 1765 1203 Et
1793 1160 1931 1217 ‚iverat
1957 1168 1971 1186 ²

331 1243 479 1288 eadem
515 1243 713 1299 Johanna
746 1242 823 1286 sub
856 1243 973 1286 salvo
999 1219 1217 1287 conductu
1252 1242 1302 1286 ad
1343 1243 1570 1300 praefatum
1604 1243 1789 1297 ducem3
1827 1259 1848 1287 a
1885 1259 1973 1302 quo

332 1343 496 1371 reversa
514 1340 575 1371 est
598 1325 648 1370 ad
674 1325 884 1384 oppidum
909 1325 960 1369 de
984 1326 1263 1370 Vallecoloris
1286 1326 1566 1371 antedictum.

391 1412 515 1464 Item,
541 1410 731 1454 confessa
761 1409 842 1453 fuit
871 1409 1004 1468 quod,
1032 1411 1074 1453 in
1102 1426 1264 1454 recessu
1292 1426 1313 1453 a
1343 1409 1516 1468 praefato
1550 1409 1712 1469 oppido
1748 1409 1799 1454 de
1830 1410 1970 1457 Valle-

333 1495 504 1547 coloris,
535 1495 620 1552 ipsa
653 1495 835 1538 existens
864 1495 905 1537 in
946 1493 1092 1538 habitu
1117 1493 1245 1547 virili,
1282 1507 1453 1552 gestans
1487 1510 1625 1538 unum
1652 1509 1814 1547 ensem,
1843 1509 1973 1552 quem

335 1578 412 1622 sibi
437 1577 663 1622 tradiderat
687 1577 826 1622 dictus
864 1576 1075 1621 Robertus
1109 1577 1159 1621 de
1188 1576 1474 1628 Baudricnria,
1503 1577 1661 1636 absque
1698 1577 1790 1620 aliis
1829 1579 1972 1628 armis,

335 1664 533 1706 associata
562 1669 571 1694 ³
602 1678 692 1705 uno
719 1661 870 1714 milite,
895 1677 984 1705 uno
1012 1660 1213 1704 scutifero
1235 1675 1274 1705 et
1295 1674 1482 1719 quatuor
1501 1660 1691 1714 famulis,
1722 1662 1901 1718 perrexit
1925 1660 1975 1705 ad

335 1746 480 1790 villam
507 1747 645 1790 Sancti
675 1744 855 1798 Urbani,
883 1758 924 1788 et
947 1744 1001 1788 ibi
1026 1746 1287 1802 pernoctavit
1309 1746 1351 1788 in
1379 1743 1557 1789 abbatia.

396 1831 520 1883 Item,
545 1829 650 1873 dixit
674 1829 791 1887 quod
818 1830 859 1872 in
884 1829 957 1872 illo
979 1830 1130 1872 itinere
1159 1830 1351 1872 transivit
1376 1844 1447 1887 per
1475 1829 1618 1872 villam
1645 1827 1976 1872 Autisiodoren-

336 1930 443 1966 sem,
469 1926 508 1957 ct
542 1913 596 1956 ibi
631 1912 794 1956 audivit
822 1913 994 1956 missam
1033 1913 1074 1955 in
1106 1913 1255 1969 majori
1284 1912 1485 1965 ecclesia,
1521 1925 1561 1956 et
1596 1924 1698 1955 tunc
1732 1911 1977 1970 frequenter

339 1996 517 2041 habebat
541 2013 665 2040 voces
693 2012 802 2046 suas,
824 2012 922 2039 cum
945 2012 991 2040 ea
1019 1995 1070 2039 de
1092 2011 1175 2054 qua
1197 2006 1209 2029 ⁴
1237 1997 1432 2053 superius
1458 1995 1504 2039 fit
1532 1997 1712 2039 mentio.

398 2082 521 2139 Item,
559 2081 760 2139 requisita
794 2093 842 2124 ut
863 2079 1017 2123 diceret
1045 2081 1166 2137 cujus
1193 2079 1373 2123 consilio
1396 2081 1481 2136 ipsa
1505 2080 1614 2137 cepit
1647 2078 1840 2122 habitum
1870 2079 1975 2121 viri-

339 2165 421 2208 lem
451 2163 529 2207 :ad
560 2165 639 2207 hoc
666 2163 919 2222 respondere
957 2163 1112 2221 pluries
1145 2163 1365 2207 recusavit.
1395 2162 1608 2215 Finaliter,
1641 2161 1746 2205 dixit
1779 2161 1895 2220 quod
1924 2161 1976 2206 de

341 2248 420 2292 hoc
449 2264 537 2291 non
566 2247 687 2291 dabat
718 2263 830 2290 onus
857 2248 1057 2305 cuiquam
1084 2246 1285 2301 homini,
1314 2260 1354 2290 et
1382 2247 1538 2304 pluries
1566 2246 1756 2289 variavit.

399 2332 524 2383 Item,
551 2330 656 2374 dixit
687 2329 803 2388 quod
832 2329 1057 2387 praedictus
1086 2329 1296 2374 Robertus
1320 2329 1372 2373 de
1406 2329 1678 2374 Baudricuria
1708 2329 1806 2372 fecit
1844 2330 1978 2384 jurare

342 2415 436 2458 illos
463 2417 535 2472 qui
563 2413 861 2458 conducebant
887 2415 1018 2471 ipsam
1046 2414 1289 2470 johannam
1319 2412 1435 2471 quod
1460 2428 1556 2456 eam
1585 2419 1595 2442 ς
1624 2411 1730 2456 bene
1764 2425 1803 2455 et
1833 2427 1980 2455 secure

340 2498 644 2542 conducerent.
687 2499 892 2555 Dixitque
922 2496 1033 2540 idem
1074 2497 1286 2540 Robertus
1315 2498 1391 2554 ipsi
1418 2496 1658 2552 johannae:
1700 2512 1718 2534 «
1758 2494 1876 2539 Vade
1898 2496 1912 2520 ⁶
1938 2512 1976 2547 »‚

341 2581 444 2625 dum
470 2580 678 2624 recederet
702 2580 753 2623 ab
775 2597 841 2634 eo,
868 2599 884 2615 (ι
913 2579 1033 2633 vade,
1050 2593 1090 2623 et
1115 2579 1230 2638 quod
1257 2579 1355 2622 inde
1379 2580 1533 2636 poterit
1554 2580 1716 2631 venire,
1732 2579 1874 2622 veniat
1897 2586 1975 2640 ⁷·.”

401 2665 525 2716 Item,
556 2663 662 2707 dixit
697 2665 782 2721 ipsa
818 2664 1014 2719 Johanna
1044 2663 1220 2706 ulterius
1246 2666 1260 2686 ⁸
1291 2661 1408 2721 quod
1441 2664 1526 2719 ipsa
1550 2670 1564 2694 9
1600 2661 1706 2705 bene
1743 2662 1819 2704 scit
1861 2660 1977 2718 quod

343 2748 460 2790 Deus
481 2746 618 2803 diligit
646 2746 798 2790 ducem
832 2747 1216 2799 Aurelianensem3
1249 2762 1293 2789 ac
1327 2747 1472 2799 etiam,
1501 2744 1618 2804 quod
1648 2745 1789 2802 plures
1822 2744 1979 2788 revela-

396 3002 424 3024 1.
446 2991 511 3024 Bet
530 2990 605 3034 Qet
624 2990 705 3036 ι’ρςα.
734 3011 771 3041 —.
790 3000 822 3024 2.
840 2989 874 3033 Q
897 2989 1046 3035 :snemm
1076 3011 1115 3014 —
1141 3000 1170 3034 3.
1194 2989 1228 3033 Q
1249 3002 1258 3024 :
1276 2990 1442 3023 associato.
1466 3009 1510 3013 —
1528 2999 1561 3030 4.
1580 2987 1643 3021 AB
1663 2987 1813 3033 :quibua
1837 3008 1869 3011 —
1902 2996 1932 3029 5.
1948 2987 1982 3030 Q

344 3059 441 3084 omet
457 3062 539 3083 eam.
556 3070 597 3074 —
619 3049 651 3083 6.
674 3049 722 3083 B:
751 3063 767 3080 «
784 3049 900 3082 Vade»
929 3058 978 3083 est
1000 3050 1082 3094 rave
1106 3062 1110 3083 z
1137 3048 1166 3082 C
1185 3058 1282 3082 omet
1304 3062 1321 3079 n
1350 3047 1436 3081 Vade
1452 3061 1483 3081 ».
1504 3068 1549 3072 —
1567 3057 1598 3091 7.
1614 3046 1696 3080 Cen
1716 3056 1836 3091 marge
1851 3057 1857 3079 :
1874 3045 1977 3080 Nota.

346 3131 390 3134 ——
411 3110 443 3142 8.
469 3109 499 3142 A
521 3121 530 3141 .·
555 3109 694 3142 ulterius
714 3110 782 3154 isim
798 3108 961 3152 johanna.
985 3129 1030 3132 ——
1051 3119 1084 3153 9.
1106 3108 1136 3141 A
1156 3116 1253 3142 omet
1280 3108 1361 3153 ipsa.
