2099 3356
338 134 422 190 248
614 134 772 176 PRocizs
805 148 861 176 DE
893 147 1243 178 CONDAMNATION
1276 149 1332 179 DE
1362 151 1530 192 JEANNE
1562 137 1692 181 D’ARC

401 247 548 290 LVIII.
580 264 599 286 t<
626 247 750 300 ITEM,
778 245 888 290 dicta
907 246 1106 302 Johanna
1133 247 1230 292 fecit
1256 247 1428 308 depingi
1454 250 1660 295 vexillum
1686 267 1831 304 suum,
1860 267 1906 296 ac
1932 253 1975 296 in

337 346 389 375 eo
417 329 595 375 describi
617 329 727 374 duos
757 330 931 388 angelos
954 331 1195 375 assistentes
1223 332 1318 376 Deo
1343 334 1509 377 tenenti
1532 333 1749 379 mundum
1778 336 1822 378 in
1847 351 1978 379 manu

337 431 428 468 sua,
456 430 555 458 cum
590 414 654 456 his
695 412 950 458 nominibus
989 428 1146 469 JHEsth
1193 429 1329 459 MARIA
1367 429 1408 460 et
1453 417 1548 461 aliis
1591 419 1767 475 picturis
1782 437 1792 473 ;
1828 431 1869 462 et
1898 419 1976 462 ista

338 498 444 542 dixit
478 513 521 541 se
544 496 690 541 fecisse
715 505 725 522 ¹
761 512 811 540 ex
838 510 1051 557 praecepto
1079 499 1176 552 Dei,
1203 500 1278 557 qui
1313 499 1403 543 haec
1430 500 1509 544 sibi
1537 501 1755 556 revelavit,
1788 501 1979 546 median-

338 581 449 625 tibus
474 580 651 639 Angelis
680 593 722 624 et
755 582 935 625 Sanctis.
965 581 1100 635 Quod
1127 581 1306 641 quidem
1333 583 1540 629 vexillum
1568 586 1712 643 posuit
1736 586 1781 629 in
1805 585 1978 630 ecclesia

338 665 557 717 Remensi,
577 665 693 721 juxta
716 664 864 718 altare,
883 664 987 708 dum
1019 665 1201 710 Karolus
1222 665 1450 725 praedictus
1473 681 1805 720 consecraretur,
1831 669 1981 714 volens

338 749 483 806 ipsum
504 747 710 792 vexillum
732 748 783 792 ab
807 748 899 792 aliis
922 749 1196 806 singulariter
1220 749 1438 802 honorari,
1462 768 1535 810 per
1558 752 1649 809 ejus
1672 751 1913 811 superbiam
1940 766 1983 797 et

340 832 514 875 inanem
546 831 745 889 gloriam.
776 832 889 876 Fecit
928 834 1057 877 etiam
1095 832 1268 892 depingi
1295 850 1412 878 arma
1450 851 1540 889 sua,
1572 836 1616 879 in
1655 835 1813 894 quibus
1839 838 1983 894 posuit

339 914 427 959 duo
448 914 534 958 lilia
571 931 698 959 aurea
725 917 768 959 in
789 932 942 974 campo
969 932 1140 971 azureo,
1169 930 1224 972 et,
1253 918 1297 961 in
1326 917 1471 963 medio
1510 919 1718 973 liliorum,
1743 936 1892 964 ensem
1918 937 1981 964 ar-
2003 938 2007 943 ·

338 1011 651 1058 genteumcum
664 1000 817 1058 capulo
831 1013 873 1044 et
888 1016 1011 1044 cruce
1032 1000 1258 1055 deauratis,
1277 1001 1507 1046 habentem
1524 1002 1747 1062 cuspidem
1769 1016 1954 1048 erectam
1967 1013 1981 1031 ²

341 1085 384 1127 in
409 1099 596 1136 sursum,
619 1084 663 1126 in
688 1085 812 1141 cujus
844 1086 1094 1129 summitate
1127 1098 1189 1129 est
1212 1102 1371 1130 corona
1396 1102 1536 1130 aurea.
1564 1087 1678 1140 Quae
1703 1086 1907 1132 videntur
1932 1087 1983 1132 ad

341 1167 498 1212 fastum
526 1181 567 1211 et
591 1168 822 1211 vanitatem
849 1181 890 1212 et
918 1184 1006 1212 non
1037 1168 1090 1213 ad
1122 1169 1378 1227 religionem
1407 1170 1472 1214 vel
1509 1172 1709 1229 pietatem
1742 1173 1980 1229 pertinere3

342 1264 382 1294 et
410 1250 638 1294 attribuere
666 1251 769 1295 tales
797 1253 1006 1296 vanitates
1033 1253 1129 1297 Deo
1159 1265 1199 1297 et
1232 1254 1407 1312 Angelis
1437 1266 1499 1298 est
1526 1268 1672 1298 contra
1700 1256 1982 1300 reverentiam

344 1335 424 1378 Dei
449 1348 490 1378 et
517 1335 789 1379 Sanctorum.
819 1353 839 1375 »

401 1418 420 1438 *
438 1417 504 1462 Ad
522 1418 659 1462 hunc³
678 1420 926 1473 articulum,
957 1419 1025 1463 die
1051 1421 1264 1474 mercurii,
1295 1423 1624 1476 xxanmartii,
1647 1421 1777 1466 dixit‘*
1809 1440 1817 1466 :
1845 1441 1864 1462 «
1895 1424 1985 1481 Ego

343 1501 540 1559 respondi
563 1501 615 1546 de
641 1502 737 1546 hoc.
759 1518 778 1540 ›>
801 1503 850 1546 Et
871 1502 921 1547 de
945 1503 1212 1547 contradicto
1231 1505 1371 1563 posito
1393 1521 1466 1564 per
1481 1519 1776 1564 promotorem
1809 1523 1817 1550 :
1852 1523 1872 1547 «
1896 1507 1984 1565 Ego

344 1601 413 1629 me
437 1585 571 1629 refero
598 1602 671 1630 seu
694 1586 870 1631 attendo
896 1586 947 1630 ad
975 1587 1221 1632 Dominum
1240 1601 1454 1633 nostrum.
1486 1606 1505 1628 >›

403 1669 484 1712 Die
512 1671 672 1722 martis,
703 1684 841 1713 xxvn.
872 1670 1088 1724 februarii,
1111 1672 1383 1729 interrogata,
1412 1671 1587 1730 quando
1615 1674 1690 1716 ivit
1713 1686 1811 1716 ante
1838 1673 1984 1718 villam

343 1752 714 1806 Aurelianensem,
745 1766 893 1797 utrum
920 1755 1008 1812 ipsa
1033 1754 1211 1798 habebat
1243 1755 1467 1810 vexillum,
1497 1772 1571 1800 seu
1597 1757 1793 1800 estendart
1818 1757 1982 1814 gallice,

344 1849 384 1879 et
409 1838 529 1894 cujus
551 1836 708 1880 coloris
732 1854 739 1880 :
769 1837 988 1896 respondit
1014 1838 1132 1896 quod
1160 1840 1235 1893 sic,
1265 1855 1418 1898 campo
1442 1841 1654 1884 seminato
1682 1839 1796 1893 liliis,
1826 1842 1869 1884 in
1897 1857 1986 1899 quo

345 1933 430 1963 erat
456 1920 646 1964 mundus
668 1920 874 1984 figuratus
895 1934 935 1965 et
957 1921 1042 1966 duo
1060 1922 1198 1980 angeli
1224 1924 1265 1965 in
1290 1923 1504 1977 lateribus,
1527 1923 1684 1967 coloris
1705 1923 1804 1977 albi,
1828 1923 1879 1968 de
1904 1924 1987 1969 tela

344 2004 436 2047 alba
451 2020 526 2048 seu
544 2004 781 2048 boucacino
800 2011 809 2037 5
827 2022 837 2058 ;
857 2018 898 2049 et
914 2007 957 2048 in
980 2021 1032 2049 eo
1047 2007 1199 2064 scripta
1215 2019 1333 2050 erant
1349 2007 1425 2051 ista
1445 2008 1625 2051 nomina
1638 2008 1795 2063 Jnsssus
1816 2008 1984 2062 MARIA,

346 2101 393 2131 ut
420 2087 590 2132 videtur
616 2087 720 2142 sibi;
746 2102 787 2132 et
810 2103 897 2132 erat
924 2088 1193 2133 fimbriatum
1218 2089 1269 2133 de
1293 2092 1442 2134 serico.
1465 2117 1523 2121 —
1549 2091 1813 2149 Interrogata
1842 2092 1875 2135 si
1898 2091 1987 2135 haec

347 2173 527 2215 nomina
547 2172 706 2226 JHEsus
731 2173 883 2215 MARIA
911 2174 1064 2230 scripta
1088 2186 1208 2217 erant
1231 2190 1419 2227 sursum,
1447 2190 1469 2217 a
1493 2174 1622 2218 latere
1653 2174 1719 2218 vel
1740 2174 1943 2219 deorsum
1976 2191 1985 2218 ε

346 2254 566 2313 respondit
593 2254 711 2312 quod
734 2256 777 2298 in
801 2255 943 2306 latere,
968 2269 1015 2299 ut
1036 2258 1073 2300 ei
1100 2256 1284 2301 videtur.
1311 2283 1368 2288 —
1392 2257 1654 2315 Interrogata
1679 2274 1808 2316 quern
1833 2257 1989 2316 praedi-

346 2338 516 2394 ligebat,
540 2353 687 2381 ensem
710 2339 774 2381 vel
801 2340 992 2382 estendam
1017 2340 1106 2383 sive
1128 2340 1334 2384 vexillum
1362 2357 1370 2384 ε
1402 2340 1622 2399 respondit
1649 2341 1766 2399 quod
1795 2340 1989 2400 praedili-

346 2422 468 2479 gebat
494 2422 715 2465 l’cstendart
742 2438 872 2480 quam
910 2439 1074 2476 ensem,
1111 2423 1393 2482 quadraginta
1425 2424 1603 2468 vicibus.
1641 2451 1700 2456 ——
1726 2426 1986 2482 Interrogata

348 2506 443 2562 quis
465 2504 561 2548 fecit
585 2505 663 2548 sibi
685 2504 773 2548 fieri
799 2505 839 2549 id
859 2505 977 2564 quod
999 2519 1085 2549 erat
1100 2507 1157 2549 ibi
1176 2506 1394 2565 depictum
1413 2524 1421 2550 ε
1442 2507 1661 2566 respondit
1684 2525 1692 2551 :
1726 2523 1746 2546 «
1772 2508 1876 2552 Satis
1893 2507 1981 2551 dixi

349 2587 470 2631 vobis
489 2587 606 2646 quod
625 2604 704 2645 ego
726 2605 814 2632 non
831 2589 908 2632 feci
931 2589 1107 2647 aliquid,
1127 2592 1208 2634 nisi
1224 2606 1298 2648 per
1313 2604 1574 2649 praeceptum
1591 2592 1686 2635 Dei.
1712 2608 1732 2631 ›>
1758 2592 1865 2635 Item
1882 2590 1989 2635 dixit

404 2735 420 2752 *
440 2735 627 2787 Respond
656 2749 663 2773 :
694 2752 711 2772 κ
734 2736 818 2784 J’en
849 2750 896 2789 ay
921 2737 1137 2790 respondu.
1162 2754 1179 2773 >³
1205 2738 1250 2776 Et
1277 2738 1328 2777 du
1353 2738 1551 2777 contredit
1574 2739 1648 2777 mis
1673 2752 1740 2791 par
1761 2738 1796 2777 le
1825 2752 1989 2791 promo-

350 2816 435 2845 teur
453 2820 461 2844 :
479 2807 652 2859 respond
679 2821 686 2844 :
723 2824 740 2843 c<
764 2809 808 2856 Je
835 2807 937 2846 m'en
962 2809 1101 2847 actend
1121 2809 1140 2847 a
1166 2819 1297 2848 nostre
1323 2810 1518 2862 Seigneur
1532 2811 1561 2848 ⁶.
1592 2826 1610 2846 »

404 2983 432 3006 1.
449 2973 480 3006 A
503 2972 604 3007 :dicit
615 2973 743 3018 fecisse.
766 2994 813 2998 —-
834 2984 867 3007 2.
892 2974 924 3007 A
935 2974 996 3008 BC
1018 2987 1027 3008 .·
1047 2980 1200 3010 erectum.
1218 2997 1264 3001 —
1287 2987 1316 3021 3.
1339 2976 1370 3010 A
1397 2988 1407 3010 :
1425 2977 1731 3022 quinquagesimum
1748 2982 1917 3013 octavum.
1942 2996 1988 3002 —-

352 3042 384 3073 4.
405 3031 435 3065 A
450 3032 565 3077 ajoute
582 3031 667 3066 dicta
688 3032 852 3075 soh‘anna.
880 3055 921 3058 —
945 3044 977 3076 5,
1000 3034 1031 3067 A
1047 3047 1056 3068 .·
1072 3034 1257 3069 boum-<sino
1273 3048 1285 3076 ;
1313 3035 1343 3069 C
1364 3048 1374 3069 .·
1392 3036 1657 3071 bouccassmo.—
1672 3035 1704 3070 6.
1733 3035 1774 3078 U,
1793 3035 1856 3070 fol.
1871 3045 1985 3081 29,v0.
