2099 3356
357 217 517 261 PRociss
550 231 606 260 DE
638 230 993 261 CONDAMNA'rroN
1025 232 1080 262 DE
1111 232 1277 275 JEANNE
1310 218 1438 262 D’ARC
1663 232 1714 274 91

76 330 275 376 audacter
295 341 495 388 portaret,
520 340 560 374 et
583 328 699 389 quod
724 330 876 374 faceret
899 332 942 374 in
964 346 1016 375 eo
1039 331 1213 389 depingi
1238 333 1399 389 Regem
1416 331 1530 374 coeli.
1563 332 1612 374 Et
1638 331 1720 374 hoc

75 407 182 459 dixit
202 415 287 473 regi
311 429 409 468 suo,
439 414 537 458 licet
555 415 836 469 invitissime3
863 427 904 458 et
935 413 987 458 de
1008 415 1322 473 significatione
1344 416 1477 459 nescit
1503 415 1633 459 aliud.

134 499 398 556 Interrogata
417 511 566 542 utrum
596 498 768 542 haberet
789 511 962 542 scutum
991 511 1032 542 et
1057 515 1172 542 arma
1201 515 1207 541 :
1234 498 1455 556 respondit
1482 498 1600 558 quod
1632 501 1719 558 ipsa

76 596 302 640 nunquam
331 581 505 635 habuit;
538 581 611 626 sed
646 597 718 626 rex
749 597 852 626 suus
888 581 1006 645 dedit
1027 584 1115 626 suis
1137 581 1336 627 fratribus
1356 598 1489 636 arma,
1519 583 1721 627 videlicet

76 680 216 710 unum
241 678 411 709 scutum
438 680 656 719 asureum,
696 668 737 709 in
764 681 852 724 quo
887 677 1006 710 erant
1034 674 1043 691 ¹
1079 665 1167 710 duo
1193 667 1279 710 lilia
1305 681 1429 711 aurea
1464 677 1504 711 et
1538 668 1650 711 ensis
1675 668 1718 710 in

78 747 252 803 medio;
275 760 333 802 et,
354 750 397 792 in
426 751 502 793 ista
523 749 638 803 villa,
664 749 883 807 descripsit
913 747 1081 794 cuidam
1109 751 1260 808 pictori
1290 749 1439 794 eadem
1462 765 1594 804 arma,
1618 751 1719 809 quia

78 833 252 891 petierat
270 832 320 876 ab
339 848 386 876 ea
406 848 504 892 quae
530 848 647 877 arma
673 833 859 891 gerebat.
890 834 996 878 Item
1033 833 1138 877 dixit
1174 833 1292 892 quod
1329 833 1433 878 illud
1458 832 1537 878 fuit
1570 833 1719 878 datum

76 932 148 974 per
168 932 312 974 regem
333 933 461 960 suum
488 917 687 973 fratribus
714 919 816 971 suis,
839 919 930 961 sine
953 929 1148 976 requesta
1184 917 1378 975 ejusdem
1414 918 1642 973 Johannae,
1682 929 1723 962 et

74 999 232 1058 absque
251 999 526 1045 revelatione.

133 1084 397 1142 Interrogata
419 1097 566 1128 utrum
589 1086 677 1144 ipsa
705 1085 886 1129 habebat
915 1101 1052 1130 unum
1072 1101 1253 1144 equum,
1275 1086 1450 1144 quando
1475 1097 1593 1144 capta
1622 1085 1721 1139 fuit,

74 1167 140 1212 vel
169 1169 454 1222 emissarium,
487 1170 553 1213 vel
596 1169 873 1227 gradarium:
918 1169 1140 1227 respondit
1178 1168 1296 1228 quod
1327 1181 1431 1214 tunc
1465 1181 1551 1214 erat
1596 1184 1724 1227 super

82 1266 262 1310 equum,
287 1265 327 1296 et
351 1263 438 1296 erat
461 1268 574 1297 unus
590 1252 759 1297 medius
780 1256 1040 1308 emissarius,
1068 1254 1216 1312 gallice
1242 1269 1326 1312 ung
1350 1254 1450 1297 demi
1475 1254 1660 1298 σωκ-εἷεν.

134 1335 396 1395 Interrogata
423 1338 519 1395 quis
553 1337 668 1382 hunc
699 1353 861 1395 equum
894 1338 973 1381 sibi
1005 1337 1206 1381 dederat:
1249 1337 1471 1396 respondit
1497 1337 1614 1396 quod
1653 1352 1724 1380 rex

77 1434 194 1474 suuS,
218 1420 282 1464 vel
306 1431 454 1478 gentes
488 1423 596 1479 regis
619 1423 685 1465 sui
713 1420 925 1466 dederunt
952 1421 1031 1466 sibi
1068 1437 1117 1466 ex
1154 1423 1346 1480 pecuniis
1385 1421 1577 1480 ejusdem
1614 1422 1723 1479 regis

77 1505 167 1559 sui3
193 1516 234 1548 et
259 1504 438 1548 habebat
461 1507 656 1565 quinque
678 1508 920 1550 emissarios
961 1521 1011 1550 ex
1040 1508 1232 1565 pecuniis
1269 1505 1463 1563 ejusdem
1498 1507 1606 1564 regis
1637 1506 1719 1558 sui,

78 1588 236 1647 absque
264 1591 451 1633 trotariis
478 1591 552 1648 qui
572 1602 692 1634 erant
714 1591 809 1648 plus
829 1606 961 1649 quam
983 1602 1164 1648 septem.

134 1674 395 1731 Interrogata
419 1686 569 1717 utrum
594 1673 789 1718 habuerit
814 1689 1011 1733 unquam
1033 1675 1133 1718 alias
1157 1674 1360 1719 divitiasa
1376 1689 1471 1731 rege
1489 1688 1569 1718 suo
1591 1689 1721 1732 quam

76 1877 138 1916 fist
162 1887 308 1917 mectre
332 1892 380 1917 en
404 1879 609 1931 paincture
634 1878 668 1916 la
703 1878 737 1917 le
772 1880 858 1930 Roy
881 1878 931 1917 du
958 1878 1046 1917 ciel.
1084 1879 1131 1917 Et
1168 1892 1209 1917 ce
1238 1878 1314 1917 dist
1349 1878 1369 1916 a
1405 1892 1477 1917 son
1510 1892 1597 1930 roy,
1625 1879 1721 1916 mais

75 1949 152 1988 tres
176 1950 287 1988 envis
309 1964 317 1997 3
345 1958 382 1988 et
405 1950 502 1989 dela
525 1949 758 2001 signifiance
780 1962 828 1988 ne
853 1951 949 1998 scait
972 1958 1209 1989 autrement.

132 2023 385 2074 Interroguee
405 2021 512 2060 s’elle
531 2023 637 2060 avoit
669 2023 782 2074 point
802 2034 893 2061 escu
919 2030 956 2060 et
974 2035 1102 2061 armes
1121 2037 1127 2060 :
1153 2014 1500 2076 respondqu'elle
1527 2022 1614 2061 n'en
1638 2030 1724 2061 eust

78 2081 254 2147 oncques
278 2094 392 2146 point
417 2107 425 2141 3
450 2094 548 2132 mais
567 2107 638 2132 son
663 2105 734 2146 roy
756 2093 889 2132 donna
905 2094 924 2132 a
949 2107 1009 2132 ses
1034 2094 1153 2132 freres
1168 2106 1310 2142 armes,
1338 2093 1430 2133 c’est
1448 2095 1622 2132 assavoir
1643 2106 1725 2146 ung

78 2177 169 2203 escu
194 2165 335 2214 d’asur,
362 2166 464 2204 deux
486 2165 605 2204 fleurs
630 2166 677 2204 de
697 2166 746 2204 liz
766 2165 847 2204 d’or
866 2174 902 2204 et
925 2178 1004 2204 une
1027 2168 1143 2219 espee
1165 2179 1234 2218 par
1258 2178 1350 2219 my;
1373 2174 1410 2204 et
1435 2179 1482 2204 en
1506 2175 1608 2205 ceste
1629 2165 1723 2204 ville

79 2249 98 2275 a
123 2237 256 2276 devise
278 2252 297 2276 a
318 2250 401 2290 ung
426 2230 600 2290 painctre
632 2235 750 2277 celles
781 2251 923 2285 armes,
957 2250 1058 2291 pour
1097 2251 1141 2277 ce
1183 2239 1250 2292 qui
1291 2237 1359 2291 luy
1379 2239 1486 2277 avoit
1528 2238 1723 2276 demande'

80 2309 230 2362 quelles
253 2323 379 2348 armes
399 2309 473 2348 elle
504 2311 625 2351 avoit.

133 2381 242 2429 Item,
267 2381 322 2420 dit
343 2394 419 2434 que
444 2394 486 2420 ce
512 2381 716 2421 futdonnt‘:
739 2396 807 2435 par
832 2395 904 2420 son
921 2394 992 2435 roy
1008 2383 1027 2420 {1
1043 2396 1103 2420 ses
1120 2382 1254 2430 freres,
1273 2383 1292 2420 a
1314 2382 1349 2420 la
1365 2382 1562 2435 plaisance
1579 2381 1720 2427 d’eulz‚

81 2466 167 2491 sans
193 2453 227 2491 la
249 2463 449 2506 resqueste
469 2453 598 2501 d’elle,
616 2463 653 2492 ct
675 2467 763 2492 sans
782 2453 1021 2493 re've‘lacion.

135 2525 391 2578 Interroguee
424 2525 529 2564 s'elle
564 2527 669 2564 avoit
702 2538 785 2578 ung
818 2526 970 2573 cheud,
1004 2526 1136 2579 quand
1169 2525 1243 2564 elle
1274 2525 1334 2564 fut
1364 2526 1513 2578 prinse,
1547 2526 1724 2564 coursier

79 2608 130 2634 ou
155 2596 387 2650 haquenee:
410 2598 580 2650 respond
605 2596 747 2651 qu'elle
767 2599 885 2636 estoit
920 2597 938 2636 a
961 2597 1114 2645 cheval‚
1150 2605 1187 2636 et
1220 2598 1337 2636 estoit
1361 2610 1445 2650 ung
1476 2597 1580 2636 demi
1610 2610 1723 2635 cour—

79 2668 154 2706 sier
171 2668 302 2721 celluy
327 2681 392 2707 sur
413 2670 481 2722 qui
503 2669 576 2708 elle
596 2670 713 2708 estoit
737 2678 859 2722 quant
880 2669 954 2708 elle
980 2668 1039 2708 sut
1065 2670 1210 2722 prinse.

134 2739 388 2794 Interroguee
414 2742 480 2795 qui
507 2741 575 2794 luy
599 2742 706 2780 avoit
731 2742 864 2780 donne
889 2741 1007 2780 cellui
1033 2740 1194 2780 cheval:
1235 2741 1407 2794 respond
1441 2753 1517 2794 que
1552 2754 1623 2779 son
1653 2754 1724 2794 roy

82 2823 133 2850 ou
155 2824 214 2851 ses
244 2826 341 2865 gens
363 2813 433 2866 luy
451 2813 674 2852 donnerent
699 2813 746 2851 de
772 2812 935 2866 lfargeirt
956 2813 1007 2851 du
1034 2826 1132 2866 r0y3
1157 2822 1194 2852 et
1228 2827 1275 2852 en
1295 2814 1403 2852 avoir
1415 2814 1504 2866 cinq
1528 2814 1731 2859 conrsiers,

83 2881 130 2922 de
151 2883 314 2936 l’argent
338 2885 390 2923 du
416 2898 500 2937 roy,
529 2897 617 2923 sans
642 2885 698 2923 les
716 2886 873 2924 trotiers
898 2886 950 2923 ou
974 2885 998 2922 il
1019 2899 1067 2923 cn
1093 2886 1200 2924 avoir
1218 2885 1306 2938 plus
1323 2885 1370 2924 de
1396 2892 1495 2937 sept.

137 2955 390 3008 Interroguee
424 2955 530 2994 s’elle
564 2964 651 2994 eust
681 2968 857 3009 oncques
891 2964 1020 2994 autres
1052 2956 1243 2994 richesses
1268 2955 1315 2994 de
1347 2969 1418 2994 son
1462 2967 1533 3008 roy
1558 2967 1634 3008 que
1660 2967 1722 2993 ces

136 3143 162 3166 1.
178 3133 212 3177 Q
229 3145 238 3166 :
258 3139 339 3167 emt.
