2099 3356
322 179 406 222 234
588 165 747 208 PRocsss
780 179 836 209 DE
869 177 1223 209 CONDAMNATION
1257 179 1313 208 DE
1343 179 1509 221 JEANNE
1542 164 1672 208 D’ARC

321 279 442 322 certis
467 277 617 322 diebus
635 294 647 332 3
683 277 756 322 sed
786 291 960 336 propter
991 278 1235 322 festinatam
1276 278 1631 322 accelerationem
1663 278 1958 322 coronationis

318 364 425 419 ejus,
448 362 574 406 aliam
594 364 766 420 accepit.
785 363 982 420 Suntque
1004 362 1101 406 talia
1117 363 1263 420 potius
1288 376 1359 420 per
1378 362 1514 419 ipsam
1537 361 1802 417 Johannarn,
1828 362 1957 405 insti-

318 458 446 504 gante
469 445 670 500 Diabolo,
693 444 889 500 conficta,
918 458 991 490 aut
1018 461 1092 503 per
1117 447 1257 503 ipsum
1286 444 1535 489 daemonem
1566 444 1706 490 eidem
1731 446 1774 488 in
1800 446 1961 503 praesti-

317 531 447 586 giosis
468 529 806 587 apparitionibus
836 542 1022 583 ostensa,
1054 528 1103 573 ad
1135 529 1380 573 illusionem
1419 544 1508 572 suae
1543 529 1819 582 curiositatis,
1855 527 1961 573 dum

319 614 471 672 quaerit
485 613 635 656 altiora
652 628 695 656 se
713 625 754 657 et
772 629 868 671 quae
891 625 993 657 sunt
1012 628 1135 672 supra
1154 628 1242 656 suae
1257 611 1520 657 conditionis
1543 611 1805 664 facultatem,
1827 627 1957 670 quam

322 711 344 740 a
372 697 467 740 Deo
492 696 693 740 revelata.
734 714 754 737 »

380 779 483 824 *Ad
515 780 631 823 hunc
658 780 710 823 LI
738 789 748 806 ¹
788 779 1033 834 articulum,
1063 779 1130 823 die
1158 780 1376 833 mercurii,
1401 793 1555 823 xxvnt.
1598 779 1756 833 martii,
1784 794 1962 837 respon—

321 863 392 908 det
418 862 536 922 quod
562 863 663 907 alias
684 865 771 922 ipsa
799 862 1020 922 respondit
1046 862 1097 907 de
1121 863 1291 921 angelo,
1318 864 1393 921 qui
1421 863 1659 920 apportavit
1685 863 1885 920 signum;
1917 874 1959 906 et

321 960 532 1006 quantum
555 947 606 992 ad
624 947 720 1001 hoc,
750 947 868 1006 quod
892 960 1118 1006 promotor
1140 947 1343 1004 proponit
1363 945 1415 989 de
1436 946 1554 990 mille
1578 944 1769 990 millibus
1789 946 1963 1003 angelo-

322 1047 434 1084 rum,
465 1030 684 1088 respondit
707 1031 823 1090 quod
852 1033 941 1089 ipsa
963 1046 1052 1075 non
1080 1030 1326 1074 recordatur
1353 1028 1471 1088 quod
1495 1028 1663 1080 dixerit,
1685 1028 1883 1073 videlicet
1910 1029 1962 1073 de

321 1129 530 1168 numero;
568 1113 640 1158 sed
670 1114 777 1158 bene
814 1114 921 1158 dixit
949 1112 1066 1172 quod
1100 1129 1330 1172 nunquam
1366 1112 1447 1156 fuit
1479 1112 1590 1166 laesa,
1626 1114 1734 1171 quin
1766 1111 1960 1156 habuerit

320 1214 520 1255 magnam
550 1197 915 1242 confortationem
955 1211 994 1242 et
1034 1213 1241 1255 magnum
1283 1196 1493 1241 auxilium
1521 1212 1570 1240 ex
1606 1209 1722 1255 parte
1759 1197 1838 1240 Dei
1874 1209 1915 1240 et
1941 1211 1963 1240 a

322 1283 477 1326 sanctis
504 1282 739 1326 Katharina
764 1295 805 1326 et
832 1283 1083 1339 Margareta.
1919 1278 1925 1283 ’

379 1365 503 1419 Item,
532 1365 582 1409 de
597 1380 770 1417 corona,
787 1364 892 1409 dixit
908 1364 1025 1423 quod
1048 1365 1149 1409 alias
1166 1362 1403 1422 respondit.
1425 1365 1475 1408 Et
1496 1362 1548 1407 de
1566 1363 1843 1408 conclusione
1865 1364 1961 1407 arti·
1992 1385 1998 1387 ·

319 1449 419 1502 culi,
436 1464 567 1507 quam
592 1461 820 1507 promotor
843 1450 1129 1507 ponitcontra
1144 1447 1249 1492 facta
1276 1463 1365 1501 sua,
1388 1463 1430 1491 se
1459 1447 1584 1491 refert
1611 1447 1722 1491 Deo.
1741 1448 1792 1491 Et
1809 1448 1956 1499 etiarn,

321 1532 394 1577 ubi
415 1548 575 1576 corona
599 1533 754 1577 fuerit²
783 1532 889 1576 facta
916 1545 957 1576 et
978 1532 1188 1585 fabricata,
1217 1548 1260 1576 se
1287 1531 1413 1575 refert
1436 1532 1545 1575 Deo.

381 1617 504 1670 Item,
549 1618 711 1670 martis,
752 1630 888 1660 xxvn.
930 1615 1144 1667 februarii,
1190 1616 1449 1673 interrogata
1486 1627 1637 1659 utrum
1670 1626 1757 1658 erat
1805 1614 1960 1672 aliquis

320 1700 495 1757 angelus
516 1715 643 1758 super
662 1712 787 1758 caput
805 1702 912 1758 regis
933 1702 1014 1754 sui,
1045 1699 1221 1758 quando
1243 1698 1350 1743 vidit
1369 1714 1469 1744 eum
1499 1700 1642 1756 primo
1669 1715 1677 1741 :
1712 1697 1932 1756 respondit
1950 1715 1958 1741 :

323 1785 436 1827 «Per
449 1785 645 1828 Sanctam
663 1785 843 1828 Mariam
862 1785 869 1827 !
885 1785 918 1828 si
934 1796 1019 1828 erat
1032 1784 1200 1842 aliquis,
1215 1798 1295 1841 ego
1308 1784 1452 1827 nescio
1467 1795 1507 1826 et
1521 1798 1609 1826 non
1626 1781 1714 1826 vidi
1727 1797 1845 1826 eum.
1866 1798 1885 1822 »
1904 1764 1960 1813 ὲ

318 1867 580 1925 Interrogata
603 1869 636 1911 si
664 1867 721 1911 ibi
743 1880 850 1911 esset
872 1867 1021 1912 lumen
1053 1881 1060 1910 :
1093 1866 1314 1925 respondit
1340 1866 1457 1925 quod
1486 1866 1543 1910 ibi
1566 1878 1685 1910 erant
1708 1866 1805 1924 plus
1828 1882 1961 1924 quarn

321 1947 526 1989 trecenti³
558 1946 716 1990 milites
752 1958 793 1989 et
826 1947 1141 2004 quinquaginta
1169 1943 1290 1988 taedae
1315 1960 1388 1989 seu
1414 1944 1590 1989 torchiae
1607 1954 1639 1996 ⁴,
1682 1951 1722 1988 et
1744 1943 1844 1998 hoc,
1872 1944 1964 1987 sine

374 2155 390 2172 *
415 2154 601 2207 Respond
624 2152 766 2207 qu'elle
797 2166 817 2192 a
836 2152 1034 2206 respondu
1064 2153 1110 2192 de
1134 2152 1275 2205 l’angle
1297 2154 1363 2206 qui
1389 2162 1552 2205 apporta
1571 2152 1606 2191 le
1625 2153 1751 2205 signe.
1774 2153 1819 2191 Et
1843 2162 1964 2205 quant

324 2225 369 2265 ad
393 2240 435 2265 ce
461 2240 536 2279 que
559 2225 594 2264 le
619 2234 853 2278 promoteur
874 2237 1046 2277 propose
1079 2225 1125 2262 de
1157 2223 1265 2262 mille
1294 2223 1436 2262 milion
1457 2222 1547 2276 (sz'c)
1570 2221 1764 2275 d'angles:
1787 2223 1959 2276 respond

324 2296 466 2351 qu'elle
500 2297 598 2336 n'est
628 2297 741 2350 point
774 2295 972 2334 recolente
1003 2295 1050 2334 de
1081 2295 1222 2333 l'avoir
1249 2295 1320 2342 dit,
1345 2294 1438 2333 c'est
1466 2296 1642 2334 assavoir
1679 2295 1732 2333 du
1763 2294 1957 2343 nombre3

323 2370 420 2407 mais
442 2369 497 2408 dit
522 2368 611 2407 bien
644 2367 785 2422 qu’elle
810 2381 858 2406 ne
883 2367 941 2407 fut
960 2381 1136 2421 oncques
1153 2368 1302 2415 blecee,
1323 2366 1465 2420 qu’elle
1490 2380 1538 2405 ne
1563 2376 1650 2406 eust
1664 2375 1777 2419 grant
1798 2365 1957 2405 confort

323 2451 358 2479 et
379 2449 491 2493 grant
515 2440 601 2478 aide
626 2440 674 2478 de
696 2453 764 2492 par
785 2449 916 2478 nostre
949 2439 1158 2492 Seigneur,
1179 2448 1217 2478 et
1237 2438 1285 2477 de
1304 2439 1471 2477 sainctes
1491 2438 1706 2477 Katherine
1725 2447 1762 2476 et
1777 2439 1962 2490 Margue-

327 2512 414 2550 rite.

379 2584 484 2630 Item,
511 2582 558 2621 de
578 2583 610 2621 la
632 2595 852 2629 couronne,
875 2582 929 2620 dit
948 2582 1092 2635 qu'elle
1115 2595 1162 2620 en
1186 2595 1205 2619 a
1226 2581 1443 2634 respondu.
1473 2582 1518 2620 Et
1538 2581 1584 2619 de
1608 2580 1641 2619 la
1663 2580 1898 2619 conclusion
1916 2580 1962 2618 de

322 2654 496 2701 l’article,
530 2667 605 2706 que
642 2653 676 2692 le
711 2662 969 2706 promocteur
1000 2653 1118 2692 meict
1146 2662 1283 2691 contre
1308 2665 1368 2690 ses
1393 2651 1478 2697 fais,
1517 2651 1594 2690 s'en
1630 2651 1770 2690 actend
1799 2651 1819 2690 ἐι
1854 2651 1953 2690 Dieu

323 2734 454 2763 nostre
487 2725 694 2777 Seigneur.
724 2725 770 2763 Et
801 2726 854 2763 ou
883 2724 917 2762 la
952 2736 1158 2763 couronne
1184 2723 1240 2762 fut
1267 2722 1383 2762 faicte
1408 2732 1446 2763 et
1466 2721 1616 2776 forgee,
1641 2723 1721 2762 s'en
1756 2731 1910 2776 raporte
1934 2721 1953 2760 ἡ

325 2806 459 2836 nostre
483 2796 677 2849 Seigneur
701 2802 727 2834 5.

377 3009 406 3032 1.
437 2998 493 3032 A:
524 2998 578 3032 Ad
603 2999 913 3044 quinquagesimum
941 2999 1108 3045 primum.
1146 3019 1187 3024 —
1208 3009 1240 3033 2.
1269 2998 1301 3033 A
1322 3010 1332 3032 .·
1350 2999 1433 3041 fuit.
1453 3018 1495 3022 —
1521 3008 1551 3043 3.
1571 2997 1667 3032 ΑΒΕ
1685 3010 1695 3032 ;
1711 2998 1959 3032 tricenlmn.—-

326 3073 360 3105 4.
384 3062 414 3097 C
438 3075 447 3097 :
468 3064 589 3097 tortia.
608 3082 653 3088 -
684 3073 714 3106 5.
744 3063 782 3106 U,
805 3062 867 3098 fol.
890 3073 947 3109 29,
969 3073 1025 3098 νο.
1982 3057 1985 3063 ’
