2099 3356
360 183 447 226 240
641 169 798 212 PROCJ'ES
832 182 886 211 DE
919 181 1267 211 CONDAMNATION
1304 181 1359 210 DE
1390 181 1554 223 JEANNE
1587 167 1712 211 D’ARC

415 282 503 325 LII.
529 297 549 322 «
575 282 702 334 ITEM,
731 282 819 338 ipsa
842 279 1040 335 Johanna
1064 281 1107 323 in
1136 288 1307 324 tantum
1334 281 1420 324 suis
1441 278 1823 324 adinventionibus
1850 279 2003 324 catho-

356 365 489 409 licum
511 364 725 423 populum
748 363 932 417 seduxit,
962 363 1079 422 quod
1099 363 1226 407 multi
1253 364 1295 406 in
1321 364 1545 421 praesentia
1564 364 1655 420 ejus
1677 379 1770 406 eam
1797 362 1997 407 adorave-

356 461 456 492 runt
478 461 523 492 ut
547 460 736 492 sanctam
753 460 792 491 et
809 446 949 491 adhuc
972 446 1151 491 adorant
1171 448 1214 506 in
1239 446 1444 498 absentia,
1468 446 1710 491 ordinando
1731 448 1775 490 in
1802 462 1997 491 reveren-

350 533 457 575 tiam
485 533 575 589 ejus
603 532 750 574 missas
774 543 815 574 et
838 530 1034 574 collectas
1063 532 1105 574 in
1135 530 1344 584 ecclesiis;
1373 531 1463 574 imo
1485 546 1579 574 eam
1608 529 1760 574 dicunt
1787 532 1995 588 majorem

351 631 439 659 esse
461 614 666 658 omnibus
689 615 852 658 Sanctis
880 614 978 667 Dei,
1006 627 1101 672 post
1121 615 1294 658 Beatam
1315 614 1568 671 Virginem3
1591 613 1760 657 elevant
1786 615 1997 672 imagines

351 711 392 742 et
416 699 811 756 repraesentationes
838 699 928 753 ejus
954 699 996 740 in
1020 698 1201 741 basilicis
1222 698 1496 751 Sanctorum,
1522 713 1567 740 ac
1585 698 1713 741 etiam
1741 698 1785 740 in
1814 696 1995 755 plumbo

352 794 392 824 et
419 781 503 825 alio
526 780 701 824 metallo
728 781 1124 838 repraesentationes
1155 781 1286 838 ipsius
1313 796 1439 838 super
1468 796 1511 823 se
1539 779 1753 833 deferunt,
1785 792 1913 837 prout
1942 779 1994 823 de

353 863 574 905 memoriis
598 875 638 904 et
664 861 1110 919 repraesentationibus
1135 861 1393 904 Sanctorum
1418 876 1490 918 per
1513 860 1743 904 Ecclesiam
1769 861 1994 904 canoniza-

353 958 498 989 torum
521 945 629 989 solet
656 944 747 989 fieri
776 963 787 999 3
810 958 850 988 et
882 944 1114 1003 praedicant
1143 944 1310 1002 publice
1337 946 1474 1002 ipsam
1501 960 1590 988 esse
1618 945 1817 988 nuntiam
1845 944 1927 988 Dei
1955 956 1995 987 et

354 1031 498 1087 potius
525 1046 612 1073 esse
641 1029 843 1087 angelum
873 1045 1004 1087 quam
1031 1029 1275 1072 mulierem.
1309 1028 1422 1078 Quae
1451 1029 1666 1085 praemissa
1693 1029 1736 1071 in
1767 1027 1995 1071 christiana

351 1114 555 1171 religione
571 1113 807 1170 perniciosa
821 1125 921 1155 sunt
934 1125 974 1155 et
988 1114 1029 1155 in
1048 1111 1360 1156 detrimentum
1376 1111 1523 1156 salutis
1540 1113 1784 1155 animarum
1807 1111 1995 1154 nimium

350 1195 611 1240 scandalosa.
646 1213 665 1235 ›>

409 1279 495 1324 *Ad
538 1279 651 1323 hunc
682 1294 690 1310 ¹
724 1279 970 1332 articulum,
1010 1279 1077 1322 die
1131 1280 1347 1331 mercurii,
1390 1293 1541 1322 xxvul.
1579 1279 1734 1331 martii,
1775 1276 1994 1336 respondit

351 1363 483 1421 quod,
507 1376 720 1422 quantum
747 1362 797 1406 ad
826 1364 1085 1421 principium
1120 1363 1304 1416 articuli,
1339 1362 1439 1406 alias
1479 1362 1529 1406 de
1563 1362 1645 1406 hoc
1673 1361 1924 1419 respondit3
1950 1373 1991 1405 et

350 1461 563 1506 quantum
588 1446 638 1491 ad
657 1447 983 1491 conclusionem
1012 1446 1194 1499 articuli,
1216 1462 1257 1490 se
1280 1445 1405 1490 refert
1430 1446 1539 1490 Deo.

409 1533 534 1584 Item,
570 1530 638 1574 die
670 1529 847 1578 sabbati,
878 1531 999 1574 tertia
1025 1531 1180 1583 martii,
1210 1531 1465 1587 interrogata
1492 1530 1525 1572 si
1554 1544 1749 1587 unquam
1784 1529 1990 1587 cognovit

352 1613 523 1658 fratrem
566 1612 795 1657 Ricardum
822 1630 829 1655 :
871 1613 1094 1670 respondit
1117 1630 1124 1656 :
1168 1630 1186 1652 <‹
1228 1614 1316 1670 Ego
1366 1628 1592 1670 nunquam
1638 1611 1825 1655 videram
1871 1628 1988 1666 eum,

351 1697 526 1756 quando
554 1699 652 1741 veni
676 1710 774 1741 ante
799 1696 943 1740 villam
967 1696 1242 1740 Trecensem.
1274 1714 1292 1736 »
1327 1721 1382 1726 —
1406 1697 1667 1752 Interrogata
1694 1696 1865 1755 qualem
1892 1696 1991 1739 vul-

352 1795 445 1825 tum
472 1781 597 1824 frater
624 1779 829 1825 Ricardus
858 1779 953 1823 fecit
977 1782 1013 1824 ei
1040 1798 1046 1823 :
1078 1779 1297 1837 respondit
1321 1779 1438 1838 quod
1469 1779 1527 1823 illi
1559 1779 1611 1823 de
1642 1779 1740 1824 villa
1765 1779 1987 1833 Trecensi,

347 1866 456 1908 sicut
478 1865 565 1922 ipsa
586 1865 756 1920 cogitat,
786 1864 996 1907 miserunt
1019 1879 1117 1906 eum
1145 1878 1240 1920 erga
1273 1864 1422 1920 ipsam,
1447 1862 1634 1906 dicentes
1661 1861 1778 1920 quod
1808 1863 1885 1920 ipsi
1911 1861 1988 1906 du-

348 1947 538 1991 bitabant
560 1946 676 2006 quod
697 1963 786 1990 non
809 1960 916 1990 esset
937 1962 1000 1990 res
1021 1964 1069 1990 ex
1094 1959 1207 2005 parte
1233 1947 1328 1999 Dei,
1359 1959 1413 2000 et,
1437 1945 1612 2005 quando
1638 1947 1724 2004 ipse
1753 1947 1870 1990 venit
1893 1962 1989 2004 erga

347 2047 440 2075 eam
478 2029 882 2089 appropinquando,
924 2032 1011 2088 ipse
1051 2029 1227 2073 faciebat
1270 2031 1445 2087 signum
1489 2031 1624 2073 crucis
1663 2042 1704 2073 et
1743 2029 1988 2087 aspergebat

345 2130 501 2173 aquam
537 2113 802 2157 benedictam
827 2131 837 2167 3
868 2126 908 2157 et
934 2114 1021 2171 ipsa
1055 2112 1159 2156 dixit
1187 2114 1224 2156 ei
1252 2130 1259 2156 :
1294 2130 1314 2152 «
1344 2114 1713 2171 Appropinquetis
1751 2112 1982 2167 audacter3

346 2214 425 2255 ego
442 2213 530 2241 non
552 2197 732 2241 evolabo
758 2214 778 2236 ))
797 2215 807 2251 ;
830 2197 977 2254 gallice
1002 2213 1009 2239 :
1044 2213 1064 2236 «
1082 2198 1127 2251 Je
1148 2213 1192 2240 ne
1210 2197 1481 2255 meenvoleray
1486 2205 1574 2254 pas.
1593 2213 1613 2236 »
1637 2223 1695 2227 —
1720 2198 1984 2254 Interrogata

347 2283 379 2324 si
403 2283 490 2338 ipsa
512 2281 672 2324 viderat
699 2280 881 2326 velfieri
904 2280 1055 2324 fecerat
1075 2280 1235 2338 aliquas
1258 2281 1468 2338 imagines
1492 2280 1557 2323 vel
1580 2281 1764 2337 picturas
1790 2279 1842 2324 ad
1862 2296 1982 2324 suam

345 2364 675 2409 similitudinem
699 2381 707 2407 :
733 2363 951 2421 respondit
979 2363 1094 2421 quod
1123 2365 1225 2422 ipsa,
1254 2363 1464 2407 Attrebati
1494 2371 1523 2417 ²,
1555 2363 1662 2408 vidit
1688 2380 1820 2407 unam
1850 2364 1985 2421 pictu=

346 2464 453 2502 rain,
473 2449 514 2491 in
543 2463 673 2491 manu
695 2449 824 2491 unius
841 2448 971 2500 Scoti‚
988 2463 1084 2506 quae
1100 2460 1185 2491 erat
1203 2449 1246 2490 in
1260 2446 1545 2491 similitudine
1567 2447 1757 2504 ejusdem
1773 2447 1984 2503 Johannae

344 2545 531 2584 armatae,
557 2545 597 2575 et
622 2531 899 2589 praesentabat
922 2546 1051 2574 unam
1078 2530 1262 2574 litteram
1285 2531 1373 2589 regi
1394 2547 1499 2585 suo3
1544 2543 1585 2574 et
1610 2544 1696 2574 erat
1722 2531 1985 2588 ageniculata

395 2728 411 2744 ss
430 2727 633 2780 Respond,
656 2732 778 2780 quant
803 2741 850 2765 au
873 2736 1223 2765 commencement
1247 2727 1294 2765 de
1322 2726 1483 2765 l’article
1512 2741 1518 2764 :
1546 2743 1564 2762 «
1589 2726 1674 2775 J’en
1706 2740 1754 2779 ay
1774 2727 1982 2765 autresfois

342 2798 558 2850 respondu.
589 2814 606 2834 >³
632 2800 678 2836 Et
702 2807 823 2851 quant
847 2798 867 2836 a
891 2798 926 2836 la
950 2798 1186 2837 conclusion
1206 2798 1252 2836 de
1279 2797 1454 2843 l’article‚
1483 2797 1562 2836 s'en
1589 2807 1772 2851 rapporte
1800 2798 1820 2836 a
1844 2807 1976 2837 nostre

345 2869 537 2921 Seigneur
562 2877 586 2907 3.

399 3076 427 3099 1.
450 3066 481 3098 A
506 3066 838 3111 :quinquagesinmm
858 3066 1047 3101 secmzdnm.
1066 3087 1111 3090 —
1133 3076 1164 3099 2.
1188 3066 1284 3100 ABC
1305 3078 1315 3099 :
1336 3066 1521 3099 Attrabati.
1550 3086 1593 3090 --
1632 3076 1661 3110 3.
1689 3066 1730 3108 U,
1752 3065 1813 3100 fol.
1840 3076 1896 3111 29,
1922 3071 1973 3099 νο.
