2099 3356
337 191 419 232 272
615 175 771 219 PROCI'iS
805 189 861 218 DE
893 188 1243 218 CONDAMNATION
1277 189 1333 218 DE
1363 188 1528 231 JEANNE
1559 173 1689 218 D’ARC

334 302 532 334 mentum
559 287 871 347 recipiendum,
890 303 1021 347 quam
1045 286 1243 331 habitum
1256 288 1510 331 muliebrem
1523 302 1739 330 resumere
1751 299 1792 331 et
1801 287 1970 330 virilem

333 374 587 432 relinquere.
614 373 819 416 Faventes
849 380 858 397 ¹
908 372 1037 415 etiam
1085 370 1208 415 dictae
1250 370 1444 415 foeminae
1482 372 1526 414 in
1579 371 1661 414 hoc
1705 369 1840 429 quod,
1881 371 1973 414 sine

329 457 439 500 scitu
467 469 507 499 et
534 468 681 499 contra
726 454 996 498 voluntatem
1041 466 1269 512 parentum
1296 470 1495 508 suorum,
1538 452 1644 498 dum
1690 466 1799 498 esset
1837 455 1973 497 aetatis

330 538 635 597 septemdecim
657 553 874 581 annorum
902 537 967 581 vel
995 539 1175 590 eocirca,
1204 536 1388 581 domum
1431 549 1651 595 paternam
1687 552 1850 594 egressa
1891 536 1974 581 fuit

330 639 375 666 ac
403 620 675 666 multitudini
708 621 942 665 hominum
970 636 1087 664 arma
1112 621 1390 679 sequentium
1420 622 1593 674 sociata,
1621 619 1690 664 die
1719 632 1931 678 nocteque
1957 628 1970 645 ²

330 723 429 750 cum
458 707 518 749 eis
541 704 852 759 conversando,
894 719 1120 763 nunquam
1169 717 1242 748 aut
1282 720 1375 748 raro
1418 703 1547 748 aliam
1576 704 1803 748 mulierem
1825 719 1972 748 secum

333 790 506 834 habens.
538 790 588 833 Et
613 790 694 833 alia
715 788 850 833 multa
871 787 994 832 dictae
1018 788 1182 832 Sanctae
1206 787 1408 852 dixerunt
1431 800 1472 832 et
1514 800 1808 846 praeceperunt
1832 786 1973 831 eidem

334 874 504 918 mulieri
521 892 531 928 ;
551 885 722 932 propter
748 888 845 931 quae
871 871 973 916 dicit
998 887 1041 915 se
1064 873 1236 916 missam
1265 887 1287 915 a
1320 872 1416 915 Deo
1441 871 1539 915 coeli
1573 883 1614 915 et
1646 871 1827 915 Ecclesia
1843 871 1974 914 victo-

333 960 444 1002 riosa
481 958 739 1002 Sanctorum
786 958 870 1013 jam
928 955 1193 1000 beatitudine
1251 954 1506 1008 fruentium,
1553 954 1711 1014 quibus
1757 954 1974 999 submittit

331 1044 480 1086 onmia
502 1041 610 1086 bene
626 1041 730 1085 facta
752 1056 840 1084 sua.
871 1040 1075 1084 Militanti
1103 1055 1205 1085 vero
1233 1038 1427 1083 Ecclesiae
1455 1055 1513 1093 se,
1540 1055 1615 1082 sua
1636 1039 1743 1083 facta
1781 1052 1822 1082 et
1863 1038 1974 1082 dicta

328 1125 581 1171 submittere
596 1124 762 1169 distulit
775 1138 817 1168 et
842 1125 1066 1179 recusavit,
1085 1123 1243 1181 pluries
1262 1139 1390 1181 super
1404 1122 1484 1166 hoc
1505 1123 1709 1181 requisita
1729 1135 1770 1166 et
1786 1123 1970 1176 monita,

329 1209 474 1253 dicens
495 1207 612 1267 quod
628 1206 894 1266 impossibile
914 1219 976 1251 est
987 1206 1127 1250 eidem
1145 1205 1338 1250 foeminae
1360 1205 1494 1250 facere
1509 1207 1772 1250 contrarium
1796 1205 1971 1249 illorum

330 1309 426 1351 quae
453 1292 682 1336 affirmavit
721 1293 764 1334 in
803 1307 884 1335 suo
909 1306 1107 1348 processu
1132 1306 1175 1334 se
1202 1289 1254 1334 de
1292 1289 1497 1334 mandato
1531 1289 1611 1333 Dei
1639 1288 1801 1342 fecisse,
1833 1305 1972 1348 neque

331 1376 382 1420 de
401 1376 466 1419 his
493 1393 534 1420 se
559 1375 708 1419 referet
735 1375 1086 1419 determinationi
1126 1387 1200 1418 aut
1242 1373 1403 1431 judicio
1433 1374 1745 1431 cujuscumque
1772 1373 1971 1423 viventis,

331 1459 402 1504 sed
428 1458 737 1504 tantummodo
756 1458 916 1516 judicio
931 1459 1036 1511 Dei;
1066 1456 1272 1516 quodque
1294 1457 1434 1501 eidem
1458 1457 1650 1500 foeminae
1672 1457 1971 1500 revelaverunt

332 1544 449 1603 quod
488 1546 574 1602 ipsa
598 1542 832 1587 salvabitur
866 1543 907 1585 in
950 1541 1085 1599 gloria
1111 1542 1356 1590 Beatorum,
1381 1554 1422 1584 et
1464 1541 1647 1584 salutem
1692 1542 1847 1584 animae
1884 1557 1971 1585 suae

331 1640 633 1687 consequetur,
657 1629 689 1670 si
732 1627 1034 1685 virginitatem,
1057 1641 1188 1684 quam
1231 1624 1391 1668 eisdem
1419 1632 1427 1657 ³
1458 1625 1577 1668 vovit
1608 1626 1744 1681 prima
1767 1625 1856 1668 vice
1888 1640 1972 1682 qua

332 1728 401 1756 eas
421 1710 528 1754 vidit
550 1724 591 1755 et
621 1710 801 1764 audivit,
831 1710 1073 1753 servaverit.
1099 1709 1339 1752 Occasione
1361 1710 1481 1765 cujus
1506 1707 1795 1758 revelationis,
1822 1709 1969 1752 asserit

330 1812 373 1839 se
395 1808 551 1838 certam
579 1794 629 1838 de
656 1794 793 1838 salute
820 1809 894 1837 sua
918 1809 967 1837 ac
983 1794 1015 1835 si
1035 1806 1142 1836 esset
1160 1792 1480 1850 praesentialiter
1507 1805 1547 1835 et
1568 1791 1619 1835 de
1635 1791 1744 1835 facto
1773 1793 1814 1835 in
1840 1807 1972 1849 regno

331 1879 542 1923 coelorum
566 1889 596 1921 ⁴.

395 2202 413 2224 «
441 2185 567 2237 ITEM,
595 2183 705 2227 dicta
725 2184 906 2226 foemina
930 2182 1031 2226 dicit
1053 2181 1170 2240 quod
1196 2183 1368 2239 signum
1392 2180 1509 2239 quod
1536 2180 1685 2224 habuit
1704 2181 1904 2238 princeps.
1921 2179 1972 2223 ad

333 2284 463 2326 quem
487 2267 753 2319 mittebatur,
781 2282 853 2325 per
891 2265 1008 2324 quod
1036 2265 1346 2309 determinatus
1386 2264 1466 2308 fuit
1498 2263 1549 2307 ad
1574 2263 1835 2308 credendum
1857 2265 1894 2307 ei
1919 2262 1972 2307 de

330 2354 418 2395 suis
445 2350 776 2395 revelationibus
797 2363 839 2393 et
878 2348 929 2392 ad
965 2365 1058 2392 eam
1088 2348 1399 2406 recipiendum,
1426 2364 1503 2405 pro
1531 2347 1649 2391 bellis
1674 2345 1864 2405 agendis,
1891 2346 1972 2390 fuit

331 2435 448 2494 quod
476 2448 647 2478 sanctus
684 2433 869 2477 Michael
895 2432 946 2476 ad
995 2432 1198 2476 eumdem
1239 2433 1476 2489 principem
1529 2432 1715 2484 accessit,
1741 2431 1972 2475 associatus

330 2519 583 2577 angelorum
607 2516 901 2569 multitudine,
927 2532 1116 2575 quorum
1147 2515 1323 2574 quidam
1352 2514 1565 2558 habebant
1591 2530 1787 2567 coronas,
1832 2526 1872 2558 et
1900 2514 1971 2557 alii

331 2602 541 2645 habebant
577 2601 674 2654 alas,
705 2617 804 2644 curn
831 2599 988 2658 quibus
1029 2613 1148 2653 erant
1190 2611 1344 2642 sanctae
1378 2598 1610 2642 Katharina
1637 2611 1678 2641 et
1714 2599 1966 2655 Margareta.

381 2795 410 2819 1.
433 2784 538 2830 Super
561 2783 666 2817 eodem
692 2795 756 2817 non
777 2783 903 2817 ‘videtur
940 2783 1014 2816 bene
1033 2783 1180 2828 positum
1214 2796 1230 2813 (τ
1253 2782 1460 2815 faventes».
1492 2802 1534 2805 —
1576 2791 1608 2815 2.
1631 2780 1734 2826 Super
1768 2779 1873 2814 eodem
1908 2791 1972 2814 non

330 2844 464 2878 videtur
483 2843 558 2876 bene
578 2844 723 2890 positmn
748 2856 765 2873 «
793 2843 915 2883 Nortn7
936 2847 993 2875 etc.
1016 2856 1048 2874 ».
1079 2862 1123 2866 -
1156 2851 1185 2884 3.
1216 2842 1246 2875 A
1273 2853 1282 2874 .·
1302 2843 1360 2875 eis.
1382 2861 1427 2865 —
1448 2851 1481 2882 4.
1504 2840 1608 2886 Super
1627 2839 1733 2874 eodem
1754 2851 1818 2873 non
1837 2839 1972 2873 videtur

332 2904 406 2937 hene
419 2904 565 2950 positum
602 2916 618 2933 <c
636 2901 733 2946 Quod
751 2907 871 2935 sancta?
900 2901 1089 2934 Katharina
1119 2905 1146 2934 et
1169 2900 1365 2945 Margareta
1389 2901 1422 2933 in
1450 2899 1722 2941 contentionibus,
1754 2905 1841 2933 etc...
1868 2914 1898 2941 »‚
1917 2898 1970 2932 sed

332 2963 420 2997 debet
438 2963 521 3008 poni
543 2975 553 2998 .·
583 2976 600 2994 «
619 2961 660 2996 Se
694 2963 779 2995 scire
806 2967 867 3007 per
899 2960 1128 2994 revelationem
1157 2964 1349 2994 sanctarum
1374 2958 1571 2993 Katharinae
1598 2963 1627 2992 et
1656 2958 1859 3003 Μαι-ἐναντίω
1886 2956 1969 3004 quod

332 3023 521 3056 adversarii
545 3021 627 3056 dicti
639 3021 806 3073 principis
823 3020 1026 3067 expellentur
1043 3024 1073 3054 et
1091 3019 1175 3066 quod
1208 3019 1300 3053 Deus
1329 3018 1422 3053 dabit
1457 3019 1636 3053 victoriam
1654 3017 1739 3052 dicto
1763 3018 1915 3064 principi
1937 3019 1968 3050 et

334 3083 415 3123 suis,
436 3087 463 3114 el
490 3085 602 3114 sonim
622 3080 828 3114 adversarios
848 3091 930 3114 snos.
954 3094 970 3110 n

2080 797 2086 806 .
2075 768 2078 773 ·
2075 739 2085 750 ι
2069 616 2089 714 'fuson
2033 0 2099 605 ψιθυῆυωϋῖ-,νέκ-πΜ
