2099 3356
364 188 530 235 moces
563 202 618 233 DE
651 200 999 232 CONDAMNATION
1036 201 1092 229 DE
1123 201 1290 242 JEANNE
1323 185 1450 230 D'ARC
1676 187 1726 241 83

91 320 192 351 nam
219 315 368 348 utrum
389 302 460 346 illa
486 301 665 346 domina
686 301 850 346 veniret
877 315 1004 352 anne,
1041 311 1081 343 et
1111 298 1221 344 dicta
1249 298 1483 343 Katharina
1507 297 1732 354 responde-

92 387 160 433 bat
189 403 197 430 ε
225 403 244 427 «
276 387 336 432 Ita
361 386 521 430 statim.
549 399 569 422 n

153 470 480 527 Consequenter
500 467 649 514 eadem
673 466 870 524 Johanna
892 467 1148 524 interrogata
1171 465 1276 523 quid
1303 464 1509 522 ipsa-fecit
1537 466 1579 509 in
1610 464 1737 510 fossa-

91 556 143 598 tis
167 553 279 597 villae
303 551 354 597 de
383 553 571 598 Caritate
601 560 608 577 ¹
637 568 645 595 :
677 549 897 609 respondit
918 548 1036 608 quod
1059 551 1147 608 ipsa
1177 549 1276 593 fecit
1302 547 1464 593 ibidem
1486 548 1577 592 fieri
1604 547 1739 592 insul-

93 650 204 690 tum,
234 635 305 681 sed
334 651 424 680 non
452 635 509 679 ibi
540 636 718 693 projecit
742 650 819 679 nec
859 634 1007 692 projici
1034 632 1132 679 fecit
1163 649 1317 690 aquam
1353 631 1636 685 benedictam,
1667 646 1740 689 per

95 719 278 767 modum
299 720 570 779 aspersionis.

154 805 418 861 Interrogata
462 818 537 848 cur
578 804 665 861 ipsa
696 817 783 847 non
818 802 994 845 intravit
1015 799 1262 858 praedictam
1289 800 1436 844 villam
1463 798 1513 844 de
1538 799 1739 852 Caritate,

95 900 324 947 postquam
348 886 528 932 habebat
556 899 818 944 praeceptum
840 901 863 930 a
884 885 976 930 Deo
1002 902 1009 928 :
1041 884 1264 942 respondit
1285 901 1292 928 :
1311 903 1331 926 <‹
1359 884 1472 936 Quis
1495 882 1616 927 vobis
1637 881 1742 926 dixit

95 969 214 1031 quod
241 969 452 1015 habebam
481 982 740 1028 praeceptum
771 985 793 1013 a
819 969 950 1014 Deo?
979 983 999 1006 ³>

156 1055 418 1111 Interrogata
445 1070 497 1097 an
546 1053 740 1098 habuerit
773 1052 1003 1098 consilium
1032 1068 1054 1096 a
1087 1067 1190 1097 voce
1221 1067 1296 1096 sua
1322 1068 1330 1095 :
1379 1049 1600 1107 respondit
1626 1047 1744 1108 quod

98 1140 185 1196 ipsa
213 1138 382 1184 volebat
403 1139 549 1182 venire
578 1139 623 1182 in
653 1138 899 1190 Franciam3
926 1135 999 1181 sed
1023 1136 1224 1180 homines
1247 1151 1469 1180 armorum
1486 1133 1687 1179 dixerunt
1705 1134 1744 1175 ei

99 1217 216 1278 quod
245 1219 400 1264 melius
421 1231 507 1263 erat
529 1219 587 1262 ire
609 1219 750 1276 primo
777 1230 874 1262 ante
901 1217 1049 1262 villani
1073 1216 1125 1262 de
1159 1217 1362 1261 Caritate.

158 1304 422 1360 Interrogata
446 1319 498 1347 an
527 1304 615 1360 ipsa
633 1301 716 1346 fuit
737 1301 811 1346 diu
834 1303 877 1345 in
906 1302 1011 1347 turri
1032 1300 1084 1345 de
1105 1302 1342 1346 Beanrevoir
1357 1317 1364 1343 :
1382 1297 1602 1357 respondit
1629 1296 1747 1356 quod

99 1388 189 1446 ipsa
215 1386 296 1431 fuit
323 1402 396 1444 per
422 1399 610 1445 quatuor
637 1402 822 1440 menses,
865 1385 931 1430 vel
970 1386 1147 1430 circiter.
1181 1385 1231 1429 Et
1263 1383 1370 1428 dixit
1400 1381 1536 1441 quod,
1575 1381 1749 1440 quando

100 1471 223 1515 scivit
247 1470 452 1528 Anglicos
473 1471 619 1514 Venire
647 1469 697 1514 ad
720 1471 856 1527 ipsam
890 1485 967 1529 pro
990 1467 1188 1513 habendo
1212 1484 1324 1522 eam,
1347 1468 1436 1524 ipsa
1460 1465 1539 1510 fuit
1559 1465 1750 1511 multum

102 1555 229 1610 irata3
252 1567 294 1598 et
321 1567 467 1600 tamen
489 1570 614 1599 voces
635 1570 745 1612 saepe
763 1552 1079 1611 prohibuerunt
1104 1553 1141 1597 ei
1164 1568 1216 1595 ne
1241 1551 1409 1596 saltaret
1420 1549 1472 1595 de
1488 1550 1557 1594 illa
1573 1550 1679 1594 turri
1710 1557 1750 1602 2;

103 1650 144 1682 et
165 1638 366 1692 finaliter,
396 1654 472 1696 pro
497 1639 656 1682 timore
695 1637 997 1695 Anglicorum,
1026 1638 1113 1694 ipsa
1147 1635 1316 1680 saltavit
1348 1648 1389 1678 et
1428 1632 1753 1678 commendavit

107 1853 191 1892 dast
212 1868 252 1892 se
270 1853 419 1892 vendra
440 1853 514 1891 elle
540 1854 667 1906 point.
703 1854 749 1891 Et
779 1851 921 1892 ladicte
956 1851 1171 1890 Katherine
1202 1850 1270 1903 luy
1300 1849 1535 1903 respondoit
1560 1863 1566 1887 :
1594 1864 1612 1883 (ι
1640 1847 1752 1894 Ouil,

109 1934 309 1964 tantost.»

163 1997 419 2049 Interroguee
435 1996 578 2050 qu'elle
600 1996 662 2034 fist
684 2010 750 2034 sur
775 1996 829 2034 les
851 1995 976 2034 fosses
1004 1994 1052 2033 de
1077 1994 1112 2033 la
1143 1994 1303 2034 Charite
1329 2008 1336 2031 :
1375 1993 1547 2046 respond
1570 1991 1714 2046 qu'elle
1732 2005 1758 2043 y

110 2068 172 2107 fist
192 2067 286 2107 faire
305 2082 388 2122 ung
424 2068 598 2117 assault3
632 2077 669 2107 et
702 2068 758 2106 dit
791 2066 936 2121 qu'elle
977 2066 1041 2119 n’y
1079 2075 1191 2119 gecta
1220 2080 1272 2104 ou
1308 2065 1372 2104 fist
1413 2074 1546 2118 gecter
1571 2077 1668 2103 eaue
1693 2077 1761 2116 par

111 2141 286 2179 maniere
311 2140 358 2181 de
382 2140 601 2193 aspersion.

167 2213 422 2265 Interroguee
448 2225 551 2264 pour
587 2225 696 2265 quoy
718 2210 792 2249 elle
820 2209 886 2263 n’y
929 2219 1054 2257 entra,
1091 2208 1329 2262 puisqu'elle
1358 2208 1467 2247 avoit
1502 2207 1760 2246 commande-

113 2293 222 2322 ment
243 2284 290 2322 de
311 2284 412 2322 Dieu
439 2298 445 2321 :
468 2283 641 2336 respond
666 2297 710 2320 :u
735 2282 819 2328 Qui
838 2295 937 2322 vous
951 2295 972 2320 a
993 2282 1049 2320 dit
1064 2294 1140 2335 que
1164 2282 1198 2333 je
1214 2281 1329 2319 avoie
1342 2279 1696 2319 commandement
1714 2279 1761 2318 de

113 2369 138 2408 y
152 2365 282 2394 entrer
301 2357 316 2393 ?
335 2371 353 2391 »

171 2428 427 2480 Interroguee
449 2426 553 2465 s’elle
573 2440 621 2465 en
642 2426 729 2466 oult
755 2427 870 2479 point
895 2426 941 2464 de
964 2424 1115 2464 conseil
1141 2425 1188 2463 de
1210 2438 1250 2462 sa
1274 2425 1366 2462 voix
1395 2437 1402 2461 :
1427 2423 1599 2476 respond
1619 2420 1762 2475 qu’elle

116 2499 197 2537 s’en
221 2499 379 2538 vouloit
395 2500 508 2538 venir
533 2512 580 2537 en
601 2500 773 2546 France3
801 2498 899 2536 mais
916 2497 970 2536 les
991 2510 1089 2550 gens
1112 2496 1281 2534 d‘armes
1302 2495 1370 2548 luy
1395 2495 1543 2534 disrent
1562 2508 1638 2547 que
1669 2493 1765 2532 c'es-

117 2570 191 2608 toit
208 2569 244 2610 le
264 2570 410 2609 mieulx
433 2569 553 2609 d'aler
578 2570 720 2608 devant
742 2568 777 2607 la
799 2568 957 2607 Charite
983 2568 1305 2620 premierement.

174 2642 431 2694 Interroguee
454 2640 561 2679 s'elle
580 2640 639 2679 fut
663 2640 927 2693 longuement
946 2652 994 2677 en
1007 2638 1105 2677 celle
1127 2647 1217 2676 tour
1236 2637 1284 2676 de
1304 2637 1542 2676 Beaurevoir
1562 2650 1568 2674 :
1592 2636 1764 2688 respond

119 2711 263 2765 qu'elle
293 2727 318 2765 y
350 2712 409 2751 fut
432 2722 569 2766 quatre
607 2712 709 2750 mois
731 2712 898 2750 environ
918 2726 926 2759 3
954 2720 992 2749 et
1016 2710 1108 2757 dist,
1132 2719 1255 2762 quant
1289 2708 1364 2747 elle
1386 2718 1497 2747 sceut
1521 2707 1577 2746 les
1597 2707 1766 2760 Anglois

120 2784 246 2831 venir,
279 2783 355 2822 elle
376 2783 436 2823 fut
463 2783 593 2823 moult
613 2784 857 2822 courroucee
877 2797 885 2826 ;
919 2791 956 2821 et
977 2781 1223 2822 toutesvoies
1248 2794 1308 2819 ses
1329 2781 1422 2819 voix
1443 2779 1499 2818 lui
1521 2778 1769 2820 defendirent

123 2854 319 2908 plusieurs
355 2855 430 2895 fois
469 2855 615 2909 qu’elle
639 2868 688 2894 ne
720 2854 882 2901 saillist3
919 2863 957 2892 et
977 2852 1100 2901 enfin,
1128 2866 1231 2905 pour
1254 2852 1289 2890 la
1311 2851 1459 2891 doubte
1490 2851 1557 2890 des
1580 2849 1766 2903 Anglois‚

178 3051 206 3075 1.
232 3040 326 3076 ABG
342 3053 386 3077 eu
403 3052 547 3088 marge:
575 3040 628 3074 De
649 3041 821 3075 invasione
847 3038 1026 3074 Caritatis.
1048 3059 1092 3063 -—
1124 3048 1157 3074 2.
1186 3037 1254 3073 :IC
1270 3049 1314 3072 en
1343 3048 1462 3084 marge
1496 3048 1502 3071 :
1535 3036 1587 3071 De
1615 3041 1706 3071 turre
1736 3036 1772 3069 dc

137 3099 346 3133 anuuvoh:
1727 3092 1737 3102 .
