2099 3356
395 181 554 226 Pxocizs
588 196 644 225 DE
676 195 1033 226 coNDAMNATmN
1064 197 1119 226 DE
1151 197 1317 239 JEANNE
1350 183 1478 227 D’ARc
1679 187 1755 241 183

111 311 221 356 saepe
241 311 338 340 suas
365 310 491 339 voces
517 310 680 340 secum.
719 295 910 340 Ulterius
946 294 1054 340 dixit
1084 295 1202 354 quod
1237 295 1374 341 dictus
1408 295 1620 341 Robertus
1649 312 1762 341 rece-

111 381 172 438 pit
194 381 487 437 juramentum
510 378 561 423 ab
588 379 689 437 ipsis
716 380 791 437 qui
813 394 907 422 eam
930 378 1148 439 duxerunt
1171 379 1289 438 quod
1312 378 1420 424 bene
1435 392 1476 424 et
1495 395 1639 424 secure
1666 396 1760 425 eam

96 453 342 517 >ducerent;
365 475 406 506 et
432 464 475 506 in
504 477 669 507 recessu
698 461 805 506 dixit
826 462 941 506 idem
969 462 1182 507 Robertus
1202 465 1280 521 ipsi
1303 462 1542 519 Johannae:
1572 463 1757 515 «Vade,

110 559 150 592 et
171 548 312 591 veniat
339 545 444 605 quid
473 545 574 590 inde
613 548 758 591 venire
790 548 960 605 poterit.
992 564 1011 587 »
1059 548 1180 591 Dixit
1217 549 1347 591 etiam
1382 547 1501 606 quod
1537 548 1761 606 oportebat

111 646 206 675 eam
227 643 393 674 mutare
419 629 616 675 habitum
643 646 773 674 suum
796 632 840 674 in
868 629 1061 674 habitum
1094 631 1281 686 virilem,
1312 630 1488 675 credens
1515 631 1633 690 quod
1658 648 1761 676 con-

111 714 258 759 silium
299 730 429 759 suum
456 723 465 740 ¹
515 715 558 758 in
590 713 671 758 hoc
696 713 803 758 bene
848 713 1002 758 dixerit
1049 713 1144 758 sibi.
1182 715 1302 759 Dixit
1329 716 1459 759 etiam
1482 714 1624 773 quod,
1663 717 1755 760 sine

112 796 445 856 impedimento,
470 799 557 856 ipsa
583 798 701 841 venit
740 813 877 855 usque
904 797 954 843 ad
987 813 1128 856 regem
1168 814 1314 852 suum,
1356 799 1425 842 cui
1452 800 1570 857 prius
1592 808 1606 825 ²
1642 800 1760 844 misit

111 881 286 934 litteras,
306 897 406 925 cum
434 880 576 925 adhuc
599 893 707 925 esset
731 888 742 913 ³
772 881 816 924 in
842 881 993 926 Sancta
1015 881 1249 926 Katliarina
1278 881 1329 926 de
1350 882 1522 927 Fz’erhois
1543 892 1575 926 4.

171 966 251 1009 Die
271 967 431 1018 martis,
459 979 597 1009 xxvn.
629 964 848 1019 februarii,
876 966 1136 1023 interrogata
1160 967 1193 1009 si
1229 982 1312 1010 vox
1341 968 1541 1024 praecepit
1573 968 1611 1010 ei
1642 967 1759 1026 quod

109 1055 304 1107 caperet5
338 1048 533 1093 habitum
562 1049 730 1093 virilem
760 1065 767 1092 :
793 1047 1015 1106 respondit
1048 1048 1167 1108 quod
1207 1049 1258 1094 de
1287 1049 1438 1094 habitu
1469 1066 1616 1108 parum
1649 1051 1755 1108 quid

108 1146 187 1187 est,
217 1146 258 1177 et
277 1131 330 1177 de
353 1133 511 1176 minori
530 1150 541 1186 3
560 1149 636 1177 nec
654 1133 765 1190 cepit
788 1132 986 1178 habiturn
1007 1149 1081 1191 per
1099 1133 1332 1178 consilium
1355 1133 1548 1179 hominis
1574 1134 1756 1190 mundi3

107 1232 184 1261 nec
204 1216 408 1262 eumdem
437 1216 633 1261 habitum
666 1218 793 1276 cepit,
820 1233 896 1261 nec
918 1216 1016 1262 fecit
1034 1216 1213 1276 aliquid,
1236 1219 1346 1275 quin
1376 1217 1456 1262 hoc
1475 1219 1529 1262 sit
1554 1233 1626 1276 per
1652 1235 1758 1277 prae-

107 1314 282 1359 ceptum
308 1301 491 1345 Domini
511 1302 645 1345 nostri
670 1313 711 1345 et
737 1301 1041 1359 Angelorum;
1086 1317 1163 1345 nec
1200 1317 1398 1360 unquam
1440 1304 1551 1361 cepit
1598 1302 1752 1360 hujus-

110 1384 229 1430 modi
258 1385 473 1439 habitum,
498 1401 570 1443 per
590 1384 912 1431 ordinationem
935 1385 1036 1430 dicti
1073 1385 1265 1431 Roberti.
1294 1374 1557 1444 Interrogata
1589 1388 1623 1430 si
1649 1386 1756 1431 bene

111 1469 255 1514 fecerit
280 1468 489 1528 capiendo
517 1468 772 1526 hujusmodi
803 1468 1000 1514 habitum
1026 1483 1033 1510 :
1073 1469 1296 1528 respondit
1325 1469 1445 1528 quod
1479 1486 1613 1514 omne
1650 1470 1758 1516 illud

109 1553 226 1612 quod
253 1553 352 1598 fecit
378 1569 449 1611 per
466 1566 728 1612 praeceptum
748 1554 931 1599 Domini
960 1555 1112 1608 nostri,
1135 1555 1224 1612 ipsa
1244 1554 1376 1598 credit
1397 1570 1441 1598 se
1469 1553 1576 1599 bene
1591 1554 1756 1609 fecisse,

107 1650 148 1682 et
180 1637 281 1682 inde
317 1650 529 1696 exspectat
572 1637 740 1683 bonum
767 1639 1184 1696 garantizamentum
1209 1650 1251 1683 et
1285 1637 1452 1683 bonum
1483 1654 1753 1684 succursum.

108 1723 229 1767 Dixit
254 1723 382 1766 etiam
418 1721 537 1781 quod
570 1720 750 1767 habebat
791 1739 932 1766 unum
975 1738 1122 1767 ensem
1147 1738 1279 1782 quem
1304 1735 1470 1781 ceperat
1495 1722 1609 1781 apud
1645 1725 1758 1768 Vau-

104 1796 264 1850 coulour
285 1807 316 1850 ⁶.

163 1891 246 1935 Die
280 1905 357 1934 xii.
389 1891 546 1941 martii,
576 1891 837 1947 interrogata
863 1891 897 1934 si
924 1889 976 1935 ad
1010 1902 1253 1948 requestam
1280 1890 1383 1935 dicti
1425 1889 1601 1936 Roberti
1641 1908 1756 1936 acce-

105 1987 220 2033 perat
242 1974 492 2032 hujusmodi
510 1973 726 2028 habitum,
748 1988 789 2018 et
806 1987 957 2019 utrum
980 1991 1063 2019 vox
1075 1975 1114 2019 ei
1135 1987 1390 2034 praeceperat
1412 1974 1463 2019 de
1489 1975 1680 2020 Roberto
1706 1984 1720 2010 7
1747 1990 1755 2017 ;

104 2057 326 2117 respondit
354 2071 400 2102 ut
420 2074 559 2117 supra.
589 2059 654 2103 De
682 2074 786 2102 voce
815 2058 1037 2117 respondit
1062 2058 1182 2118 quod
1204 2071 1347 2104 totum
1373 2058 1414 2103 id
1433 2058 1552 2118 quod
1579 2059 1677 2104 fecit
1704 2059 1755 2104 de

104 2141 238 2197 bono,
268 2144 357 2201 ipsa
378 2142 475 2188 fecit
505 2158 579 2201 per
610 2155 872 2202 praeceptum
910 2159 1093 2198 vocum3
1133 2156 1175 2187 et
1207 2142 1350 2202 quoad
1391 2142 1608 2198 habitum,
1653 2145 1754 2188 alias

104 2225 381 2285 respondebit
402 2227 433 2280 S,
456 2225 557 2285 quia
579 2243 695 2271 nunc
715 2243 803 2270 non
821 2238 884 2270 est
908 2225 959 2270 de
985 2227 1068 2271 hoc
1090 2225 1292 2281 advisata,
1305 2226 1377 2271 sed
1399 2225 1450 2270 de
1473 2226 1555 2271 hoc
1575 2228 1755 2272 crastina

106 2309 174 2354 die
193 2309 483 2368 respondebit.

165 2393 349 2448 Sabbati,
380 2393 546 2439 decima
566 2395 747 2453 septima
772 2396 931 2448 martii,
965 2396 1224 2452 interrogata
1256 2394 1382 2452 quale
1408 2396 1755 2453 garantizamen-

104 2491 195 2522 tum
226 2491 266 2522 et
290 2478 462 2536 qualem
486 2494 737 2522 succursum
764 2490 978 2537 exspectat
1007 2478 1162 2522 habere
1198 2494 1220 2521 a
1250 2478 1448 2522 Domino
1493 2490 1662 2532 nostro,
1700 2477 1752 2521 de

104 2561 184 2606 hoc
203 2561 321 2621 quod
349 2575 489 2621 portat
523 2561 720 2608 habitum
749 2563 856 2606 viri:
897 2561 1120 2620 respondit
1144 2561 1279 2621 quod,
1312 2574 1529 2620 quantum
1553 2560 1605 2606 ad
1634 2561 1750 2606 habi-

101 2657 196 2690 tum
219 2659 258 2690 et
285 2659 434 2690 caetera
455 2662 551 2705 quae
573 2645 690 2700 fecit,
735 2647 824 2704 ipsa
865 2644 963 2689 inde
990 2645 1132 2690 noluit
1181 2644 1334 2689 habere
1377 2645 1492 2689 aliud
1522 2646 1749 2704 praemium

105 2732 184 2773 nisi
211 2730 494 2774 salvationem
520 2731 678 2773 animae
701 2746 803 2773 suae.

165 2993 193 3016 1.
221 2982 252 3016 A
287 2994 296 3015 :
326 2993 422 3016 suum
460 2981 650 3016 consilium.
684 3001 724 3005 -
758 2991 790 3015 2.
814 2981 845 3015 A
877 2980 994 3026 ajoute
1023 2981 1107 3027 ipsa.
1129 3000 1176 3005 —
1210 2991 1239 3025 3.
1262 2980 1293 3014 A
1315 2992 1324 3014 .·
1348 2992 1410 3014 esse
1445 2981 1541 3025 (sic),
1574 2991 1671 3022 —4.
1695 2980 1750 3014 C:

107 3041 272 3087 Fierboys.
310 3062 351 3066 —
390 3051 419 3085 5.
443 3040 472 3075 C
501 3052 512 3075 .·
546 3042 715 3088 acciperet.
741 3061 787 3066 -
820 3040 854 3075 6.
877 3040 907 3075 C
937 3052 946 3074 .·
979 3040 1173 3075 Vaucoleur.
1195 3061 1241 3065 —
1272 3051 1304 3084 7.
1337 3040 1429 3074 AC:
1463 3045 1670 3087 praeceperut.
1701 3039 1752 3074 De

114 3101 258 3138 Roberto,
286 3100 450 3146 respondit
481 3104 518 3133 ut
544 3106 656 3146 supra.
687 3121 731 3125 —
760 3100 793 3134 8.
837 3100 913 3134 Bet
933 3110 951 3134 2
976 3112 984 3133 :
1012 3100 1188 3146 respondit.
