2099 3356
324 185 409 229 230
599 170 759 214 mocks
791 183 848 214 DE
880 181 1233 213 CONDAMNATION
1266 181 1322 212 DE
1353 183 1519 225 JEANNE
1551 170 1679 213 D'ARC

317 286 406 340 siis,
436 285 592 343 pluries
619 294 751 337 serta3
781 293 849 337 et,
880 281 1023 342 quoad
1050 282 1141 327 illas
1173 296 1271 342 quae
1299 281 1379 326 sibi
1405 288 1626 341 apparent,
1666 299 1756 328 non
1791 283 1966 329 tradidit

320 370 379 413 eis
401 368 518 413 unde
544 369 632 426 ipsa
656 366 920 411 recordetur*
943 391 1003 398 —-—
1033 367 1142 410 Item
1167 367 1426 423 interrogata
1438 378 1602 418 utrum,
1623 365 1800 425 quando
1828 381 1966 426 pone-—

321 452 390 496 bat
416 463 523 496 serta
546 453 589 494 in
615 450 684 494 illa
711 449 858 494 arbore
882 449 934 494 de
961 465 1044 509 qua
1070 448 1170 494 alias
1194 447 1359 493 dictum
1387 460 1464 502 est,
1491 449 1579 508 ipsa
1606 461 1786 509 poneret
1815 452 1859 495 in
1888 450 1966 496 ho-

321 550 471 579 norem
493 535 663 578 illarum
697 549 794 592 quae
815 533 894 577 sibi
917 533 1202 592 apparebant:
1227 532 1448 592 respondit
1478 532 1596 592 quod
1619 549 1724 578 non.
1750 559 1808 566 —-
1834 534 1964 588 Item,
2006 518 2008 521 Ι

321 635 367 663 ea
403 618 486 671 die,
540 620 795 674 interrogata
839 630 1005 671 utrum,
1053 615 1229 676 quando
1268 617 1434 661 Sanctae
1483 616 1714 662 veniebant
1753 617 1804 662 ad
1848 632 1962 672 earn,

320 702 496 746 faciebat
529 703 588 745 eis
614 702 896 745 reverentiam
920 699 1134 745 flectendo
1165 715 1306 758 genua
1327 712 1368 744 et
1396 700 1645 745 inclinando
1671 715 1714 745 se
1737 717 1747 745 ε
1790 716 1963 760 respon-

321 786 383 831 dit
419 785 536 844 quod
565 786 622 829 sic
639 803 650 840 3
682 796 722 828 et
742 796 955 844 quantum
975 784 1070 843 plus
1094 796 1272 843 poterat,
1299 783 1476 829 faciebat
1505 786 1565 828 eis
1598 786 1897 840 reverentiam,
1922 797 1963 830 et

323 870 430 914 bene
456 871 532 913 scit
552 867 670 927 quod
693 881 795 912 sunt
819 867 901 912 illae
930 883 1025 927 quae
1046 879 1147 913 sunt
1174 870 1218 912 in
1246 867 1454 927 paradiso.

381 954 427 997 L.
458 970 477 992 «
495 953 619 1005 Item,
644 951 894 1009 hujusmodi
911 953 1084 1010 spiritus
1101 951 1211 996 dicta
1227 951 1424 1009 Johanna
1443 952 1689 1011 frequenter
1707 964 1749 997 et
1769 952 1966 1012 quotidie

323 1039 509 1090 invocat,
536 1036 708 1080 eosdem
736 1036 965 1080 consulens
990 1035 1041 1079 de
1064 1035 1238 1093 agendis
1265 1037 1353 1080 suis
1375 1034 1714 1094 particularibus,
1737 1048 1892 1094 utputa
1914 1035 1967 1081 de

324 1119 632 1178 respondendis
656 1121 699 1164 in
725 1119 887 1177 judicio
910 1131 951 1164 et
979 1119 1083 1163 aliis
1116 1119 1249 1172 Quod
1282 1119 1452 1164 videtur
1484 1121 1696 1178 pertinere
1717 1119 1768 1164 ad
1790 1122 1969 1165 invoca-

329 1206 494 1248 tionem
519 1202 772 1248 daemonum
792 1215 832 1248 et
857 1204 1056 1261 pertinet.
1091 1219 1110 1243 »

385 1287 485 1332 *Ad
512 1287 627 1332 hunc
655 1296 663 1313 ¹
701 1287 947 1340 articulum,
974 1286 1041 1331 die
1069 1287 1285 1340 mercurii,
1308 1300 1459 1331 xxv111.
1482 1287 1639 1341 martii,
1676 1287 1928 1346 respondit²
1959 1304 1968 1332 :

327 1390 346 1413 «
379 1372 467 1429 Ego
503 1371 555 1415 de
587 1370 668 1415 hoc
701 1370 901 1429 respondi
931 1387 980 1424 »3
1010 1383 1049 1415 et
1083 1369 1200 1429 quod
1231 1370 1461 1430 appellabit
1492 1371 1583 1415 illas
1612 1386 1737 1416 voces
1763 1371 1814 1416 ad
1836 1387 1965 1416 suum

326 1456 553 1507 auxilium,
583 1453 793 1514 quamdiu
821 1457 952 1498 vivet.

386 1540 647 1595 Interrogata
669 1554 740 1597 per
757 1553 889 1597 quem
909 1538 1089 1582 modum
1113 1539 1199 1596 ipsa
1225 1553 1292 1582 eas
1312 1539 1492 1597 requirit
1516 1555 1523 1582 :
1551 1538 1771 1596 respondit
1793 1551 1800 1581 :
1833 1556 1851 1576 «
1881 1539 1969 1596 Ego

327 1623 513 1667 reclamo
531 1623 674 1666 Deum
697 1634 738 1666 et
759 1623 959 1666 Nostram
984 1622 1237 1676 Dominam,
1261 1621 1378 1681 quod
1401 1623 1478 1681 ipsi
1499 1623 1671 1667 mittant
1696 1623 1803 1666 mihi
1827 1624 1970 1666 consi-

328 1706 435 1750 lium
463 1719 503 1750 et
526 1705 916 1760 confortationem,
938 1717 978 1749 et
1004 1718 1148 1763 postea
1183 1706 1290 1749 mihi
1317 1706 1514 1750 mittunt.
1550 1721 1569 1744 ›)

386 1791 649 1846 Interrogata
668 1804 850 1848 perquae
866 1788 989 1833 verba
1008 1791 1095 1847 ipsa
1117 1791 1292 1848 requirit
1316 1806 1324 1833 τ
1351 1789 1570 1848 respondit
1586 1788 1703 1848 quod
1721 1791 1808 1848 ipsa
1830 1791 1971 1848 requi-

329 1875 381 1918 rit
406 1889 478 1931 per
500 1873 614 1917 hunc
641 1872 840 1927 modum,
869 1872 1008 1917 verbis
1035 1873 1195 1931 gallicis
1224 1885 1231 1916 t
1260 1892 1279 1915 «
1314 1874 1408 1918 Tres
1433 1874 1558 1917 doulx
1574 1875 1696 1928 Dieu,
1725 1890 1769 1918 en
1792 1873 1972 1917 l’onneur

328 1959 372 2002 de
394 1966 517 2001 vostre
536 1958 682 2001 saincte
703 1959 879 2015 passion,
901 1959 940 2014 je
965 1972 1060 2000 vous
1087 1959 1250 2016 requier,
1279 1973 1315 2001 se
1339 1972 1433 2001 vous
1458 1973 1516 2001 me
1535 1973 1659 2014 amez,
1688 1973 1761 2017 que
1788 1973 1884 2002 vous
1910 1973 1972 2001 me

331 2040 471 2097 revele(
493 2049 680 2084 comment
706 2049 716 2074 ³
751 2043 790 2098 je
805 2042 1092 2100 doyrespondre
1116 2043 1140 2085 ὰ
1156 2056 1212 2085 ces
1232 2057 1327 2099 gens
1342 2041 1509 2099 d’e'glise.
1535 2042 1579 2096 Je
1608 2057 1697 2101 scay
1719 2042 1820 2095 bien,
1845 2049 1971 2100 quant

386 2262 628 2315 *Respondz
676 2278 694 2299 ι(
717 2262 802 2311 J’en
827 2275 874 2314 ay
899 2262 1100 2315 respondu
1128 2280 1143 2297 »
1176 2276 1185 2309 ;
1216 2271 1252 2301 et
1271 2261 1326 2301 les
1356 2262 1553 2315 appellera
1588 2275 1636 2300 en
1659 2275 1730 2300 son
1765 2262 1851 2301 aide
1885 2271 1970 2302 tant

335 2333 479 2388 qu'elle
502 2335 626 2373 vivra.

388 2406 641 2458 Interroguee
666 2419 734 2458 par
756 2403 887 2458 quelle
900 2405 1075 2444 maniere
1090 2403 1233 2444 elleles
1249 2406 1442 2459 requiert:
1466 2404 1638 2457 respond
1658 2419 1664 2443 :
1696 2422 1712 2441 ‹<
1736 2406 1780 2454 Je
1803 2404 1970 2444 reclame

333 2477 476 2515 Nostre
493 2476 689 2528 Seigneur
703 2485 740 2515 et
763 2476 905 2515 Nostre
931 2476 1055 2515 Dame
1078 2475 1171 2529 qu'il
1202 2490 1263 2515 me
1296 2490 1449 2529 envoye
1466 2475 1617 2515 conseil
1640 2485 1677 2515 et
1699 2475 1858 2515 confort
1881 2492 1889 2525 ;
1931 2484 1969 2516 et

335 2548 423 2600 puis
446 2548 479 2586 le
505 2560 568 2586 me
587 2560 756 2600 envoye.
786 2563 804 2584 1>

391 2620 644 2671 interroguee
670 2633 737 2671 par
756 2618 903 2672 quelles
922 2619 1077 2672 paroles
1100 2618 1173 2658 elle
1196 2619 1367 2672 requiert
1389 2633 1395 2657 :
1433 2619 1606 2671 respond
1631 2618 1774 2672 qu’elle
1799 2620 1971 2672 requiert

338 2703 403 2742 par
440 2698 543 2728 ceste
572 2691 771 2728 maniere:
811 2706 828 2725 «
857 2690 940 2728 Tres
964 2689 1073 2738 doulz
1105 2690 1217 2737 Dieu,
1243 2704 1284 2728 en
1315 2690 1483 2728 l'omzeur
1505 2690 1547 2728 de
1581 2695 1698 2728 vostre
1723 2690 1857 2728 saincte
1882 2696 1968 2744 pas-

334 2760 427 2807 sion,
445 2761 480 2812 je
497 2774 583 2799 vous
613 2761 771 2814 requier,
800 2775 833 2799 se
865 2775 953 2800 vous
978 2775 1033 2800 me
1056 2761 1182 2809 crimes,
1205 2775 1272 2815 que
1296 2775 1384 2800 vous
1410 2775 1464 2800 me
1489 2760 1626 2809 re'velez
1647 2774 1713 2814 que
1736 2761 1773 2814 je
1795 2760 1862 2812 [loy
1898 2775 1969 2800 res-

331 2831 467 2885 pondre.
487 2832 509 2869 ὰ
523 2845 574 2870 ces
588 2845 674 2883 gens
688 2831 843 2885 d'e'glise.
858 2833 902 2881 Je
919 2846 998 2886 scay
1014 2831 1110 2882 bien,
1130 2837 1244 2886 quant
1269 2833 1291 2871 ὰ
1311 2832 1430 2880 rabit,
1455 2832 1485 2871 le
1501 2832 1813 2872 commandement
1835 2846 1971 2871 comme

390 3084 416 3108 1.
440 3074 470 3107 A
493 3086 502 3107 :
521 3073 843 3119 qm‘nqnagesimtmz.
865 3093 905 3099 -
922 3084 954 3108 2.
978 3074 1009 3108 A
1029 3074 1147 3120 ajoute
1162 3074 1320 3121 praedicta
1335 3073 1499 3119 johanna.
1522 3094 1569 3099 -
1589 3084 1619 3119 3.
1644 3073 1710 3108 AC
1724 3086 1734 3108 ,·
1765 3085 1895 3111 comme,
