2099 3356
349 178 428 223 108
623 176 780 222 Pnocizs
815 191 870 220 DE
902 191 1252 221 coNDAMNATmN
1286 192 1342 221 DE
1373 192 1537 234 JEANNE
1568 177 1697 222 D'ARc

341 290 565 330 facultatem
590 299 627 329 et
647 290 921 329 auctoritatem
951 290 1079 329 standi
1103 299 1139 329 et
1162 290 1420 343 comparendi
1446 291 1486 329 in
1511 290 1660 343 judicio
1680 299 1716 330 et
1738 299 1858 339 extra,
1885 304 1980 330 con-

342 371 399 401 tra
422 362 566 401 dictam
587 362 834 410 Johannam;
859 371 1007 415 partem
1031 375 1070 401 se
1091 361 1276 409 faciendi,
1304 361 1506 411 articulos,
1535 363 1835 415 interrogatoria
1859 372 1886 410 1,
1906 372 1981 418 tes-

343 443 416 482 tes,
451 433 614 480 litteras,
650 434 913 472 instrumenta
942 443 979 472 et
1013 433 1087 473 alia
1126 433 1410 487 probationum
1446 446 1590 487 genera
1623 433 1756 482 dandi,
1786 434 1980 483 tradendi,

343 504 660 552 administrandi,
697 505 944 557 producendi
981 515 1019 544 et
1039 505 1268 552 exhibendi,
1295 506 1501 559 ipsamque
1523 505 1748 554 Johannam
1773 506 1982 545 accusandi

345 587 382 617 et
406 577 682 625 denuntiandi,
717 577 930 615 examinari
953 586 991 615 et
1015 577 1247 629 interrogari
1269 576 1446 629 petendi,
1472 576 1643 616 faciendi
1669 586 1707 616 et
1739 578 1980 631 requirendi,

346 647 614 688 concludendi
639 648 678 686 in
706 660 837 695 causa,
862 657 899 686 et
917 657 1057 687 caetera
1081 649 1216 687 omnia
1239 658 1277 687 et
1301 648 1457 701 singula
1482 647 1668 696 faciendi,
1698 649 1980 701 promovendi,

346 720 601 773 procurandi,
630 719 793 773 gerendi
816 729 852 758 et
877 719 1085 758 exercendi
1110 733 1198 773 quae
1229 719 1276 758 ad
1302 718 1479 758 officium
1505 720 1764 772 promotoris‚
1790 733 1859 759 seu
1891 734 1980 773 pro-

344 792 551 840 curatoris,
579 791 625 830 de
657 793 739 843 jure
763 801 830 830 aut
853 791 1159 839 consuetudine,
1195 791 1391 842 pertinere
1422 791 1741 844 dignoscuntur.⁴
1764 792 1981 839 Quocirca,

346 862 535 902 omnibus
557 872 594 902 et
615 863 783 916 singulis
805 877 976 916 quorum
1001 863 1163 902 interest
1185 862 1421 901 mandamus
1441 872 1634 916 quatenus
1658 863 1789 902 eidem
1814 863 1982 903 domino

344 935 532 984 Johanni,
559 934 791 987 hujusmodi
813 934 991 974 officium
1023 935 1259 983 exercendo,
1283 944 1459 987 pareant,
1483 934 1671 974 obediant
1692 944 1729 974 et
1759 935 1982 982 intendant,

346 1006 499 1059 sibique
524 1006 718 1045 auxilium
756 1016 957 1059 praestent,
992 1006 1207 1045 consilium
1242 1007 1385 1059 pariter
1412 1015 1450 1045 et
1478 1007 1680 1059 juvamen.
1709 1007 1753 1044 In
1778 1007 1890 1060 cujus
1926 1007 1982 1045 rei

347 1079 639 1126 testimonium,
673 1078 849 1131 sigillum
882 1088 1062 1116 nostrum
1096 1078 1357 1131 praesentibus
1379 1078 1439 1116 his
1479 1077 1617 1117 litteris
1642 1078 1828 1117 duximus
1852 1092 1981 1132 appo-

349 1150 541 1189 nendum.
572 1151 717 1188 Datum
742 1159 778 1188 et
815 1159 945 1188 actum
973 1150 1231 1201 Rothomagi,
1255 1163 1359 1188 anno
1387 1150 1550 1188 Domini
1582 1149 1798 1189 millesimo
1830 1150 1981 1190 CCCC.

346 1221 565 1266 tricesimo,
589 1221 652 1260 die
675 1222 825 1269 martis,
852 1222 1004 1260 decima
1024 1222 1135 1260 tertia
1148 1222 1295 1261 mensis
1317 1222 1458 1261 martii.
1484 1239 1499 1256 »
1523 1222 1586 1261 Sic
1605 1222 1755 1275 signata
1774 1231 1811 1261 ²:
1833 1238 1849 1256 «
1876 1223 1986 1261 Bo1s-

345 1305 577 1332 GuutAUME
599 1300 625 1332 3.
654 1295 879 1334 MAxcnox.
904 1310 922 1330 »

343 1470 419 1495 TEM
441 1465 456 1488 4
504 1468 703 1500 SEQUITUR
732 1469 863 1495 TENOR
894 1468 1142 1495 LITTERARUM
1168 1468 1237 1494 PER
1268 1468 1372 1500 QUAS
1396 1468 1600 1495 PRAEFATUS
1629 1468 1814 1495 VICARIUS
1849 1468 1984 1500 INQUI-

400 1541 549 1568 SITORIS
580 1540 769 1567 DOMINUM
799 1540 1016 1576 JOHANNEM
1048 1539 1229 1574 MASSIEU,
1263 1540 1556 1576 PRESBYOERL'M,
1595 1539 1836 1567 CONSTITUIT
1870 1540 1983 1566 EXSE-

401 1613 586 1640 CL’TOREM
618 1612 966 1639 CONVOCATIONUM
999 1612 1046 1638 ET
1074 1611 1325 1638 CITATIONUM
1362 1611 1401 1638 IN
1434 1611 1547 1638 DICTA
1577 1611 1703 1639 CAUSA
1733 1611 1980 1638 FIENDARUM.

402 1767 421 1787 (ε
454 1750 659 1789 Universis
684 1759 898 1802 praesentes
920 1749 1066 1788 litteras
1093 1749 1343 1801 inspecturis,
1379 1747 1496 1787 frater
1524 1750 1735 1797 JOHANNES
1766 1749 1984 1797 MAoisTRI,

345 1822 495 1861 ordinis
522 1822 697 1859 Fratrum
734 1820 1058 1868 praedicatorum,
1085 1830 1164 1859 etc.
1192 1820 1276 1858 Nos
1298 1829 1371 1858 etc.
1398 1827 1426 1867 5,
1452 1819 1499 1858 de
1530 1819 1740 1872 probitate,
1774 1819 1980 1865 industria,

343 1894 655 1947 sufficientiaque
678 1903 713 1932 et
736 1893 950 1931 idoneitate
969 1905 1150 1945 personae
1175 1892 1331 1930 discreti
1363 1892 1451 1939 viri,
1478 1891 1631 1929 domini
1657 1891 1850 1939 johannis
1875 1891 1980 1929 Mas—

343 1966 434 2013 sien,
476 1966 711 2019 presbyteri,
755 1965 892 2003 decani
937 1964 1244 2004 Christianitatis
1283 1963 1634 2014 RothomagensiS‚
1671 1963 1708 2000 in
1754 1963 1983 2014 hujusmodi

348 2052 462 2079 causa
479 2037 756 2076 mandatorum
784 2035 934 2089 praefati
954 2035 1106 2074 domini
1126 2035 1303 2088 episcopi
1325 2034 1567 2073 exsecutoris
1583 2034 1788 2072 commissi
1808 2043 1844 2071 et
1859 2033 1984 2085 depu—

347 2110 429 2156 tati,
463 2109 620 2162 plenam
662 2109 700 2146 in
742 2109 918 2146 Domino
943 2107 1127 2146 fiduciam
1161 2115 1343 2159 gerentes
1375 2115 1411 2144 et
1448 2104 1578 2143 debite
1609 2104 1827 2152 informati,
1855 2105 1985 2157 ipsum

351 2181 560 2219 dominum
589 2180 814 2228 Johannem
846 2178 1028 2221 fecimus,
1061 2178 1358 2224 constituimus,
1386 2177 1623 2215 retinuimus
1648 2185 1685 2214 et
1713 2175 1986 2214 ordinavimus

351 2252 631 2291 mandatorum
653 2261 689 2289 et
710 2250 1065 2297 convocationum,
1086 2263 1104 2287 a
1127 2249 1242 2287 nobis
1271 2249 1309 2286 in
1336 2249 1418 2300 ipsa
1437 2248 1599 2286 materia
1624 2246 1859 2294 fiendarum,
1880 2260 1987 2285 exse-

351 2333 551 2367 cutorem;
585 2323 864 2374 licentiamque
890 2322 962 2359 sibi
982 2334 1099 2373 super
1134 2321 1210 2359 hoc
1233 2320 1503 2358 concessimus
1525 2328 1641 2371 atque
1673 2332 1740 2371 per
1773 2327 1988 2370 praesentes

353 2395 627 2434 concedimus.
655 2396 697 2432 In
723 2395 833 2442 cujus
853 2394 907 2431 rei
928 2393 1223 2434 testimonium,
1246 2390 1421 2443 sigillum
1445 2399 1623 2428 nostrum
1645 2389 1904 2442 praescntibus
1926 2389 1987 2427 his

352 2468 490 2506 litteris
509 2466 693 2505 duximus
713 2464 1012 2517 apponendum.
1037 2465 1180 2501 Datum
1206 2472 1243 2501 et
1265 2472 1393 2501 actum
1417 2461 1673 2513 Rotliomagi,
1694 2474 1799 2499 anno
1821 2461 1983 2499 Domini

355 2538 569 2576 millesimo
612 2537 762 2576 CCCC.
805 2536 1022 2582 tricesimo,
1046 2534 1109 2573 die
1138 2535 1287 2581 martis,
1316 2533 1469 2572 decima
1499 2533 1609 2571 tertia
1629 2532 1774 2571 mensis
1794 2533 1938 2570 martii.
1963 2548 1981 2567 »

358 2610 421 2648 Sic
446 2610 596 2662 signata
617 2610 632 2634 6
655 2624 663 2647 :
686 2626 702 2643 «
719 2609 1046 2646 BOISGUILLAFME
1066 2615 1094 2644 7.
1121 2607 1346 2644 MANCHON.
1378 2620 1396 2640 »

409 2801 439 2823 1.
464 2789 492 2822 B
512 2801 521 2822 .·
545 2790 759 2833 interrogata.
790 2807 833 2811 —-
863 2796 896 2820 2.
927 2786 958 2820 A
994 2798 1003 2819 .·
1035 2786 1176 2831 signate.
1209 2804 1252 2809 —
1278 2794 1307 2828 3.
1335 2783 1365 2818 C
1389 2796 1398 2816 .·
1420 2782 1693 2828 Boscguilluume.
1719 2803 1765 2806 —
1784 2792 1818 2824 4.
1841 2782 1872 2815 Α
1905 2793 1914 2814 .·
1945 2792 1989 2816 en

357 2860 475 2894 marge
499 2860 505 2881 :
536 2847 643 2881 Tenor
669 2847 859 2880 litterarum
889 2845 926 2878 de
957 2845 1166 2878 institutione
1190 2844 1384 2877 exsecutoris
1409 2842 1651 2876 convocationis
1665 2854 1676 2881 ,·
1710 2841 1738 2874 B
1769 2852 1812 2875 en
1841 2852 1986 2886 marge:

361 2907 467 2940 Tenui·
506 2906 695 2939 litterarum
729 2905 955 2938 institutionis
991 2903 1185 2936 exsecutoris
1219 2903 1509 2937 convocationum:
1543 2899 1573 2934 C
1607 2911 1651 2934 en
1688 2910 1807 2945 marge
1842 2911 1848 2933 ε
1885 2899 1992 2933 Tenor

359 2966 549 2999 litterarum
575 2964 610 2997 de
643 2964 854 2997 institutione
884 2963 1078 2996 tux-secutoris
1112 2962 1391 2995 convocationum.
1418 2979 1465 2984 —
1499 2968 1528 3002 5.
1551 2959 1599 2993 Le
1625 2967 1714 2993 reste
1743 2969 1885 2992 comme
1904 2958 1999 2992 dans

358 3025 455 3059 l'acte
479 3024 678 3070 precedent,
703 3022 783 3056 sauf
801 3023 862 3056 des
880 3023 1051 3056 variantes
1072 3021 1115 3054 de
1137 3020 1313 3054 redaction
1343 3018 1609 3064 insignifiantes.
1634 3038 1676 3042 —
1701 3017 1734 3050 6.
1760 3017 1791 3050 A
1816 3029 1826 3050 .·
1848 3018 1987 3062 signate.

359 3105 405 3109 —
427 3094 457 3128 7.
479 3083 508 3117 C
533 3095 543 3117 .·
569 3082 826 3127 Bosguillaume.
