<?xml version="1.0" encoding="UTF-8"?>
<!DOCTYPE html PUBLIC "-//W3C//DTD XHTML 1.0 Transitional//EN"
    "http://www.w3.org/TR/xhtml1/DTD/xhtml1-transitional.dtd">
<html xmlns="http://www.w3.org/1999/xhtml" xml:lang="en" lang="en">
 <head>
  <title>
</title>
<meta http-equiv="Content-Type" content="text/html;charset=utf-8" />
  <meta name='ocr-system' content='tesseract 3.04.00' />
  <meta name='ocr-capabilities' content='ocr_page ocr_carea ocr_par ocr_line ocrx_word'/>
</head>
<body>
  <div class='ocr_page' id='page_1' title='image "./procsdecondamn01cham/procsdecondamn01cham_0235.png"; bbox 0 0 2099 3356; ppageno 0'>
   <div class='ocr_carea' id='block_1_1' title="bbox 388 210 1740 267">
    <p class='ocr_par' dir='ltr' id='par_1_1' title="bbox 388 210 1740 267">
     <span class='ocr_line' id='line_1_1' title="bbox 388 210 1740 267; baseline 0 -12"><span class='ocrx_word' id='word_1_1' title='bbox 388 210 546 255; x_wconf 66' lang='lat' dir='ltr'>PRocizs</span> <span class='ocrx_word' id='word_1_2' title='bbox 577 225 632 253; x_wconf 86' lang='lat' dir='ltr'>DE</span> <span class='ocrx_word' id='word_1_3' title='bbox 665 224 1019 255; x_wconf 77' lang='lat' dir='ltr'>CONDAMNATION</span> <span class='ocrx_word' id='word_1_4' title='bbox 1056 226 1111 254; x_wconf 87' lang='lat' dir='ltr'>DE</span> <span class='ocrx_word' id='word_1_5' title='bbox 1142 226 1309 267; x_wconf 78' lang='lat' dir='ltr'>JEANNE</span> <span class='ocrx_word' id='word_1_6' title='bbox 1344 212 1471 255; x_wconf 74' lang='lat' dir='ltr'>D&#39;ARC</span> <span class='ocrx_word' id='word_1_7' title='bbox 1665 214 1740 267; x_wconf 78' lang='lat'>185</span> 
     </span>
    </p>
   </div>
   <div class='ocr_carea' id='block_1_2' title="bbox 99 323 1750 1638">
    <p class='ocr_par' dir='ltr' id='par_1_2' title="bbox 99 323 1750 883">
     <span class='ocr_line' id='line_1_2' title="bbox 101 323 1747 383; baseline 0 -16"><span class='ocrx_word' id='word_1_8' title='bbox 101 324 292 368; x_wconf 90' lang='lat' dir='ltr'>licitum:</span> <span class='ocrx_word' id='word_1_9' title='bbox 318 323 540 382; x_wconf 86' lang='lat' dir='ltr'>respondit</span> <span class='ocrx_word' id='word_1_10' title='bbox 563 323 679 382; x_wconf 93' lang='lat' dir='ltr'>quod</span> <span class='ocrx_word' id='word_1_11' title='bbox 707 339 840 367; x_wconf 92' lang='lat' dir='ltr'>omne</span> <span class='ocrx_word' id='word_1_12' title='bbox 870 323 909 367; x_wconf 88' lang='lat' dir='ltr'>id</span> <span class='ocrx_word' id='word_1_13' title='bbox 931 323 1050 383; x_wconf 91' lang='lat' dir='ltr'>quod</span> <span class='ocrx_word' id='word_1_14' title='bbox 1073 326 1161 382; x_wconf 87' lang='lat' dir='ltr'>ipsa</span> <span class='ocrx_word' id='word_1_15' title='bbox 1191 324 1305 377; x_wconf 88' lang='lat' dir='ltr'>fecit,</span> <span class='ocrx_word' id='word_1_16' title='bbox 1337 325 1418 369; x_wconf 94' lang='lat' dir='ltr'>hoc</span> <span class='ocrx_word' id='word_1_17' title='bbox 1446 337 1507 369; x_wconf 88' lang='lat' dir='ltr'>est</span> <span class='ocrx_word' id='word_1_18' title='bbox 1537 340 1610 382; x_wconf 87' lang='lat' dir='ltr'>per</span> <span class='ocrx_word' id='word_1_19' title='bbox 1636 341 1747 383; x_wconf 69' lang='lat' dir='ltr'>prae—</span> 
     </span>
     <span class='ocr_line' id='line_1_3' title="bbox 99 407 1746 467; baseline -0.001 -15"><span class='ocrx_word' id='word_1_20' title='bbox 99 420 273 466; x_wconf 83' lang='lat' dir='ltr'><strong>ceptum</strong></span> <span class='ocrx_word' id='word_1_21' title='bbox 310 408 493 452; x_wconf 89' lang='lat' dir='ltr'>Domini</span> <span class='ocrx_word' id='word_1_22' title='bbox 533 408 690 460; x_wconf 84' lang='lat' dir='ltr'>nostri3</span> <span class='ocrx_word' id='word_1_23' title='bbox 738 421 778 451; x_wconf 89' lang='lat' dir='ltr'>et</span> <span class='ocrx_word' id='word_1_24' title='bbox 823 409 857 451; x_wconf 88' lang='lat' dir='ltr'>si</span> <span class='ocrx_word' id='word_1_25' title='bbox 899 408 1035 451; x_wconf 77' lang='lat' dir='ltr'>alium</span> <span class='ocrx_word' id='word_1_26' title='bbox 1077 408 1272 452; x_wconf 84' lang='lat' dir='ltr'>habitum</span> <span class='ocrx_word' id='word_1_27' title='bbox 1317 409 1565 467; x_wconf 77' lang='lat' dir='ltr'>praeciperet</span> <span class='ocrx_word' id='word_1_28' title='bbox 1605 407 1746 451; x_wconf 90' lang='lat' dir='ltr'>eidem</span> 
     </span>
     <span class='ocr_line' id='line_1_4' title="bbox 100 490 1750 550; baseline -0.002 -15"><span class='ocrx_word' id='word_1_29' title='bbox 100 491 312 548; x_wconf 77' lang='lat' dir='ltr'>Johannae</span> <span class='ocrx_word' id='word_1_30' title='bbox 335 492 540 549; x_wconf 82' lang='lat' dir='ltr'>accipere,</span> <span class='ocrx_word' id='word_1_31' title='bbox 570 490 695 534; x_wconf 89' lang='lat' dir='ltr'>illum</span> <span class='ocrx_word' id='word_1_32' title='bbox 715 493 937 549; x_wconf 86' lang='lat' dir='ltr'>acciperet,</span> <span class='ocrx_word' id='word_1_33' title='bbox 968 508 1016 534; x_wconf 77' lang='lat' dir='ltr'>ex</span> <span class='ocrx_word' id='word_1_34' title='bbox 1046 507 1135 550; x_wconf 91' lang='lat' dir='ltr'>quo</span> <span class='ocrx_word' id='word_1_35' title='bbox 1164 491 1244 535; x_wconf 90' lang='lat' dir='ltr'>hoc</span> <span class='ocrx_word' id='word_1_36' title='bbox 1272 491 1426 535; x_wconf 81' lang='lat' dir='ltr'>faceret</span> <span class='ocrx_word' id='word_1_37' title='bbox 1453 507 1526 549; x_wconf 82' lang='lat' dir='ltr'>per</span> <span class='ocrx_word' id='word_1_38' title='bbox 1563 507 1750 549; x_wconf 81' lang='lat' dir='ltr'>praecep-</span> 
     </span>
     <span class='ocr_line' id='line_1_5' title="bbox 102 573 1747 632; baseline -0.001 -14"><span class='ocrx_word' id='word_1_39' title='bbox 102 588 195 618; x_wconf 91' lang='lat' dir='ltr'>tum</span> <span class='ocrx_word' id='word_1_40' title='bbox 221 575 314 618; x_wconf 88' lang='lat' dir='ltr'>Dei.</span> <span class='ocrx_word' id='word_1_41' title='bbox 342 600 392 606; x_wconf 87' lang='lat'>——</span> <span class='ocrx_word' id='word_1_42' title='bbox 417 575 679 631; x_wconf 81' lang='lat' dir='ltr'>Interrogata</span> <span class='ocrx_word' id='word_1_43' title='bbox 697 575 746 627; x_wconf 90' lang='lat' dir='ltr'>si,</span> <span class='ocrx_word' id='word_1_44' title='bbox 770 575 814 617; x_wconf 87' lang='lat' dir='ltr'>in</span> <span class='ocrx_word' id='word_1_45' title='bbox 840 575 923 617; x_wconf 89' lang='lat' dir='ltr'>isto</span> <span class='ocrx_word' id='word_1_46' title='bbox 947 590 1043 618; x_wconf 84' lang='lat' dir='ltr'>casu</span> <span class='ocrx_word' id='word_1_47' title='bbox 1067 574 1324 632; x_wconf 83' lang='lat' dir='ltr'>particulari,</span> <span class='ocrx_word' id='word_1_48' title='bbox 1349 573 1400 618; x_wconf 91' lang='lat' dir='ltr'>de</span> <span class='ocrx_word' id='word_1_49' title='bbox 1433 573 1580 618; x_wconf 84' lang='lat' dir='ltr'>habitu</span> <span class='ocrx_word' id='word_1_50' title='bbox 1620 574 1747 627; x_wconf 82' lang='lat' dir='ltr'>virili,</span> 
     </span>
     <span class='ocr_line' id='line_1_6' title="bbox 99 657 1746 716; baseline 0.001 -15"><span class='ocrx_word' id='word_1_51' title='bbox 99 659 185 716; x_wconf 88' lang='lat' dir='ltr'>ipsa</span> <span class='ocrx_word' id='word_1_52' title='bbox 209 657 341 701; x_wconf 86' lang='lat' dir='ltr'>credit</span> <span class='ocrx_word' id='word_1_53' title='bbox 357 674 401 701; x_wconf 90' lang='lat' dir='ltr'>se</span> <span class='ocrx_word' id='word_1_54' title='bbox 428 668 533 702; x_wconf 83' lang='lat' dir='ltr'>bene</span> <span class='ocrx_word' id='word_1_55' title='bbox 558 658 724 702; x_wconf 88' lang='lat' dir='ltr'>fecisse:</span> <span class='ocrx_word' id='word_1_56' title='bbox 755 657 982 715; x_wconf 78' lang='lat' dir='ltr'>respondit</span> <span class='ocrx_word' id='word_1_57' title='bbox 1011 657 1129 715; x_wconf 91' lang='lat' dir='ltr'>quod</span> <span class='ocrx_word' id='word_1_58' title='bbox 1157 659 1250 701; x_wconf 85' lang='lat' dir='ltr'>sine</span> <span class='ocrx_word' id='word_1_59' title='bbox 1287 671 1498 716; x_wconf 74' lang='lat' dir='ltr'>praecepto</span> <span class='ocrx_word' id='word_1_60' title='bbox 1536 659 1617 702; x_wconf 92' lang='lat' dir='ltr'>Dei</span> <span class='ocrx_word' id='word_1_61' title='bbox 1658 674 1746 702; x_wconf 89' lang='lat' dir='ltr'>non</span> 
     </span>
     <span class='ocr_line' id='line_1_7' title="bbox 101 736 1746 800; baseline 0 -15"><span class='ocrx_word' id='word_1_62' title='bbox 101 743 275 799; x_wconf 85' lang='lat' dir='ltr'>accepit,</span> <span class='ocrx_word' id='word_1_63' title='bbox 304 755 345 785; x_wconf 86' lang='lat' dir='ltr'>et</span> <span class='ocrx_word' id='word_1_64' title='bbox 365 741 484 799; x_wconf 85' lang='lat' dir='ltr'>quod</span> <span class='ocrx_word' id='word_1_65' title='bbox 507 741 615 785; x_wconf 85' lang='lat' dir='ltr'>nihil</span> <span class='ocrx_word' id='word_1_66' title='bbox 643 741 797 786; x_wconf 89' lang='lat' dir='ltr'>mundi</span> <span class='ocrx_word' id='word_1_67' title='bbox 824 741 922 785; x_wconf 89' lang='lat' dir='ltr'>fecit</span> <span class='ocrx_word' id='word_1_68' title='bbox 962 736 1014 784; x_wconf 85' lang='lat' dir='ltr'>in</span> <span class='ocrx_word' id='word_1_69' title='bbox 1042 741 1106 784; x_wconf 87' lang='lat' dir='ltr'>his</span> <span class='ocrx_word' id='word_1_70' title='bbox 1140 758 1236 800; x_wconf 68' lang='lat' dir='ltr'>quae</span> <span class='ocrx_word' id='word_1_71' title='bbox 1278 741 1392 796; x_wconf 87' lang='lat' dir='ltr'>fecit,</span> <span class='ocrx_word' id='word_1_72' title='bbox 1428 743 1532 799; x_wconf 84' lang='lat' dir='ltr'>quin</span> <span class='ocrx_word' id='word_1_73' title='bbox 1562 751 1571 767; x_wconf 83' lang='lat'>¹</span> <span class='ocrx_word' id='word_1_74' title='bbox 1607 744 1660 786; x_wconf 89' lang='lat' dir='ltr'>sit</span> <span class='ocrx_word' id='word_1_75' title='bbox 1695 759 1746 786; x_wconf 80' lang='lat' dir='ltr'>ex</span> 
     </span>
     <span class='ocr_line' id='line_1_8' title="bbox 103 826 438 883; baseline -0.003 -14"><span class='ocrx_word' id='word_1_76' title='bbox 103 838 313 883; x_wconf 64' lang='lat' dir='ltr'>praecepto</span> <span class='ocrx_word' id='word_1_77' title='bbox 342 826 438 869; x_wconf 91' lang='lat' dir='ltr'>Dei.</span> 
     </span>
    </p>

    <p class='ocr_par' dir='ltr' id='par_1_3' title="bbox 100 908 1750 1638">
     <span class='ocr_line' id='line_1_9' title="bbox 160 908 1745 968; baseline 0.001 -16"><span class='ocrx_word' id='word_1_78' title='bbox 160 908 329 952; x_wconf 86' lang='lat' dir='ltr'>Sabbati</span> <span class='ocrx_word' id='word_1_79' title='bbox 370 910 493 952; x_wconf 89' lang='lat' dir='ltr'>tertia</span> <span class='ocrx_word' id='word_1_80' title='bbox 530 910 670 952; x_wconf 88' lang='lat' dir='ltr'>martii</span> <span class='ocrx_word' id='word_1_81' title='bbox 696 917 727 961; x_wconf 75' lang='lat'>³,</span> <span class='ocrx_word' id='word_1_82' title='bbox 771 910 1031 966; x_wconf 82' lang='lat' dir='ltr'>interrogata</span> <span class='ocrx_word' id='word_1_83' title='bbox 1070 910 1119 962; x_wconf 86' lang='lat' dir='ltr'>si,</span> <span class='ocrx_word' id='word_1_84' title='bbox 1149 908 1326 966; x_wconf 86' lang='lat' dir='ltr'>quando</span> <span class='ocrx_word' id='word_1_85' title='bbox 1373 910 1491 952; x_wconf 88' lang='lat' dir='ltr'>venit</span> <span class='ocrx_word' id='word_1_86' title='bbox 1525 910 1666 968; x_wconf 89' lang='lat' dir='ltr'>primo</span> <span class='ocrx_word' id='word_1_87' title='bbox 1693 909 1745 953; x_wconf 83' lang='lat' dir='ltr'>ad</span> 
     </span>
     <span class='ocr_line' id='line_1_10' title="bbox 100 991 1749 1052; baseline 0 -16"><span class='ocrx_word' id='word_1_88' title='bbox 100 994 371 1052; x_wconf 66' lang='lat' dir='ltr'>praesentiam</span> <span class='ocrx_word' id='word_1_89' title='bbox 398 994 506 1051; x_wconf 85' lang='lat' dir='ltr'>regis</span> <span class='ocrx_word' id='word_1_90' title='bbox 533 994 616 1045; x_wconf 86' lang='lat' dir='ltr'>sui,</span> <span class='ocrx_word' id='word_1_91' title='bbox 647 994 735 1050; x_wconf 89' lang='lat' dir='ltr'>ipse</span> <span class='ocrx_word' id='word_1_92' title='bbox 761 994 883 1051; x_wconf 86' lang='lat' dir='ltr'>petiit</span> <span class='ocrx_word' id='word_1_93' title='bbox 906 991 957 1036; x_wconf 86' lang='lat' dir='ltr'>ab</span> <span class='ocrx_word' id='word_1_94' title='bbox 984 991 1132 1036; x_wconf 88' lang='lat' dir='ltr'>eadem</span> <span class='ocrx_word' id='word_1_95' title='bbox 1159 1005 1307 1036; x_wconf 89' lang='lat' dir='ltr'>utrum</span> <span class='ocrx_word' id='word_1_96' title='bbox 1332 991 1513 1036; x_wconf 86' lang='lat' dir='ltr'>habebat</span> <span class='ocrx_word' id='word_1_97' title='bbox 1543 1009 1615 1050; x_wconf 88' lang='lat' dir='ltr'>per</span> <span class='ocrx_word' id='word_1_98' title='bbox 1634 1009 1749 1036; x_wconf 78' lang='lat' dir='ltr'>reve-</span> 
     </span>
     <span class='ocr_line' id='line_1_11' title="bbox 102 1075 1748 1134; baseline 0 -14"><span class='ocrx_word' id='word_1_99' title='bbox 102 1077 308 1121; x_wconf 84' lang='lat' dir='ltr'>lationem</span> <span class='ocrx_word' id='word_1_100' title='bbox 337 1089 504 1120; x_wconf 83' lang='lat' dir='ltr'>mutare</span> <span class='ocrx_word' id='word_1_101' title='bbox 525 1076 722 1120; x_wconf 88' lang='lat' dir='ltr'>habitum</span> <span class='ocrx_word' id='word_1_102' title='bbox 759 1093 889 1120; x_wconf 89' lang='lat' dir='ltr'>suum</span> <span class='ocrx_word' id='word_1_103' title='bbox 916 1089 923 1117; x_wconf 86' lang='lat'><strong>:</strong></span> <span class='ocrx_word' id='word_1_104' title='bbox 956 1075 1204 1134; x_wconf 83' lang='lat' dir='ltr'>respondit:</span> <span class='ocrx_word' id='word_1_105' title='bbox 1251 1095 1270 1117; x_wconf 87' lang='lat'>«</span> <span class='ocrx_word' id='word_1_106' title='bbox 1302 1077 1391 1133; x_wconf 83' lang='lat' dir='ltr'>Ego</span> <span class='ocrx_word' id='word_1_107' title='bbox 1420 1076 1541 1120; x_wconf 89' lang='lat' dir='ltr'>vobis</span> <span class='ocrx_word' id='word_1_108' title='bbox 1577 1076 1628 1120; x_wconf 90' lang='lat' dir='ltr'>de</span> <span class='ocrx_word' id='word_1_109' title='bbox 1667 1076 1748 1120; x_wconf 90' lang='lat' dir='ltr'>hoc</span> 
     </span>
     <span class='ocr_line' id='line_1_12' title="bbox 101 1159 1749 1218; baseline 0 -14"><span class='ocrx_word' id='word_1_110' title='bbox 101 1160 200 1204; x_wconf 82' lang='lat' dir='ltr'>alias</span> <span class='ocrx_word' id='word_1_111' title='bbox 231 1168 241 1193; x_wconf 80' lang='lat'><em>3</em></span> <span class='ocrx_word' id='word_1_112' title='bbox 273 1160 474 1218; x_wconf 88' lang='lat' dir='ltr'>respondi</span> <span class='ocrx_word' id='word_1_113' title='bbox 506 1178 544 1211; x_wconf 83' lang='grc'>&gt;),</span> <span class='ocrx_word' id='word_1_114' title='bbox 583 1173 624 1204; x_wconf 90' lang='lat' dir='ltr'>et</span> <span class='ocrx_word' id='word_1_115' title='bbox 665 1175 685 1198; x_wconf 86' lang='lat'>«</span> <span class='ocrx_word' id='word_1_116' title='bbox 723 1173 870 1204; x_wconf 90' lang='lat' dir='ltr'>tamen</span> <span class='ocrx_word' id='word_1_117' title='bbox 911 1176 1000 1204; x_wconf 91' lang='lat' dir='ltr'>non</span> <span class='ocrx_word' id='word_1_118' title='bbox 1042 1159 1242 1204; x_wconf 88' lang='lat' dir='ltr'>recordor</span> <span class='ocrx_word' id='word_1_119' title='bbox 1276 1161 1310 1204; x_wconf 89' lang='lat' dir='ltr'>si</span> <span class='ocrx_word' id='word_1_120' title='bbox 1352 1160 1433 1204; x_wconf 88' lang='lat' dir='ltr'>hoc</span> <span class='ocrx_word' id='word_1_121' title='bbox 1472 1160 1600 1204; x_wconf 88' lang='lat' dir='ltr'>fuerit</span> <span class='ocrx_word' id='word_1_122' title='bbox 1633 1177 1655 1204; x_wconf 91' lang='lat' dir='ltr'>a</span> <span class='ocrx_word' id='word_1_123' title='bbox 1680 1177 1749 1204; x_wconf 93' lang='lat' dir='ltr'>me</span> 
     </span>
     <span class='ocr_line' id='line_1_13' title="bbox 102 1243 1746 1303; baseline -0.001 -14"><span class='ocrx_word' id='word_1_124' title='bbox 102 1245 285 1302; x_wconf 88' lang='lat' dir='ltr'>petitum</span> <span class='ocrx_word' id='word_1_125' title='bbox 312 1263 349 1288; x_wconf 86' lang='lat'>».</span> <span class='ocrx_word' id='word_1_126' title='bbox 374 1245 423 1288; x_wconf 89' lang='lat' dir='ltr'>Et</span> <span class='ocrx_word' id='word_1_127' title='bbox 449 1244 632 1289; x_wconf 88' lang='lat' dir='ltr'>ulterius</span> <span class='ocrx_word' id='word_1_128' title='bbox 647 1243 755 1288; x_wconf 78' lang='lat' dir='ltr'>dixit</span> <span class='ocrx_word' id='word_1_129' title='bbox 768 1243 886 1303; x_wconf 93' lang='lat' dir='ltr'>quod</span> <span class='ocrx_word' id='word_1_130' title='bbox 916 1244 996 1288; x_wconf 91' lang='lat' dir='ltr'>hoc</span> <span class='ocrx_word' id='word_1_131' title='bbox 1014 1246 1223 1302; x_wconf 89' lang='lat' dir='ltr'>scriptum</span> <span class='ocrx_word' id='word_1_132' title='bbox 1243 1258 1305 1289; x_wconf 90' lang='lat' dir='ltr'>est</span> <span class='ocrx_word' id='word_1_133' title='bbox 1324 1245 1519 1288; x_wconf 84' lang='lat' dir='ltr'>Pictavis.</span> <span class='ocrx_word' id='word_1_134' title='bbox 1545 1270 1602 1276; x_wconf 90' lang='lat'>—</span> <span class='ocrx_word' id='word_1_135' title='bbox 1621 1245 1746 1297; x_wconf 86' lang='lat' dir='ltr'>Item,</span> 
     </span>
     <span class='ocr_line' id='line_1_14' title="bbox 100 1327 1750 1387; baseline 0 -16"><span class='ocrx_word' id='word_1_136' title='bbox 100 1328 211 1372; x_wconf 89' lang='lat' dir='ltr'>dicta</span> <span class='ocrx_word' id='word_1_137' title='bbox 238 1328 306 1373; x_wconf 87' lang='lat' dir='ltr'>die</span> <span class='ocrx_word' id='word_1_138' title='bbox 323 1328 501 1382; x_wconf 85' lang='lat' dir='ltr'>sabbati,</span> <span class='ocrx_word' id='word_1_139' title='bbox 529 1330 652 1372; x_wconf 85' lang='lat' dir='ltr'>tertia</span> <span class='ocrx_word' id='word_1_140' title='bbox 680 1330 845 1381; x_wconf 86' lang='lat' dir='ltr'>martii,</span> <span class='ocrx_word' id='word_1_141' title='bbox 870 1330 1130 1387; x_wconf 85' lang='lat' dir='ltr'>interrogata</span> <span class='ocrx_word' id='word_1_142' title='bbox 1163 1330 1197 1372; x_wconf 87' lang='lat' dir='ltr'>si</span> <span class='ocrx_word' id='word_1_143' title='bbox 1231 1328 1373 1373; x_wconf 86' lang='lat' dir='ltr'>credat</span> <span class='ocrx_word' id='word_1_144' title='bbox 1397 1328 1515 1386; x_wconf 89' lang='lat' dir='ltr'>quod</span> <span class='ocrx_word' id='word_1_145' title='bbox 1543 1327 1750 1386; x_wconf 84' lang='lat' dir='ltr'>deliquis-</span> 
     </span>
     <span class='ocr_line' id='line_1_15' title="bbox 102 1411 1747 1471; baseline -0.001 -15"><span class='ocrx_word' id='word_1_146' title='bbox 102 1425 164 1456; x_wconf 89' lang='lat' dir='ltr'>set</span> <span class='ocrx_word' id='word_1_147' title='bbox 190 1425 264 1456; x_wconf 87' lang='lat' dir='ltr'>aut</span> <span class='ocrx_word' id='word_1_148' title='bbox 286 1412 448 1457; x_wconf 87' lang='lat' dir='ltr'>fecisset</span> <span class='ocrx_word' id='word_1_149' title='bbox 475 1425 697 1471; x_wconf 89' lang='lat' dir='ltr'>peccatum</span> <span class='ocrx_word' id='word_1_150' title='bbox 731 1412 928 1463; x_wconf 85' lang='lat' dir='ltr'>mortale,</span> <span class='ocrx_word' id='word_1_151' title='bbox 964 1411 1213 1470; x_wconf 87' lang='lat' dir='ltr'>accipiendo</span> <span class='ocrx_word' id='word_1_152' title='bbox 1233 1413 1430 1456; x_wconf 87' lang='lat' dir='ltr'>habitum</span> <span class='ocrx_word' id='word_1_153' title='bbox 1460 1411 1747 1456; x_wconf 87' lang='lat' dir='ltr'>muliebrem:</span> 
     </span>
     <span class='ocr_line' id='line_1_16' title="bbox 102 1494 1748 1554; baseline 0 -15"><span class='ocrx_word' id='word_1_154' title='bbox 102 1495 322 1554; x_wconf 87' lang='lat' dir='ltr'>respondit</span> <span class='ocrx_word' id='word_1_155' title='bbox 346 1495 464 1554; x_wconf 90' lang='lat' dir='ltr'>quod</span> <span class='ocrx_word' id='word_1_156' title='bbox 492 1496 646 1540; x_wconf 89' lang='lat' dir='ltr'>melius</span> <span class='ocrx_word' id='word_1_157' title='bbox 664 1495 761 1540; x_wconf 87' lang='lat' dir='ltr'>facit</span> <span class='ocrx_word' id='word_1_158' title='bbox 784 1495 836 1540; x_wconf 91' lang='lat' dir='ltr'>de</span> <span class='ocrx_word' id='word_1_159' title='bbox 860 1495 1105 1540; x_wconf 91' lang='lat' dir='ltr'>obediendo</span> <span class='ocrx_word' id='word_1_160' title='bbox 1126 1509 1168 1540; x_wconf 84' lang='lat' dir='ltr'>et</span> <span class='ocrx_word' id='word_1_161' title='bbox 1191 1494 1418 1540; x_wconf 84' lang='lat' dir='ltr'>serviendo</span> <span class='ocrx_word' id='word_1_162' title='bbox 1446 1497 1642 1540; x_wconf 88' lang='lat' dir='ltr'>Domino</span> <span class='ocrx_word' id='word_1_163' title='bbox 1669 1512 1748 1539; x_wconf 87' lang='lat' dir='ltr'>suo</span> 
     </span>
     <span class='ocr_line' id='line_1_17' title="bbox 101 1580 638 1638; baseline 0.002 -16"><span class='ocrx_word' id='word_1_164' title='bbox 101 1595 321 1638; x_wconf 90' lang='lat' dir='ltr'>supremo,</span> <span class='ocrx_word' id='word_1_165' title='bbox 350 1580 509 1623; x_wconf 87' lang='lat' dir='ltr'>scilicet</span> <span class='ocrx_word' id='word_1_166' title='bbox 526 1580 638 1624; x_wconf 89' lang='lat' dir='ltr'>Deo.</span> 
     </span>
    </p>
   </div>
   <div class='ocr_carea' id='block_1_3' title="bbox 100 1728 1756 2864">
    <p class='ocr_par' dir='ltr' id='par_1_4' title="bbox 100 1728 1748 2002">
     <span class='ocr_line' id='line_1_18' title="bbox 100 1728 1746 1783; baseline 0 -11"><span class='ocrx_word' id='word_1_167' title='bbox 100 1734 208 1773; x_wconf 86' lang='lat' dir='ltr'>habit</span> <span class='ocrx_word' id='word_1_168' title='bbox 227 1734 274 1773; x_wconf 90' lang='lat' dir='ltr'>de</span> <span class='ocrx_word' id='word_1_169' title='bbox 298 1734 462 1783; x_wconf 85' lang='lat' dir='ltr'>femme,</span> <span class='ocrx_word' id='word_1_170' title='bbox 488 1728 546 1773; x_wconf 74' lang='lat' dir='ltr'>est</span> <span class='ocrx_word' id='word_1_171' title='bbox 566 1735 688 1773; x_wconf 87' lang='lat' dir='ltr'>chose</span> <span class='ocrx_word' id='word_1_172' title='bbox 728 1734 1010 1773; x_wconf 82' lang='lat' dir='ltr'>abhominable</span> <span class='ocrx_word' id='word_1_173' title='bbox 1035 1734 1056 1772; x_wconf 74' lang='lat'>:1</span> <span class='ocrx_word' id='word_1_174' title='bbox 1078 1735 1197 1781; x_wconf 90' lang='lat' dir='ltr'>Dieu,</span> <span class='ocrx_word' id='word_1_175' title='bbox 1225 1748 1274 1773; x_wconf 88' lang='lat' dir='ltr'>en</span> <span class='ocrx_word' id='word_1_176' title='bbox 1299 1734 1543 1773; x_wconf 83' lang='lat' dir='ltr'>demandant</span> <span class='ocrx_word' id='word_1_177' title='bbox 1580 1734 1687 1773; x_wconf 88' lang='lat' dir='ltr'>s&#39;elle</span> <span class='ocrx_word' id='word_1_178' title='bbox 1726 1748 1746 1772; x_wconf 86' lang='lat' dir='ltr'>a</span> 
     </span>
     <span class='ocr_line' id='line_1_19' title="bbox 102 1805 1748 1859; baseline -0.001 -15"><span class='ocrx_word' id='word_1_179' title='bbox 102 1807 211 1859; x_wconf 85' lang='lat' dir='ltr'>prins</span> <span class='ocrx_word' id='word_1_180' title='bbox 252 1819 316 1844; x_wconf 87' lang='lat' dir='ltr'>ces</span> <span class='ocrx_word' id='word_1_181' title='bbox 356 1805 467 1845; x_wconf 89' lang='lat' dir='ltr'>habis</span> <span class='ocrx_word' id='word_1_182' title='bbox 492 1806 542 1845; x_wconf 90' lang='lat' dir='ltr'>du</span> <span class='ocrx_word' id='word_1_183' title='bbox 561 1806 916 1845; x_wconf 87' lang='lat' dir='ltr'>commandement</span> <span class='ocrx_word' id='word_1_184' title='bbox 947 1806 995 1844; x_wconf 87' lang='lat' dir='ltr'>de</span> <span class='ocrx_word' id='word_1_185' title='bbox 1013 1807 1115 1845; x_wconf 92' lang='lat' dir='ltr'>Dieu</span> <span class='ocrx_word' id='word_1_186' title='bbox 1138 1821 1145 1844; x_wconf 91' lang='lat'>:</span> <span class='ocrx_word' id='word_1_187' title='bbox 1170 1807 1372 1859; x_wconf 82' lang='lat' dir='ltr'>respond:</span> <span class='ocrx_word' id='word_1_188' title='bbox 1403 1822 1421 1841; x_wconf 87' lang='lat'>«</span> <span class='ocrx_word' id='word_1_189' title='bbox 1438 1807 1550 1844; x_wconf 89' lang='lat' dir='ltr'>Vous</span> <span class='ocrx_word' id='word_1_190' title='bbox 1572 1819 1621 1844; x_wconf 88' lang='lat' dir='ltr'>en</span> <span class='ocrx_word' id='word_1_191' title='bbox 1646 1815 1748 1844; x_wconf 87' lang='lat' dir='ltr'>estes</span> 
     </span>
     <span class='ocr_line' id='line_1_20' title="bbox 100 1877 1748 1931; baseline 0 -15"><span class='ocrx_word' id='word_1_192' title='bbox 100 1880 204 1917; x_wconf 82' lang='lat' dir='ltr'>asse&#39;s</span> <span class='ocrx_word' id='word_1_193' title='bbox 226 1878 472 1931; x_wconf 79' lang='lat' dir='ltr'>respondus3</span> <span class='ocrx_word' id='word_1_194' title='bbox 498 1888 593 1917; x_wconf 86' lang='lat' dir='ltr'>et-se</span> <span class='ocrx_word' id='word_1_195' title='bbox 614 1878 754 1917; x_wconf 79' lang='lat' dir='ltr'>voules</span> <span class='ocrx_word' id='word_1_196' title='bbox 770 1891 846 1931; x_wconf 86' lang='lat' dir='ltr'>que</span> <span class='ocrx_word' id='word_1_197' title='bbox 866 1891 966 1916; x_wconf 83' lang='lat' dir='ltr'>vous</span> <span class='ocrx_word' id='word_1_198' title='bbox 987 1877 1186 1931; x_wconf 87' lang='lat' dir='ltr'>responde</span> <span class='ocrx_word' id='word_1_199' title='bbox 1209 1877 1298 1931; x_wconf 90' lang='lat' dir='ltr'>plus</span> <span class='ocrx_word' id='word_1_200' title='bbox 1316 1887 1449 1925; x_wconf 84' lang='lat' dir='ltr'>avant,</span> <span class='ocrx_word' id='word_1_201' title='bbox 1472 1877 1629 1916; x_wconf 87' lang='lat' dir='ltr'>donnez</span> <span class='ocrx_word' id='word_1_202' title='bbox 1652 1891 1748 1931; x_wconf 89' lang='lat' dir='ltr'>moy</span> 
     </span>
     <span class='ocr_line' id='line_1_21' title="bbox 102 1950 928 2002; baseline 0 -14"><span class='ocrx_word' id='word_1_203' title='bbox 102 1950 291 1997; x_wconf 87' lang='lat' dir='ltr'>dilacion,</span> <span class='ocrx_word' id='word_1_204' title='bbox 319 1960 355 1988; x_wconf 84' lang='lat' dir='ltr'>et</span> <span class='ocrx_word' id='word_1_205' title='bbox 374 1951 408 2001; x_wconf 87' lang='lat' dir='ltr'>je</span> <span class='ocrx_word' id='word_1_206' title='bbox 426 1964 527 1988; x_wconf 82' lang='lat' dir='ltr'>vous</span> <span class='ocrx_word' id='word_1_207' title='bbox 552 1963 601 1988; x_wconf 91' lang='lat' dir='ltr'>en</span> <span class='ocrx_word' id='word_1_208' title='bbox 620 1950 880 2002; x_wconf 83' lang='lat' dir='ltr'>respondray.</span> <span class='ocrx_word' id='word_1_209' title='bbox 912 1967 928 1984; x_wconf 89' lang='lat'>»</span> 
     </span>
    </p>

    <p class='ocr_par' dir='ltr' id='par_1_5' title="bbox 101 2020 1752 2435">
     <span class='ocr_line' id='line_1_22' title="bbox 156 2020 1752 2074; baseline -0.001 -14"><span class='ocrx_word' id='word_1_210' title='bbox 156 2023 247 2060; x_wconf 81' lang='lat' dir='ltr'>Item</span> <span class='ocrx_word' id='word_1_211' title='bbox 269 2022 339 2070; x_wconf 85' lang='lat' dir='ltr'>dit,</span> <span class='ocrx_word' id='word_1_212' title='bbox 367 2023 479 2074; x_wconf 80' lang='lat' dir='ltr'>apres</span> <span class='ocrx_word' id='word_1_213' title='bbox 504 2035 548 2060; x_wconf 90' lang='lat' dir='ltr'>ce</span> <span class='ocrx_word' id='word_1_214' title='bbox 569 2021 715 2072; x_wconf 85' lang='lat' dir='ltr'>qu&#39;elle</span> <span class='ocrx_word' id='word_1_215' title='bbox 740 2021 798 2060; x_wconf 88' lang='lat' dir='ltr'>fut</span> <span class='ocrx_word' id='word_1_216' title='bbox 818 2022 1072 2074; x_wconf 77' lang='lat' dir='ltr'>iuterrogue&#39;e</span> <span class='ocrx_word' id='word_1_217' title='bbox 1094 2035 1133 2060; x_wconf 91' lang='lat' dir='ltr'>se</span> <span class='ocrx_word' id='word_1_218' title='bbox 1151 2021 1227 2060; x_wconf 89' lang='lat' dir='ltr'>elle</span> <span class='ocrx_word' id='word_1_219' title='bbox 1249 2020 1452 2060; x_wconf 89' lang='lat' dir='ltr'>vouldroit</span> <span class='ocrx_word' id='word_1_220' title='bbox 1482 2021 1650 2074; x_wconf 83' lang='lat' dir='ltr'>prandre</span> <span class='ocrx_word' id='word_1_221' title='bbox 1671 2020 1752 2060; x_wconf 80' lang='lat' dir='ltr'>abit</span> 
     </span>
     <span class='ocr_line' id='line_1_23' title="bbox 102 2093 1748 2147; baseline 0 -14"><span class='ocrx_word' id='word_1_222' title='bbox 102 2094 150 2133; x_wconf 91' lang='lat' dir='ltr'>de</span> <span class='ocrx_word' id='word_1_223' title='bbox 169 2093 317 2132; x_wconf 88' lang='lat' dir='ltr'>femme</span> <span class='ocrx_word' id='word_1_224' title='bbox 342 2107 444 2147; x_wconf 89' lang='lat' dir='ltr'>pour</span> <span class='ocrx_word' id='word_1_225' title='bbox 475 2107 518 2133; x_wconf 93' lang='lat' dir='ltr'>ce</span> <span class='ocrx_word' id='word_1_226' title='bbox 548 2093 692 2147; x_wconf 90' lang='lat' dir='ltr'>qu&#39;elle</span> <span class='ocrx_word' id='word_1_227' title='bbox 717 2104 832 2146; x_wconf 87' lang='lat' dir='ltr'>peust</span> <span class='ocrx_word' id='word_1_228' title='bbox 851 2094 1059 2146; x_wconf 74' lang='lat' dir='ltr'>recepvoir</span> <span class='ocrx_word' id='word_1_229' title='bbox 1090 2107 1162 2132; x_wconf 90' lang='lat' dir='ltr'>son</span> <span class='ocrx_word' id='word_1_230' title='bbox 1189 2093 1417 2132; x_wconf 72' lang='lat' dir='ltr'>Saulveura</span> <span class='ocrx_word' id='word_1_231' title='bbox 1442 2103 1546 2132; x_wconf 86' lang='lat' dir='ltr'>ceste</span> <span class='ocrx_word' id='word_1_232' title='bbox 1571 2095 1748 2146; x_wconf 85' lang='lat' dir='ltr'>Pasque:</span> 
     </span>
     <span class='ocr_line' id='line_1_24' title="bbox 101 2165 1750 2220; baseline -0.001 -15"><span class='ocrx_word' id='word_1_233' title='bbox 101 2166 274 2219; x_wconf 88' lang='lat' dir='ltr'>respond</span> <span class='ocrx_word' id='word_1_234' title='bbox 291 2166 435 2220; x_wconf 83' lang='lat' dir='ltr'>qu’elle</span> <span class='ocrx_word' id='word_1_235' title='bbox 458 2179 505 2204; x_wconf 90' lang='lat' dir='ltr'>ne</span> <span class='ocrx_word' id='word_1_236' title='bbox 529 2165 687 2204; x_wconf 88' lang='lat' dir='ltr'>laissera</span> <span class='ocrx_word' id='word_1_237' title='bbox 704 2166 819 2219; x_wconf 89' lang='lat' dir='ltr'>point</span> <span class='ocrx_word' id='word_1_238' title='bbox 839 2179 912 2204; x_wconf 90' lang='lat' dir='ltr'>son</span> <span class='ocrx_word' id='word_1_239' title='bbox 935 2165 1015 2204; x_wconf 84' lang='lat' dir='ltr'>abit</span> <span class='ocrx_word' id='word_1_240' title='bbox 1039 2179 1200 2213; x_wconf 83' lang='lat' dir='ltr'>encore,</span> <span class='ocrx_word' id='word_1_241' title='bbox 1223 2179 1325 2218; x_wconf 87' lang='lat' dir='ltr'>pour</span> <span class='ocrx_word' id='word_1_242' title='bbox 1343 2165 1516 2218; x_wconf 86' lang='lat' dir='ltr'>quelque</span> <span class='ocrx_word' id='word_1_243' title='bbox 1538 2166 1675 2213; x_wconf 88' lang='lat' dir='ltr'>chose,</span> <span class='ocrx_word' id='word_1_244' title='bbox 1700 2179 1750 2204; x_wconf 92' lang='lat' dir='ltr'>ne</span> 
     </span>
     <span class='ocr_line' id='line_1_25' title="bbox 101 2236 1747 2291; baseline 0.001 -15"><span class='ocrx_word' id='word_1_245' title='bbox 101 2252 204 2291; x_wconf 90' lang='lat' dir='ltr'>pour</span> <span class='ocrx_word' id='word_1_246' title='bbox 226 2239 447 2290; x_wconf 86' lang='lat' dir='ltr'>recepvoir,</span> <span class='ocrx_word' id='word_1_247' title='bbox 484 2252 532 2276; x_wconf 86' lang='lat' dir='ltr'>ne</span> <span class='ocrx_word' id='word_1_248' title='bbox 555 2251 656 2290; x_wconf 90' lang='lat' dir='ltr'>pour</span> <span class='ocrx_word' id='word_1_249' title='bbox 677 2246 787 2276; x_wconf 82' lang='lat' dir='ltr'>autre</span> <span class='ocrx_word' id='word_1_250' title='bbox 812 2238 989 2285; x_wconf 78' lang='lat' dir='ltr'>chose43</span> <span class='ocrx_word' id='word_1_251' title='bbox 1017 2247 1054 2276; x_wconf 87' lang='lat' dir='ltr'>et</span> <span class='ocrx_word' id='word_1_252' title='bbox 1078 2238 1135 2276; x_wconf 91' lang='lat' dir='ltr'>dit</span> <span class='ocrx_word' id='word_1_253' title='bbox 1173 2237 1318 2290; x_wconf 89' lang='lat' dir='ltr'>qu&#39;elle</span> <span class='ocrx_word' id='word_1_254' title='bbox 1353 2251 1401 2276; x_wconf 87' lang='lat' dir='ltr'>ne</span> <span class='ocrx_word' id='word_1_255' title='bbox 1439 2236 1509 2276; x_wconf 86' lang='lat' dir='ltr'>fait</span> <span class='ocrx_word' id='word_1_256' title='bbox 1548 2238 1663 2290; x_wconf 88' lang='lat' dir='ltr'>point</span> <span class='ocrx_word' id='word_1_257' title='bbox 1699 2238 1747 2277; x_wconf 91' lang='lat' dir='ltr'>de</span> 
     </span>
     <span class='ocr_line' id='line_1_26' title="bbox 102 2307 1745 2362; baseline 0 -14"><span class='ocrx_word' id='word_1_258' title='bbox 102 2308 317 2348; x_wconf 85' lang='lat' dir='ltr'>diffe&#39;rence</span> <span class='ocrx_word' id='word_1_259' title='bbox 339 2309 386 2348; x_wconf 86' lang='lat' dir='ltr'>de</span> <span class='ocrx_word' id='word_1_260' title='bbox 411 2309 490 2348; x_wconf 84' lang='lat' dir='ltr'>abit</span> <span class='ocrx_word' id='word_1_261' title='bbox 511 2308 686 2348; x_wconf 89' lang='lat' dir='ltr'>d’omme</span> <span class='ocrx_word' id='word_1_262' title='bbox 705 2323 759 2348; x_wconf 88' lang='lat' dir='ltr'>ou</span> <span class='ocrx_word' id='word_1_263' title='bbox 781 2309 829 2348; x_wconf 91' lang='lat' dir='ltr'>de</span> <span class='ocrx_word' id='word_1_264' title='bbox 850 2307 1014 2355; x_wconf 88' lang='lat' dir='ltr'>femme,</span> <span class='ocrx_word' id='word_1_265' title='bbox 1036 2322 1138 2361; x_wconf 88' lang='lat' dir='ltr'>pour</span> <span class='ocrx_word' id='word_1_266' title='bbox 1162 2309 1368 2362; x_wconf 85' lang='lat' dir='ltr'>recepvoir</span> <span class='ocrx_word' id='word_1_267' title='bbox 1386 2323 1460 2347; x_wconf 87' lang='lat' dir='ltr'>son</span> <span class='ocrx_word' id='word_1_268' title='bbox 1484 2309 1677 2357; x_wconf 80' lang='lat' dir='ltr'>Sauveur,</span> <span class='ocrx_word' id='word_1_269' title='bbox 1707 2319 1745 2348; x_wconf 87' lang='lat' dir='ltr'>et</span> 
     </span>
     <span class='ocr_line' id='line_1_27' title="bbox 103 2380 1180 2435; baseline -0.001 -16"><span class='ocrx_word' id='word_1_270' title='bbox 103 2395 179 2435; x_wconf 88' lang='lat' dir='ltr'>que</span> <span class='ocrx_word' id='word_1_271' title='bbox 201 2394 303 2433; x_wconf 84' lang='lat' dir='ltr'>pour</span> <span class='ocrx_word' id='word_1_272' title='bbox 321 2390 402 2419; x_wconf 89' lang='lat' dir='ltr'>cest</span> <span class='ocrx_word' id='word_1_273' title='bbox 423 2380 517 2428; x_wconf 83' lang='lat' dir='ltr'>abit,</span> <span class='ocrx_word' id='word_1_274' title='bbox 538 2394 591 2420; x_wconf 90' lang='lat' dir='ltr'>on</span> <span class='ocrx_word' id='word_1_275' title='bbox 613 2394 661 2419; x_wconf 88' lang='lat' dir='ltr'>ne</span> <span class='ocrx_word' id='word_1_276' title='bbox 682 2380 753 2434; x_wconf 86' lang='lat' dir='ltr'>luy</span> <span class='ocrx_word' id='word_1_277' title='bbox 772 2381 857 2419; x_wconf 86' lang='lat' dir='ltr'>doit</span> <span class='ocrx_word' id='word_1_278' title='bbox 884 2381 998 2433; x_wconf 67' lang='lat' dir='ltr'>point</span> <span class='ocrx_word' id='word_1_279' title='bbox 1020 2380 1180 2419; x_wconf 86' lang='lat' dir='ltr'>refuser.</span> 
     </span>
    </p>

    <p class='ocr_par' dir='ltr' id='par_1_6' title="bbox 103 2451 1751 2720">
     <span class='ocr_line' id='line_1_28' title="bbox 158 2451 1751 2506; baseline -0.001 -15"><span class='ocrx_word' id='word_1_280' title='bbox 158 2454 205 2491; x_wconf 89' lang='lat' dir='ltr'>Et</span> <span class='ocrx_word' id='word_1_281' title='bbox 230 2453 482 2505; x_wconf 79' lang='lat' dir='ltr'>interroguee</span> <span class='ocrx_word' id='word_1_282' title='bbox 503 2466 572 2505; x_wconf 87' lang='lat' dir='ltr'>par</span> <span class='ocrx_word' id='word_1_283' title='bbox 597 2466 679 2506; x_wconf 84' lang='lat' dir='ltr'>ung</span> <span class='ocrx_word' id='word_1_284' title='bbox 700 2452 768 2506; x_wconf 90' lang='lat' dir='ltr'>qui</span> <span class='ocrx_word' id='word_1_285' title='bbox 792 2452 948 2505; x_wconf 82' lang='lat' dir='ltr'>parloit,</span> <span class='ocrx_word' id='word_1_286' title='bbox 976 2452 1044 2504; x_wconf 90' lang='lat' dir='ltr'>luy</span> <span class='ocrx_word' id='word_1_287' title='bbox 1068 2452 1302 2491; x_wconf 84' lang='lat' dir='ltr'>demandoit</span> <span class='ocrx_word' id='word_1_288' title='bbox 1332 2452 1439 2491; x_wconf 89' lang='lat' dir='ltr'>s’elle</span> <span class='ocrx_word' id='word_1_289' title='bbox 1472 2451 1609 2491; x_wconf 86' lang='lat' dir='ltr'>l&#39;avoit</span> <span class='ocrx_word' id='word_1_290' title='bbox 1636 2453 1751 2505; x_wconf 85' lang='lat' dir='ltr'>point</span> 
     </span>
     <span class='ocr_line' id='line_1_29' title="bbox 104 2523 1750 2577; baseline 0.001 -15"><span class='ocrx_word' id='word_1_291' title='bbox 104 2538 172 2577; x_wconf 86' lang='lat' dir='ltr'>par</span> <span class='ocrx_word' id='word_1_292' title='bbox 196 2524 419 2562; x_wconf 67' lang='lat' dir='ltr'>revelacion</span> <span class='ocrx_word' id='word_1_293' title='bbox 453 2537 504 2562; x_wconf 89' lang='lat' dir='ltr'>ou</span> <span class='ocrx_word' id='word_1_294' title='bbox 539 2525 591 2562; x_wconf 90' lang='lat' dir='ltr'>du</span> <span class='ocrx_word' id='word_1_295' title='bbox 625 2524 994 2571; x_wconf 81' lang='lat' dir='ltr'>commandement,</span> <span class='ocrx_word' id='word_1_296' title='bbox 1022 2524 1068 2562; x_wconf 86' lang='lat' dir='ltr'>de</span> <span class='ocrx_word' id='word_1_297' title='bbox 1105 2534 1239 2576; x_wconf 86' lang='lat' dir='ltr'>porter</span> <span class='ocrx_word' id='word_1_298' title='bbox 1281 2534 1361 2562; x_wconf 89' lang='lat' dir='ltr'>cest</span> <span class='ocrx_word' id='word_1_299' title='bbox 1405 2523 1515 2562; x_wconf 86' lang='lat' dir='ltr'>habit</span> <span class='ocrx_word' id='word_1_300' title='bbox 1542 2538 1549 2561; x_wconf 91' lang='lat'>:</span> <span class='ocrx_word' id='word_1_301' title='bbox 1577 2524 1750 2576; x_wconf 82' lang='lat' dir='ltr'>respond</span> 
     </span>
     <span class='ocr_line' id='line_1_30' title="bbox 103 2595 1751 2649; baseline -0.001 -15"><span class='ocrx_word' id='word_1_302' title='bbox 103 2595 247 2649; x_wconf 83' lang='lat' dir='ltr'>qu’elle</span> <span class='ocrx_word' id='word_1_303' title='bbox 265 2609 313 2634; x_wconf 88' lang='lat' dir='ltr'>en</span> <span class='ocrx_word' id='word_1_304' title='bbox 337 2609 356 2634; x_wconf 88' lang='lat' dir='ltr'>a</span> <span class='ocrx_word' id='word_1_305' title='bbox 378 2596 580 2648; x_wconf 87' lang='lat' dir='ltr'>respondu</span> <span class='ocrx_word' id='word_1_306' title='bbox 601 2610 610 2643; x_wconf 92' lang='lat'>;</span> <span class='ocrx_word' id='word_1_307' title='bbox 634 2597 654 2634; x_wconf 75' lang='lat' dir='ltr'>a</span> <span class='ocrx_word' id='word_1_308' title='bbox 675 2609 784 2648; x_wconf 83' lang='lat' dir='ltr'>quoy</span> <span class='ocrx_word' id='word_1_309' title='bbox 806 2609 845 2634; x_wconf 90' lang='lat' dir='ltr'>se</span> <span class='ocrx_word' id='word_1_310' title='bbox 861 2605 1031 2648; x_wconf 84' lang='lat' dir='ltr'>raporte.</span> <span class='ocrx_word' id='word_1_311' title='bbox 1058 2596 1104 2633; x_wconf 80' lang='lat' dir='ltr'>Et</span> <span class='ocrx_word' id='word_1_312' title='bbox 1122 2597 1233 2648; x_wconf 78' lang='lat' dir='ltr'>apres</span> <span class='ocrx_word' id='word_1_313' title='bbox 1247 2595 1303 2634; x_wconf 88' lang='lat' dir='ltr'>dit</span> <span class='ocrx_word' id='word_1_314' title='bbox 1327 2609 1404 2648; x_wconf 89' lang='lat' dir='ltr'>que</span> <span class='ocrx_word' id='word_1_315' title='bbox 1426 2595 1573 2634; x_wconf 81' lang='lat' dir='ltr'>dedans</span> <span class='ocrx_word' id='word_1_316' title='bbox 1593 2596 1751 2634; x_wconf 88' lang='lat' dir='ltr'>demain</span> 
     </span>
     <span class='ocr_line' id='line_1_31' title="bbox 104 2667 702 2720; baseline 0 -14"><span class='ocrx_word' id='word_1_317' title='bbox 104 2667 178 2706; x_wconf 88' lang='lat' dir='ltr'>elle</span> <span class='ocrx_word' id='word_1_318' title='bbox 202 2681 251 2706; x_wconf 91' lang='lat' dir='ltr'>en</span> <span class='ocrx_word' id='word_1_319' title='bbox 273 2681 474 2720; x_wconf 81' lang='lat' dir='ltr'>envoyera</span> <span class='ocrx_word' id='word_1_320' title='bbox 494 2681 702 2720; x_wconf 88' lang='lat' dir='ltr'>responce.</span> 
     </span>
    </p>

    <p class='ocr_par' dir='ltr' id='par_1_7' title="bbox 104 2738 1756 2864">
     <span class='ocr_line' id='line_1_32' title="bbox 158 2738 1756 2793; baseline 0 -16"><span class='ocrx_word' id='word_1_321' title='bbox 158 2740 267 2787; x_wconf 83' lang='lat' dir='ltr'>Item,</span> <span class='ocrx_word' id='word_1_322' title='bbox 294 2739 351 2778; x_wconf 86' lang='lat' dir='ltr'>dit</span> <span class='ocrx_word' id='word_1_323' title='bbox 370 2739 514 2792; x_wconf 87' lang='lat' dir='ltr'>qu&#39;elle</span> <span class='ocrx_word' id='word_1_324' title='bbox 541 2740 636 2788; x_wconf 74' lang='lat' dir='ltr'>scait</span> <span class='ocrx_word' id='word_1_325' title='bbox 671 2738 762 2778; x_wconf 90' lang='lat' dir='ltr'>bien</span> <span class='ocrx_word' id='word_1_326' title='bbox 787 2740 856 2793; x_wconf 89' lang='lat' dir='ltr'>qui</span> <span class='ocrx_word' id='word_1_327' title='bbox 878 2739 946 2792; x_wconf 92' lang='lat' dir='ltr'>luy</span> <span class='ocrx_word' id='word_1_328' title='bbox 980 2753 998 2777; x_wconf 84' lang='lat' dir='ltr'>a</span> <span class='ocrx_word' id='word_1_329' title='bbox 1020 2738 1089 2777; x_wconf 81' lang='lat' dir='ltr'>fait</span> <span class='ocrx_word' id='word_1_330' title='bbox 1121 2739 1292 2791; x_wconf 83' lang='lat' dir='ltr'>prandre</span> <span class='ocrx_word' id='word_1_331' title='bbox 1311 2738 1441 2787; x_wconf 81' lang='lat' dir='ltr'>l&#39;abit3</span> <span class='ocrx_word' id='word_1_332' title='bbox 1470 2740 1568 2777; x_wconf 83' lang='lat' dir='ltr'>mais</span> <span class='ocrx_word' id='word_1_333' title='bbox 1593 2752 1642 2778; x_wconf 87' lang='lat' dir='ltr'>ne</span> <span class='ocrx_word' id='word_1_334' title='bbox 1660 2739 1756 2787; x_wconf 76' lang='lat' dir='ltr'>scait</span> 
     </span>
     <span class='ocr_line' id='line_1_33' title="bbox 104 2810 861 2864; baseline -0.001 -14"><span class='ocrx_word' id='word_1_335' title='bbox 104 2812 219 2864; x_wconf 84' lang='lat' dir='ltr'>point</span> <span class='ocrx_word' id='word_1_336' title='bbox 239 2824 396 2850; x_wconf 90' lang='lat' dir='ltr'>comme</span> <span class='ocrx_word' id='word_1_337' title='bbox 419 2810 493 2849; x_wconf 90' lang='lat' dir='ltr'>elle</span> <span class='ocrx_word' id='word_1_338' title='bbox 507 2810 542 2850; x_wconf 91' lang='lat' dir='ltr'>le</span> <span class='ocrx_word' id='word_1_339' title='bbox 564 2811 647 2850; x_wconf 91' lang='lat' dir='ltr'>doit</span> <span class='ocrx_word' id='word_1_340' title='bbox 664 2810 815 2850; x_wconf 81' lang='lat' dir='ltr'>re&#39;ve&#39;ler</span> <span class='ocrx_word' id='word_1_341' title='bbox 836 2818 861 2849; x_wconf 74' lang='lat'>3.</span> 
     </span>
    </p>
   </div>
   <div class='ocr_carea' id='block_1_4' title="bbox 105 2990 1748 3155">
    <p class='ocr_par' dir='ltr' id='par_1_8' title="bbox 105 2990 1748 3155">
     <span class='ocr_line' id='line_1_34' title="bbox 156 2990 1748 3036; baseline 0.001 -13"><span class='ocrx_word' id='word_1_342' title='bbox 156 3001 184 3023; x_wconf 90' lang='lat'>1.</span> <span class='ocrx_word' id='word_1_343' title='bbox 206 2990 237 3023; x_wconf 84' lang='lat' dir='ltr'><em>A</em></span> <span class='ocrx_word' id='word_1_344' title='bbox 253 2990 371 3036; x_wconf 82' lang='lat' dir='ltr'>ajoutc</span> <span class='ocrx_word' id='word_1_345' title='bbox 390 2990 456 3024; x_wconf 79' lang='lat' dir='ltr'>hoc.</span> <span class='ocrx_word' id='word_1_346' title='bbox 480 3011 523 3015; x_wconf 90' lang='lat'><strong>—</strong></span> <span class='ocrx_word' id='word_1_347' title='bbox 549 3001 581 3024; x_wconf 87' lang='lat'>2.</span> <span class='ocrx_word' id='word_1_348' title='bbox 604 2990 638 3034; x_wconf 77' lang='lat' dir='ltr'><strong><em>Q</em></strong></span> <span class='ocrx_word' id='word_1_349' title='bbox 655 2999 755 3024; x_wconf 87' lang='lat' dir='ltr'>omet</span> <span class='ocrx_word' id='word_1_350' title='bbox 776 2991 907 3024; x_wconf 78' lang='lat' dir='ltr'>martii.</span> <span class='ocrx_word' id='word_1_351' title='bbox 929 3011 972 3014; x_wconf 88' lang='lat'><strong>—</strong></span> <span class='ocrx_word' id='word_1_352' title='bbox 995 3001 1024 3035; x_wconf 79' lang='lat'>3.</span> <span class='ocrx_word' id='word_1_353' title='bbox 1044 2990 1076 3024; x_wconf 89' lang='lat' dir='ltr'><em>A</em></span> <span class='ocrx_word' id='word_1_354' title='bbox 1101 3003 1110 3024; x_wconf 90' lang='lat'>.·</span> <span class='ocrx_word' id='word_1_355' title='bbox 1130 2991 1216 3024; x_wconf 72' lang='lat' dir='ltr'>alias</span> <span class='ocrx_word' id='word_1_356' title='bbox 1232 2991 1323 3024; x_wconf 73' lang='lat' dir='ltr'>vohis</span> <span class='ocrx_word' id='word_1_357' title='bbox 1342 2990 1463 3025; x_wconf 76' lang='lat' dir='ltr'>dehoc.</span> <span class='ocrx_word' id='word_1_358' title='bbox 1489 3011 1530 3015; x_wconf 97' lang='lat'><strong>—</strong></span> <span class='ocrx_word' id='word_1_359' title='bbox 1558 3001 1591 3032; x_wconf 72' lang='lat'>4.</span> <span class='ocrx_word' id='word_1_360' title='bbox 1615 2990 1684 3024; x_wconf 85' lang='lat' dir='ltr'>Ms.</span> <span class='ocrx_word' id='word_1_361' title='bbox 1705 3001 1748 3024; x_wconf 86' lang='lat' dir='ltr'>en</span> 
     </span>
     <span class='ocr_line' id='line_1_35' title="bbox 105 3049 1748 3096; baseline -0.001 -12"><span class='ocrx_word' id='word_1_362' title='bbox 105 3061 245 3095; x_wconf 83' lang='lat' dir='ltr'>marge:</span> <span class='ocrx_word' id='word_1_363' title='bbox 269 3061 338 3083; x_wconf 89' lang='lat' dir='ltr'>une</span> <span class='ocrx_word' id='word_1_364' title='bbox 358 3050 466 3084; x_wconf 87' lang='lat' dir='ltr'>main.</span> <span class='ocrx_word' id='word_1_365' title='bbox 490 3070 533 3074; x_wconf 96' lang='lat'><strong>—</strong></span> <span class='ocrx_word' id='word_1_366' title='bbox 560 3060 588 3093; x_wconf 77' lang='lat'>5.</span> <span class='ocrx_word' id='word_1_367' title='bbox 618 3050 659 3091; x_wconf 90' lang='lat' dir='ltr'>U,</span> <span class='ocrx_word' id='word_1_368' title='bbox 682 3050 749 3084; x_wconf 89' lang='lat' dir='ltr'>fol.</span> <span class='ocrx_word' id='word_1_369' title='bbox 772 3051 827 3084; x_wconf 86' lang='lat'>28.</span> <span class='ocrx_word' id='word_1_370' title='bbox 852 3050 880 3084; x_wconf 96' lang='lat' dir='ltr'>Il</span> <span class='ocrx_word' id='word_1_371' title='bbox 901 3061 937 3084; x_wconf 88' lang='lat' dir='ltr'>se</span> <span class='ocrx_word' id='word_1_372' title='bbox 955 3052 1118 3096; x_wconf 73' lang='lat' dir='ltr'>presente</span> <span class='ocrx_word' id='word_1_373' title='bbox 1139 3051 1181 3084; x_wconf 88' lang='lat' dir='ltr'>ici</span> <span class='ocrx_word' id='word_1_374' title='bbox 1200 3062 1268 3084; x_wconf 87' lang='lat' dir='ltr'>une</span> <span class='ocrx_word' id='word_1_375' title='bbox 1284 3061 1380 3084; x_wconf 86' lang='lat' dir='ltr'>assez</span> <span class='ocrx_word' id='word_1_376' title='bbox 1398 3050 1539 3084; x_wconf 78' lang='lat' dir='ltr'>notable</span> <span class='ocrx_word' id='word_1_377' title='bbox 1560 3049 1748 3084; x_wconf 75' lang='lat' dir='ltr'>difference</span> 
     </span>
     <span class='ocr_line' id='line_1_36' title="bbox 105 3108 1748 3155; baseline 0.001 -13"><span class='ocrx_word' id='word_1_378' title='bbox 105 3118 202 3143; x_wconf 78' lang='lat' dir='ltr'>entre</span> <span class='ocrx_word' id='word_1_379' title='bbox 221 3109 251 3143; x_wconf 79' lang='lat' dir='ltr'>la</span> <span class='ocrx_word' id='word_1_380' title='bbox 274 3110 410 3143; x_wconf 76' lang='lat' dir='ltr'>minute</span> <span class='ocrx_word' id='word_1_381' title='bbox 437 3110 483 3143; x_wconf 88' lang='lat' dir='ltr'>du</span> <span class='ocrx_word' id='word_1_382' title='bbox 502 3108 641 3154; x_wconf 70' lang='lat' dir='ltr'>greffier</span> <span class='ocrx_word' id='word_1_383' title='bbox 659 3119 692 3143; x_wconf 80' lang='lat' dir='ltr'>et</span> <span class='ocrx_word' id='word_1_384' title='bbox 720 3110 750 3143; x_wconf 79' lang='lat' dir='ltr'>la</span> <span class='ocrx_word' id='word_1_385' title='bbox 769 3110 947 3144; x_wconf 63' lang='lat' dir='ltr'>redaction</span> <span class='ocrx_word' id='word_1_386' title='bbox 967 3109 1158 3144; x_wconf 69' lang='lat' dir='ltr'>definitive.</span> <span class='ocrx_word' id='word_1_387' title='bbox 1183 3110 1286 3144; x_wconf 73' lang='lat' dir='ltr'>Deux</span> <span class='ocrx_word' id='word_1_388' title='bbox 1307 3111 1474 3155; x_wconf 72' lang='lat' dir='ltr'>reponses</span> <span class='ocrx_word' id='word_1_389' title='bbox 1493 3110 1535 3143; x_wconf 82' lang='lat' dir='ltr'>de</span> <span class='ocrx_word' id='word_1_390' title='bbox 1554 3109 1586 3143; x_wconf 76' lang='lat' dir='ltr'>la</span> <span class='ocrx_word' id='word_1_391' title='bbox 1608 3109 1748 3144; x_wconf 78' lang='lat' dir='ltr'>Pucclle</span> 
     </span>
    </p>
   </div>
  </div>
 </body>
</html>
