2099 3356
335 182 388 227 50
611 166 770 214 PRocizs
803 183 858 212 DE
891 181 1244 214 coNDAMNATtoN
1277 181 1333 212 DE
1363 180 1531 224 JEANNE
1563 165 1693 213 D’ARC

328 299 436 334 rem,
458 281 575 342 quod
608 283 699 342 ipsa
721 283 823 326 sciat
847 299 859 336 3
899 281 972 326 sed
994 283 1044 335 si,
1073 280 1226 326 viderit
1255 280 1372 335 alibi,
1404 282 1538 325 nescit
1567 297 1620 325 an
1648 280 1818 335 viderit,
1861 294 1933 326 aut
1960 291 1970 308 ¹

329 383 434 411 non.
475 367 600 420 Item,
629 366 737 411 dixit
762 365 882 425 quod
910 374 923 391 ²
955 365 1062 410 vidit
1092 380 1307 424 apponere
1335 377 1444 409 serta
1472 366 1516 408 in
1543 366 1672 409 ramis
1705 364 1866 410 arboris
1902 380 1976 424 per

329 451 594 508 juvenculas,
626 463 667 494 et
693 451 875 508 ipsamet
904 448 1137 508 aliquando
1155 448 1213 492 ibi
1234 450 1434 507 apposuit
1457 465 1557 492 cum
1584 448 1676 492 aliis
1696 448 1865 493 filiabus
1888 466 1899 503 3
1933 462 1975 493 et

328 533 561 592 aliquando
576 549 723 577 secum
740 531 1244 591 deferebant,aliquando
1257 531 1549 576 dimittebant.
1571 533 1698 586 Item,
1717 531 1823 576 dixit
1838 531 1972 591 quod,

331 629 562 676 postquam
585 618 672 674 ipsa
693 618 816 660 scivit
839 615 957 674 quod
979 615 1157 660 debebat
1177 618 1323 660 venire
1348 617 1392 658 in
1418 616 1656 669 Franciam,
1692 631 1846 674 parum
1877 615 1975 660 fecit

332 700 383 744 de
410 701 515 758 jocis
541 701 629 744 sive
650 701 960 758 spatiamentis,
980 712 1020 743 et
1042 712 1256 758 quantum
1276 701 1422 743 minus
1443 700 1598 757 potuit.
1619 700 1670 742 Et
1689 701 1820 743 nescit
1841 698 1974 758 quod,

333 796 562 842 postquam
589 783 740 827 habuit
765 782 1085 836 discretionem,
1115 784 1203 840 ipsa
1226 781 1550 840 tripudiaverit³
1577 784 1694 840 juxta
1715 782 1831 826 illam
1855 782 1977 826 arbo-

335 882 450 921 rem,
480 865 553 910 sed
576 865 809 925 aliquando
838 866 944 910 bene
970 867 1110 924 potuit
1139 865 1196 909 ibi
1221 865 1452 923 tripudiare
1473 875 1484 898 ⁴
1513 882 1614 909 cum
1638 867 1795 924 pueriS,
1819 877 1861 909 et
1883 865 1978 924 plus

334 949 391 994 ibi
420 951 606 994 cantavit
635 966 765 1008 quam
794 949 1093 1007 tripudiaverit
1121 958 1149 993 ⁵.
1184 949 1310 1003 Item,
1340 948 1440 992 dicit
1481 948 1597 1006 quod
1623 961 1683 992 est
1704 948 1762 992 ibi
1787 949 1801 974 ⁶
1835 964 1975 993 unum

336 1049 507 1087 nemus,
537 1032 655 1092 quod
690 1046 867 1077 vocatur
892 1034 1342 1091 Nemus—quercosum
1368 1041 1399 1086 7,
1437 1032 1585 1089 gallice
1625 1033 1657 1075 le
1696 1032 1965 1085 Bois-chesnii,

334 1117 450 1175 quod
473 1116 644 1160 videtur
663 1116 712 1160 ab
733 1118 845 1161 ostio
873 1118 1002 1175 patris
1017 1117 1080 1159 sui
1102 1131 1109 1163 2
1141 1129 1181 1159 et
1201 1132 1289 1160 non
1313 1128 1373 1159 est
1388 1114 1589 1160 distantia
1610 1115 1802 1160 dimidiae
1829 1115 1974 1160 leucae.

333 1201 459 1254 Item,
507 1202 640 1244 nescit
684 1217 761 1244 nec
797 1199 960 1244 audivit
1006 1215 1200 1258 unquam
1239 1199 1357 1258 quod
1383 1200 1588 1243 Dominae
1631 1199 1791 1242 Fatales
1829 1215 1976 1257 supra-

335 1283 459 1327 dicta*
513 1283 570 1327 ibi
599 1286 614 1310 3
658 1297 1042 1337 conversarentur3
1087 1283 1159 1327 sed
1208 1283 1373 1327 audivit
1413 1282 1495 1326 dici
1524 1299 1545 1326 a
1585 1281 1708 1327 fratre
1731 1299 1810 1327 suo
1856 1281 1974 1341 quod

333 1367 551 1412 dicebatur
585 1369 627 1411 in
658 1369 786 1426 patria
808 1367 925 1426 quod
958 1368 1044 1425 ipsa
1079 1366 1278 1422 Johanna
1308 1379 1472 1424 ceperat
1499 1365 1658 1409 factum
1686 1382 1814 1410 suum
1863 1366 1976 1424 apud

334 1451 528 1495 arborem
554 1453 844 1495 Dominarum
866 1450 1092 1494 Patalium.
1124 1449 1203 1493 Sed
1226 1449 1327 1493 dicit
1348 1449 1465 1508 quod
1492 1465 1580 1493 non
1602 1448 1767 1500 fecerat,
1798 1461 1838 1492 et
1865 1449 1977 1493 dice-

335 1535 403 1578 bat
436 1534 515 1578 sibi
550 1536 830 1579 contrarium.
865 1535 991 1587 Item,
1029 1534 1208 1577 ulterius
1236 1532 1337 1577 dicit
1365 1533 1498 1592 quod,
1531 1532 1706 1591 quando
1735 1534 1821 1590 ipsa
1859 1534 1976 1576 venit

333 1634 479 1662 versus
510 1635 653 1676 regem
681 1634 825 1671 suum,
851 1617 982 1676 aliqui
1018 1616 1219 1675 petebant
1246 1616 1327 1660 sibi
1354 1633 1407 1660 an
1436 1618 1479 1659 in
1514 1618 1646 1674 patria
1674 1632 1748 1660 sua
1774 1630 1862 1661 erat
1904 1617 1975 1660 ali-

331 1701 448 1761 quod
483 1718 654 1756 nemus,
685 1701 802 1760 quod
824 1714 1046 1745 vocaretur
1068 1700 1215 1758 gallice
1244 1701 1276 1743 le
1308 1701 1400 1744 Bois
1419 1701 1574 1753 chesnu,
1601 1702 1702 1758 quia
1726 1713 1845 1744 erant
1879 1716 1976 1758 pro-

332 1786 487 1843 phetiae
531 1786 720 1830 dicentes
746 1785 881 1843 quod,
921 1786 1027 1828 circa
1063 1783 1169 1828 illud
1199 1800 1368 1837 nemus,
1394 1782 1573 1827 debebat
1594 1785 1739 1827 venire
1775 1783 1973 1842 quaedam
2033 1832 2039 1838 ,

332 1870 470 1928 puella
495 1886 590 1927 quae
618 1869 769 1913 faceret
803 1868 1026 1912 mirabilia.
1066 1866 1146 1911 Sed
1184 1867 1290 1911 dixit
1318 1869 1404 1925 ipsa
1424 1867 1621 1922 Johanna
1648 1867 1765 1926 quod
1809 1869 1852 1911 in
1894 1867 1975 1911 hoc

333 1968 423 1997 non
445 1951 643 1996 adhibuit
671 1952 817 1996 fidem.

392 2037 653 2093 Interrogata
675 2051 727 2079 an
760 2037 848 2092 ipsa
878 2035 1007 2078 vellet
1030 2034 1183 2078 habere
1211 2047 1374 2079 vestem
1403 2033 1688 2078 muliebrem:
1717 2034 1938 2092 respondit
1963 2051 1971 2078 :

338 2140 358 2162 α
379 2119 574 2163 Tradatis
605 2119 710 2162 mihi
734 2135 865 2163 unani
888 2136 895 2162 :
934 2134 1012 2176 ego
1050 2119 1252 2176 accipiam
1278 2131 1317 2161 et
1345 2117 1565 2172 recedam3
1595 2118 1715 2161 aliter
1739 2134 1828 2161 non
1865 2119 1977 2161 acci—

337 2204 466 2261 piam.
500 2203 549 2245 Et
573 2214 800 2246 contentor
821 2200 871 2244 de
911 2202 1003 2254 ista,
1028 2214 1256 2260 postquam
1293 2201 1426 2259 placet
1471 2202 1567 2245 Deo
1594 2200 1711 2259 quod
1751 2200 1974 2259 deportem

337 2290 447 2317 eam.
471 2289 491 2311 »

396 2358 446 2400 Et
474 2357 538 2400 his
567 2357 647 2400 hoc
670 2355 803 2400 modo
831 2357 1022 2414 peractis,
1044 2355 1224 2400 fecimus
1251 2372 1407 2400 cessare
1431 2355 1481 2399 ab
1515 2356 1706 2400 ulteriori
1742 2357 1975 2414 interroga-

338 2442 454 2484 tione
489 2456 564 2499 pro
594 2440 668 2483 illo
703 2439 786 2493 die,
813 2440 1211 2498 assignaviinusque
1246 2439 1362 2483 diem
1394 2440 1541 2483 martis
1575 2438 1729 2483 exinde
1774 2441 1973 2497 proximo

335 2536 606 2582 sequentem,
637 2535 685 2566 ut
713 2524 805 2580 ipso
829 2522 913 2576 die,
940 2522 1089 2566 eadem
1119 2523 1223 2566 hora
1247 2535 1287 2565 et
1324 2521 1478 2566 eodem
1504 2522 1599 2566 loco
1623 2538 1777 2566 omnes
1804 2522 1854 2566 ad
1892 2522 1973 2566 hoc

332 2608 557 2651 convocati
585 2608 853 2659 interessent,
877 2621 954 2664 pro
978 2605 1169 2649 ulteriori
1191 2606 1527 2664 interrogatione
1547 2605 1751 2650 facienda.

387 2909 414 2931 1.
445 2897 474 2931 C
498 2909 507 2930 .·
524 2896 590 2931 vel.
605 2916 652 2921 —
670 2906 702 2929 2.
733 2895 762 2929 C
778 2895 894 2941 ajoute
918 2907 1098 2940 uunquam.
1118 2915 1164 2920 —
1185 2905 1214 2940 3.
1237 2895 1329 2930 AC:
1351 2895 1603 2941 trepudiaverit.
1624 2917 1668 2920 -—
1685 2906 1718 2938 4.
1741 2896 1835 2931 AC:
1857 2901 1969 2944 trepu-

334 2957 438 2991 diare.
463 2976 507 2981 —-
538 2967 566 3000 5.
596 2955 627 2989 A
661 2967 669 2988 .·
697 2954 935 2995 trepmliaverit
953 2966 964 2994 ;
985 2954 1052 2988 AC
1071 2966 1114 2989 en
1145 2966 1265 3001 marge
1289 2966 1295 2988 ;
1328 2955 1416 2990 Nota
1441 2954 1478 2988 de
1500 2955 1615 2989 arbore
1636 2955 1713 2990 Bois
1733 2955 1861 2990 Chesnu
1881 2961 1909 2990 ct
1935 2955 1972 2990 de

330 3016 514 3062 prophetia.
528 3035 569 3040 -
593 3015 625 3050 6.
657 3014 687 3048 A
709 3026 717 3047 .·
740 3014 786 3047 ihi
805 3019 862 3048 est.
883 3034 927 3038 —
947 3024 982 3059 7,
1017 3014 1072 3048 A:
1093 3025 1296 3060 querqosum.
1318 3034 1365 3039 -
1382 3014 1416 3048 8.
1445 3014 1512 3049 AC
1533 3026 1542 3048 :
1562 3013 1693 3048 ibidem.
