2099 3356
511 553 806 614 [QUAEDAM
849 558 1011 601 ACTA
1055 557 1416 616 POSTERIUS.1

928 736 999 793 l{1-l

140 883 406 931 INFORMATIO,
421 895 516 921 POST
530 895 853 931 EXSECUTIONEM,
872 896 990 923 SUPER
1014 897 1155 923 MULTIS
1178 898 1247 924 PER
1260 898 1335 924 EAM
1351 897 1476 924 DICTIS
1499 898 1536 925 IN
1556 895 1564 912 ¹
1594 898 1682 924 FINE
1700 897 1776 924 SUO

652 973 702 999 AC
734 973 774 999 IN
794 970 807 987 2
836 974 1036 1001 ARTICULO
1069 974 1211 1001 MORTIS
1234 969 1262 1001 3.

198 1110 321 1161 ITEM,
346 1111 469 1166 jovis,
498 1111 679 1168 septima
700 1109 768 1154 die
796 1113 956 1154 mensis
984 1113 1107 1167 junii,
1129 1111 1283 1156 eodem
1308 1127 1440 1166 anno,
1466 1111 1624 1156 scilicet
1646 1111 1783 1156 mille-

137 1194 249 1237 simo
262 1192 692 1252 quadringentesimo
711 1195 927 1238 tricesimo
941 1196 1096 1252 primo,
1116 1211 1210 1248 nOS,
1224 1195 1383 1252 judices
1397 1195 1613 1249 antedicti,
1625 1211 1675 1239 ex
1688 1195 1783 1239 offi-

139 1278 205 1321 cio
239 1290 386 1321 nostro
405 1276 585 1321 fecimus
617 1290 749 1321 certas
769 1277 1097 1322 informationes
1124 1295 1250 1336 super
1276 1278 1490 1338 aliquibus
1511 1289 1527 1313 4
1550 1295 1646 1338 quae
1675 1278 1783 1323 dicta

138 1360 361 1419 quondam
382 1360 583 1418 johanna
615 1361 777 1405 dixerat
799 1376 943 1406 coram
973 1362 1054 1406 fide
1076 1362 1231 1419 dignis,
1258 1364 1346 1421 ipsa
1381 1362 1521 1406 adhuc
1546 1364 1588 1406 in
1619 1378 1782 1407 carcere

138 1447 381 1499 exsistente,
404 1458 636 1504 antequam
659 1445 888 1490 duceretur
904 1446 956 1490 ad
981 1446 1208 1503 judicium.

199 1577 248 1621 Et
272 1578 415 1636 primo
437 1577 691 1622 venerabilis
707 1591 747 1622 et
774 1587 781 1611 ἱ
813 1580 1148 1636 circumspectus
1173 1579 1251 1631 vir,
1281 1579 1478 1635 magister
1510 1578 1716 1622 Nicolaus
1728 1577 1779 1622 de

143 1662 346 1716 Vendere's,
393 1662 636 1706 licentiatus
658 1664 700 1705 in
742 1664 832 1720 jure
867 1664 1091 1716 canonico,
1115 1662 1440 1706 archidiaconus
1481 1662 1531 1706 de
1558 1664 1685 1720 Augo
1722 1661 1783 1721 [et

125 1745 389 1805 canonicus]
417 1747 459 1790 in
488 1746 662 1791 ecclesia
690 1747 1048 1805 Rothomagensi,
1077 1748 1210 1790 aetatis
1237 1761 1292 1789 L11
1317 1762 1535 1790 annorum
1563 1746 1629 1790 vel
1657 1748 1780 1799 circa,

137 1831 256 1873 testis
273 1828 524 1888 producmS,
555 1831 733 1888 juratuS‚
756 1843 948 1888 receptus
976 1843 1015 1874 et
1042 1832 1312 1874 examinatus
1340 1829 1449 1874 dicta
1476 1828 1560 1883 die,
1591 1828 1783 1888 dixitper

135 1929 266 1957 suum
288 1916 584 1971 juramentum
621 1914 758 1973 quod,
789 1914 857 1958 die
887 1915 1103 1969 mercurii,
1132 1914 1383 1972 paenultima
1407 1914 1566 1957 mensis
1592 1914 1709 1967 maii,
1739 1914 1782 1956 in

134 1999 276 2057 vigilia
302 1998 394 2043 festi
417 1998 696 2043 Eucharistiae
724 2000 905 2042 Domini
935 2000 1069 2042 nostri
1096 1997 1229 2054 Jhesu
1258 1997 1436 2052 Christi,
1462 1997 1620 2041 ultimo
1637 2009 1785 2056 praete-

134 2084 220 2134 riti,
244 2084 332 2141 ipsa
351 2082 552 2139 Johanna
573 2082 715 2127 adhuc
740 2084 968 2127 exsistente
994 2084 1037 2125 in
1061 2080 1310 2135 carceribus,
1331 2080 1487 2140 quibus
1511 2079 1788 2124 detinebatur

135 2168 179 2210 in
196 2180 332 2210 castro
360 2166 720 2225 Rothomagensi,
740 2167 847 2211 dixit
872 2165 1006 2224 quod,
1023 2178 1187 2209 attento
1206 2165 1322 2224 quod
1342 2180 1468 2208 voces
1495 2165 1715 2208 venientes
1731 2163 1783 2208 ad

134 2266 228 2294 eam
250 2250 328 2294 sibi
346 2249 764 2309 promiserantquod
787 2250 1038 2294 liberaretur
1058 2266 1078 2293 a
1102 2248 1337 2293 carceribus
1359 2261 1399 2292 et
1421 2247 1590 2292 videbat
1616 2261 1784 2292 contra-

136 2335 268 2388 riurn,
286 2334 543 2393 percipiebat
566 2347 606 2378 et
633 2334 790 2378 sciebat
813 2332 931 2392 quod
956 2333 1089 2377 fuerat
1111 2345 1152 2376 et
1177 2345 1262 2376 erat
1285 2348 1359 2390 per
1382 2348 1450 2375 eas
1477 2331 1665 2390 decepta.

197 2419 322 2472 Item,
348 2419 436 2476 ipsa
474 2418 674 2474 Johanna
697 2416 861 2461 dicebat
889 2430 930 2460 et
957 2415 1244 2460 confitebatur
1276 2415 1393 2474 quod
1422 2417 1509 2474 ipsa
1544 2415 1707 2459 viderat
1743 2428 1784 2459 et

137 2502 344 2556 audierat,
370 2503 550 2560 propriis
573 2502 706 2545 oculis
733 2514 774 2545 et
802 2500 992 2555 auribus,
1022 2516 1145 2544 voces
1174 2512 1215 2543 et
1238 2500 1524 2559 apparitiones
1545 2498 1597 2543 de
1624 2498 1783 2559 quibus

137 2586 184 2630 lit
205 2587 372 2630 mentio
415 2587 459 2629 in
487 2601 721 2644 processu3
766 2598 806 2628 et
833 2584 882 2628 ad
919 2585 1006 2628 haec
1036 2596 1266 2642 praesentes
1309 2595 1445 2634 erant,
1489 2583 1645 2627 scilicet
1685 2598 1784 2636 nos,

137 2669 326 2730 praedicti
365 2669 541 2728 judices,
572 2671 762 2727 magistri
791 2670 941 2712 Petrus
973 2668 1185 2720 Mauricii,
1213 2667 1408 2710 Thomas
1441 2666 1492 2710 de
1529 2667 1784 2721 Courcellis,

191 2861 220 2884 1.
240 2849 270 2884 C
290 2857 391 2884 ornet
416 2850 463 2882 in.
490 2869 534 2873 ⁷—
562 2859 594 2882 2.
618 2847 684 2881 AC
706 2846 1001 2881 .·etrz1·sss1do.-
1030 2856 1058 2890 3.
1092 2845 1118 2879 B
1147 2854 1243 2879 ornet
1265 2853 1354 2879 cette
1385 2845 1547 2891 rubrique
1574 2845 1632 2891 qui
1659 2853 1710 2879 est
1743 2856 1785 2879 en

138 2920 259 2954 marge
285 2909 327 2943 de
355 2908 396 2943 C.
430 2908 494 2942 Les
524 2908 637 2953 pieccs
663 2908 720 2953 qui
752 2907 889 2940 suivcnt
922 2914 1002 2940 sont
1036 2917 1079 2939 en
1104 2905 1164 2939 BC
1187 2905 1309 2938 ecrites
1330 2905 1372 2939 de
1403 2904 1433 2938 la
1459 2906 1577 2939 meme
1600 2905 1695 2938 main
1716 2916 1783 2950 que

138 2969 168 3003 le
187 2977 276 3003 reste
300 2969 362 3003 des
392 2968 629 3015 procedures;
663 2967 749 3001 mais
782 2966 864 3000 elles
897 2973 1031 3000 cessent
1066 2964 1175 2999 d'etre
1209 2966 1367 2999 revetues
1399 2963 1493 2999 dela
1515 2964 1692 3010 signature
1721 2965 1783 3010 qui

133 3037 347 3074 auparavant
376 3040 412 3062 se
439 3027 591 3062 trouvait
613 3028 763 3072 apposec
784 3038 825 3060 au
855 3027 913 3059 bas
933 3026 975 3059 de
996 3025 1131 3070 chaque
1152 3023 1306 3067 feuillet3
1329 3024 1413 3058 elles
1443 3033 1522 3058 sont
1541 3025 1700 3070 separe-es
1722 3035 1783 3070 par

134 3099 201 3122 une
220 3099 306 3134 page
326 3088 472 3122 blanche
493 3087 538 3120 du
555 3095 647 3121 texte
666 3086 711 3120 du
734 3088 866 3131 procis.
892 3105 934 3110 —-
953 3096 987 3127 4.
1012 3084 1042 3119 C
1067 3093 1164 3118 ornet
1195 3089 1289 3130 super
1312 3083 1491 3129 aliquibus.
1514 3104 1561 3109 —
1583 3094 1610 3125 5.
1632 3083 1661 3118 C
1685 3096 1696 3118 ,·
1719 3095 1777 3118 as.
