2099 3356
368 188 526 234 PRocEs
560 203 614 232 DE
646 203 998 233 CONDAMNATION
1033 204 1089 233 DE
1121 204 1287 246 JEANNE
1319 189 1446 234 D’ARC
1639 193 1720 248 263

79 303 184 348 sos?
209 319 228 342 »
274 302 322 346 Et
352 317 440 346 non
482 301 589 347 vidit
638 303 781 361 ipsum
820 315 1021 348 sanctum
1049 302 1326 358 Michaelem,
1369 315 1599 363 postquam
1639 305 1729 362 ipsa

79 387 248 431 recessit
270 401 294 430 a
313 398 450 430 castro
476 385 529 430 de
550 385 767 444 Crotey03
793 399 835 431 et
862 402 952 431 non
977 386 1094 432 videt
1119 403 1222 432 eum
1248 403 1377 446 saepe.

137 535 291 580 LXIV.
320 553 340 576 «
364 536 488 589 ITEM,
515 535 632 594 quod
660 537 748 594 ipsa
788 536 988 592 Johanna
1014 553 1056 580 se
1085 538 1208 593 jactat
1243 539 1348 582 scire
1374 553 1417 581 se
1453 553 1543 582 esse
1571 554 1726 582 consc—

78 633 220 665 cutam
246 621 550 664 remissionem
570 619 684 664 illius
706 622 863 679 peccati
893 620 1011 680 quod
1035 623 1289 680 perpetravit
1313 623 1462 666 animo
1487 621 1724 682 desperato,

76 688 316 762 instigante
332 703 524 762 maligno
549 705 717 762 spiritu,
741 720 841 749 curn
869 720 912 749 se
938 706 1212 763 praecipitavit
1232 706 1284 750 ab
1307 706 1390 750 alta
1428 707 1535 750 turri
1563 715 1573 733 ¹
1596 708 1724 751 castri

76 786 128 832 de
151 788 434 842 Beaurevoir;
464 804 565 831 cum
595 800 739 832 tamen
768 788 984 846 Scriptura
1011 787 1121 833 dicat
1149 788 1267 848 quod
1310 805 1441 834 nemo
1467 791 1546 834 scit
1572 802 1722 835 utrum

73 886 222 916 amore
234 870 303 916 vel
320 870 422 915 odio
444 870 601 929 dignus
625 872 695 926 sit,
719 884 760 916 et
786 888 861 931 per
881 887 1164 932 consequens,
1184 888 1263 918 nec
1282 886 1432 918 utrum
1451 875 1505 918 sit
1517 886 1723 933 purgatus

78 970 99 999 a
126 967 301 1015 peccato
327 954 394 998 vel
413 954 683 1012 justificatus.
722 972 742 995 »

131 1037 233 1083 *Ad
261 1038 378 1082 hunc
403 1046 416 1064 ²
435 1038 686 1093 articulum,
716 1038 829 1083 dicta
867 1038 936 1084 die
978 1041 1200 1095 mercurii,
1248 1055 1402 1085 xxvm.
1433 1043 1595 1095 martii,
1635 1057 1724 1086 res-

72 1122 235 1182 pondet
259 1129 269 1155 ³
297 1140 305 1167 :
338 1138 359 1163 «
383 1123 474 1181 Ego
497 1124 596 1167 satis
614 1122 666 1168 de
694 1122 776 1167 hoc
803 1123 926 1167 vobis
953 1123 1170 1183 respondi,
1200 1123 1254 1169 ad
1282 1123 1400 1183 quod
1422 1140 1492 1169 me
1516 1124 1668 1170 refero.
1694 1143 1716 1168 >2

73 1207 123 1252 Et
141 1206 193 1253 de
219 1206 515 1261 conclusione,
538 1223 582 1252 se
605 1207 731 1251 refert
752 1206 803 1252 ad
825 1208 1090 1263 Dominum.

131 1363 265 1407 LXV.
291 1379 311 1402 «
342 1363 466 1417 ITEM,
506 1376 547 1407 et
573 1362 692 1422 quod
720 1362 830 1408 dicta
866 1363 1066 1420 Johanna
1091 1364 1346 1408 multotiens
1370 1363 1475 1408 dicit
1508 1380 1551 1408 se
1573 1366 1720 1423 requi-

69 1462 159 1490 rere
186 1463 209 1490 a
233 1447 328 1491 Deo
369 1459 419 1490 ut
464 1448 606 1491 mittat
627 1446 707 1490 sibi
735 1463 976 1506 expressam
1004 1448 1312 1491 revelationem
1340 1447 1391 1491 de
1412 1448 1587 1506 agendis
1614 1450 1717 1503 suis,

68 1547 142 1590 per
167 1530 342 1588 angelos
378 1544 419 1575 et
437 1544 600 1575 sanctas
628 1531 907 1576 Katharinam
944 1545 985 1576 et
1006 1532 1304 1589 Margaretam,
1334 1545 1501 1591 utpote,
1532 1534 1565 1576 si
1587 1532 1719 1576 debe—

68 1628 129 1659 ret
156 1614 415 1673 respondere
440 1617 484 1659 in
521 1615 682 1674 judicio
706 1617 924 1660 veritatem
949 1614 1000 1659 de
1021 1615 1253 1675 aliquibus,
1276 1618 1375 1660 etin
1400 1616 1492 1661 aliis
1516 1618 1602 1660 suis
1625 1633 1717 1675 par-

67 1699 317 1744 ticularibus
342 1699 475 1743 factis.
504 1699 640 1752 Quod
674 1713 736 1743 est
763 1712 926 1744 tentare
951 1700 1096 1743 Deum
1128 1713 1168 1744 et
1197 1701 1412 1758 requirere
1437 1699 1488 1744 ab
1520 1716 1571 1744 eo
1590 1700 1708 1760 quod

67 1784 226 1843 requiri
253 1799 341 1827 non
363 1783 505 1839 debet,
532 1797 574 1828 et
600 1783 760 1843 absque
782 1785 1044 1837 necessitate,
1076 1796 1118 1828 et
1160 1785 1444 1842 inquisitione
1471 1800 1546 1828 seu
1568 1786 1708 1828 inves-

66 1867 275 1926 tigatione
308 1866 570 1911 humanitati
592 1876 609 1900 4
633 1866 840 1926 possibili,
869 1867 992 1911 facta.
1038 1867 1089 1910 Et
1134 1868 1362 1926 praecipue,
1391 1869 1435 1911 in
1470 1880 1710 1926 praenotato

65 1950 174 1995 saltu
198 1944 249 1995 de
277 1952 400 2004 turri,
418 1963 600 1995 tentasse
627 1952 773 1995 Deum
801 1951 1028 1995 manifeste
1055 1950 1240 1995 videtur.
1272 1968 1291 1991 »

123 2034 163 2056 **
178 2032 245 2079 Ad
273 2035 411 2079 hunc5
438 2034 687 2088 articulum,
718 2034 828 2080 dicta
856 2034 923 2079 die
948 2036 1167 2086 mercurii,
1204 2035 1423 2094 respondit
1459 2034 1578 2094 quod
1625 2037 1713 2093 ipsa

64 2118 116 2163 de
139 2119 218 2163 hoc
239 2119 339 2162 alias
359 2119 596 2178 respondit,
627 2132 669 2163 et
695 2118 812 2178 quod
841 2135 931 2163 non
965 2118 1059 2163 Vult
1083 2119 1268 2163 revelare
1290 2119 1396 2163 illud
1423 2118 1541 2178 quod
1568 2119 1648 2162 fuit
1674 2121 1711 2162 ei

65 2200 318 2254 revelatum,
341 2202 434 2244 sine
459 2201 631 2244 licentia
655 2201 762 2256 Dei3
806 2213 847 2244 et
874 2199 992 2258 quod
1033 2216 1123 2244 non
1165 2193 1346 2259 requirit
1369 2201 1515 2245 Deum
1549 2200 1601 2244 de
1625 2200 1712 2245 hoc

117 2379 135 2398 *
162 2379 351 2432 Respond
377 2394 384 2418 :
411 2396 431 2416 <c
455 2381 501 2430 Je
522 2393 622 2419 vous
646 2393 696 2419 en
722 2393 770 2433 ay
794 2378 1012 2432 respondu‚
1041 2379 1061 2417 a
1082 2392 1192 2433 quoy
1224 2380 1259 2431 je
1289 2378 1392 2418 m'en
1419 2388 1590 2432 raporte.
1620 2395 1638 2415 ³>
1663 2380 1712 2419 Et

63 2451 110 2490 de
132 2452 168 2490 la
189 2452 332 2505 charge
354 2461 392 2491 et
412 2452 666 2499 conclusion,
692 2451 773 2490 s’en
794 2461 950 2504 raporte
969 2465 990 2489 a
1011 2460 1144 2489 nostre
1167 2451 1251 2489 Sire
1272 2450 1302 2489 5.

115 2524 151 2541 **
168 2524 355 2577 Respond
373 2523 517 2577 qu'elle
542 2538 589 2562 en
612 2538 631 2561 a
657 2523 881 2576 respondu;
906 2532 943 2561 et
965 2522 1108 2576 qu'elle
1134 2536 1182 2561 ne
1207 2521 1316 2561 veult
1350 2523 1463 2575 point
1497 2522 1647 2561 re'veler
1664 2536 1709 2562 ce

62 2597 128 2648 qui
160 2596 228 2648 luy
257 2610 276 2634 a
302 2597 382 2634 este
413 2596 560 2643 revele,
588 2609 677 2634 sans
703 2595 737 2633 le
757 2596 901 2648 congit':
927 2595 973 2633 de
997 2604 1130 2633 nostre
1159 2595 1376 2647 Seigneur3
1410 2604 1447 2633 et
1485 2594 1631 2648 qu’elle
1659 2609 1707 2633 ne

60 2668 236 2721 requiert
262 2669 374 2721 point
410 2682 500 2706 sans
548 2668 769 2715 necessite3
811 2677 848 2705 et
894 2666 1038 2720 qu'elle
1077 2666 1281 2705 vouldroit
1314 2666 1410 2719 qu’il
1443 2679 1492 2704 en
1517 2677 1709 2720 envoyast

60 2752 204 2778 encore
239 2740 342 2792 plus,
367 2739 456 2778 affin
483 2753 560 2792 que
583 2753 635 2778 on
657 2748 893 2792 apperceust
916 2737 1065 2776 mieulx
1090 2736 1231 2791 qu'elle
1274 2736 1353 2776 fust
1386 2750 1516 2777 venue
1554 2737 1601 2777 de
1639 2752 1709 2791 par

71 2812 186 2859 Dieu,
213 2811 304 2850 c'est
332 2812 521 2859 assavoir,
549 2812 616 2863 qui
641 2810 756 2849 l’eust
781 2811 960 2862 enx‘oye'e
984 2820 1011 2847 7.

115 2995 148 3022 1.
177 2985 272 3020 ABC
291 2997 301 3019 :
322 2990 428 3020 turre.
452 3005 496 3010 —
524 2995 556 3020 2.
577 2985 609 3019 Α
634 2997 644 3019 .·
670 2985 908 3028 sexagesimum
931 2988 1106 3029 quartum.
1132 3003 1175 3008 -—
1207 2993 1236 3028 3.
1260 2983 1306 3024 A,
1329 2984 1446 3028 ajoute
1469 2983 1632 3027 Johanua.
1662 3004 1708 3008 —

63 3053 101 3085 4.
130 3044 161 3079 A
181 3057 191 3079 .·
212 3045 419 3080 humanitus.
438 3065 481 3071 -
497 3054 532 3087 5.
558 3045 589 3079 A
611 3045 867 3090 :sexagesimum
884 3044 1053 3089 quintum.
1073 3062 1118 3069 ——
1137 3042 1170 3079 6.
1195 3043 1237 3085 U,
1257 3042 1318 3078 sol.
1347 3053 1399 3087 3o,
1423 3052 1466 3077 r0.
1486 3062 1532 3068 --
1550 3053 1582 3087 7.
1602 3042 1705 3085 llud„

68 3102 162 3136 idem.
