2099 3356
307 237 468 280 PRoclzs
512 249 565 278 DE
605 247 962 278 CONDAMNATION
1005 248 1059 276 DE
1092 247 1253 288 JEANNE
1289 233 1416 276 n'ARc
1606 235 1681 288 163

91 350 278 403 Magister
296 349 502 398 Johannes
525 347 679 395 Dulcis,
708 355 750 386 ut
770 345 1013 400 praecedens.

93 421 282 474 Magister
304 421 483 473 AEgidius
506 419 553 458 de
573 419 760 472 Campis:
789 418 971 471 legantur
1004 417 1174 464 articuli,
1216 426 1252 456 et
1285 418 1508 471 assignetur
1545 416 1579 455 ei
1605 416 1689 455 dies

41 494 87 532 ad
107 492 370 539 veniendum,
395 491 567 530 advisata
586 491 632 529 ad
655 490 997 543 respondendum.

96 565 283 617 Magister
308 563 503 603 Robertus
526 562 716 609 Barberii,
743 572 786 600 ut
811 561 1057 614 praecedens.

98 635 297 674 Dominus
331 634 448 673 abbas
472 634 791 687 Fiscampnensis
816 646 824 671 ε
846 641 964 686 prout
983 631 1056 671 sibi
1078 632 1248 680 videtur,
1272 633 1355 685 ipsa
1381 641 1536 671 tenetur
1563 633 1690 684 iurare

41 708 171 747 dicere
192 708 395 746 veritatem
423 706 470 745 de
495 706 556 744 his
578 718 666 758 quae
689 704 908 758 const[ent]
929 705 1129 757 tangentia
1147 716 1393 758 processum.
1413 704 1460 742 Et
1479 704 1508 742 si
1536 717 1617 742 non
1644 704 1692 742 sit

42 779 229 826 advisata,
273 778 414 817 habeat
450 777 685 816 dilationem
722 785 1035 830 competentem.
1063 776 1128 829 [Et
1159 775 1261 829 dies]
1300 775 1429 815 danda
1460 784 1517 815 est
1551 775 1586 814 ei
1611 785 1619 801 ¹
1655 783 1692 814 et

43 851 90 891 ad
112 851 358 890 veniendum
384 850 573 888 advisata.

94 923 281 974 Magister
297 922 500 970 Johannes
522 920 569 960 de
588 919 834 959 Cliasteillon
864 933 871 957 :
900 920 982 972 ipsa
1005 928 1163 958 tenetur
1191 919 1431 973 respondere
1463 919 1686 966 veritatem,

44 994 214 1033 maxime
236 1006 327 1032 cum
354 993 404 1032 ibi
428 1001 564 1046 agatur
589 992 636 1031 de
659 991 764 1031 facto
783 1005 870 1030 suo.

97 1066 284 1118 Magister
315 1064 486 1103 Erardus
507 1065 737 1116 Emengart,
761 1072 805 1102 ut
828 1063 1017 1102 dominus
1039 1063 1371 1116 Fiscainpncnsis.

100 1137 290 1190 Magister
306 1135 548 1175 Guillelmus
574 1135 608 1174 le
635 1135 848 1183 Bouchier,
879 1144 921 1187 ut
942 1135 1188 1187 praecedens.

102 1209 298 1247 Dominus
318 1209 426 1261 prior
446 1208 492 1246 de
514 1206 769 1261 Longavilla:
792 1207 829 1244 in
848 1206 908 1245 his
926 1220 1015 1260 quae
1033 1207 1203 1246 nesciret
1224 1206 1483 1259 respondere,
1501 1213 1661 1258 apparet
1684 1213 1697 1230 ²

49 1280 136 1327 sibi,
164 1280 273 1334 quod
297 1294 378 1319 non
404 1289 460 1318 est
480 1279 661 1332 cogenda
683 1279 923 1332 respondere
943 1292 1011 1332 per
1028 1279 1167 1327 credit,
1189 1278 1251 1317 vel
1277 1292 1358 1318 non
1378 1278 1514 1317 credit.

102 1352 291 1405 Magister
311 1352 515 1400 Johannes
540 1351 767 1404 Beaupere:
798 1351 835 1389 in
863 1351 923 1389 his
943 1350 990 1389 tle
1021 1349 1166 1404 quibus
1197 1360 1301 1390 certa
1331 1360 1389 1389 est
1423 1360 1460 1389 et
1488 1363 1577 1404 quae
1609 1358 1700 1388 sunt

49 1424 97 1464 de
118 1423 238 1471 facto,
261 1423 502 1477 respondere
521 1432 679 1462 tenetur
696 1423 917 1462 veritatem.
947 1423 989 1461 In
1014 1422 1076 1461 his
1106 1432 1239 1462 autern
1272 1423 1310 1461 in
1346 1421 1490 1476 quibus
1533 1421 1701 1460 nesciret

48 1497 255 1536 veritatem
280 1494 536 1548 respondere,
560 1503 627 1534 aut
648 1495 757 1548 quod
778 1495 872 1548 juris
889 1504 1006 1542 esset,
1028 1495 1057 1533 si
1080 1502 1187 1547 petat
1216 1494 1465 1541 dilationem,
1494 1493 1620 1532 danda
1645 1501 1702 1531 est

55 1570 186 1608 eidem
209 1568 361 1607 dilatio.

107 1641 297 1693 Magister
314 1639 487 1689 Jacobus
509 1639 556 1678 de
575 1639 769 1687 Turoma,
790 1649 832 1678 ut
848 1639 1090 1692 praecedenS.

106 1706 295 1764 Magisier
317 1711 510 1750 Nicolaus
542 1711 642 1750 Midi
681 1721 722 1750 ut
759 1711 1003 1764 praecedens,
1042 1711 1177 1750 addito
1209 1711 1333 1764 quod,
1367 1711 1398 1749 si
1424 1723 1531 1749 nunc
1565 1710 1703 1749 debeat

56 1783 244 1837 compelli
277 1785 403 1836 jurare
426 1783 606 1836 praecise,
631 1797 671 1821 se
697 1782 813 1821 refert
837 1783 884 1821 ad
912 1784 1082 1835 juristas.

107 1856 294 1908 Magister
316 1854 530 1893 Mauricius
552 1854 599 1893 de
625 1855 858 1907 Quesneyo,
884 1864 925 1893 ut
946 1853 1135 1893 dominus
1152 1854 1487 1907 Fiscampnensis.

110 1927 298 1979 Magister
317 1927 521 1975 Johannes
540 1925 586 1964 de
601 1925 735 1973 Nibat,
764 1925 894 1979 quoad
918 1924 1122 1973 articulos,
1150 1939 1190 1964 se
1229 1923 1347 1964 refert
1380 1925 1425 1964 ad
1453 1926 1623 1978 juristas‚
1647 1933 1699 1973 et,

54 1998 182 2052 quoad
210 1999 496 2050 juramentum,
521 1998 637 2037 debet
651 1997 779 2037 facere
801 1998 1070 2050 juramentum
1094 1998 1141 2037 de
1165 1998 1337 2037 dicendo
1359 1999 1564 2037 veritatem
1588 2009 1706 2050 super

55 2071 116 2110 his
145 2084 234 2124 quae
258 2080 423 2123 tangent
448 2083 679 2122 processum
714 2080 751 2109 et
781 2069 923 2119 fidem3
964 2079 1001 2108 et
1026 2070 1057 2108 si
1089 2082 1208 2122 super
1237 2069 1436 2123 aliquibus
1457 2069 1571 2108 faciat
1604 2068 1707 2108 diffi-

54 2143 242 2182 cultatem
266 2142 507 2195 respondere
530 2143 750 2189 veritatem,
772 2151 809 2180 et
830 2151 936 2195 petat
956 2141 1208 2190 dilationem,
1235 2141 1363 2181 danda
1385 2151 1444 2180 est
1464 2142 1609 2180 eidem.

108 2215 294 2267 Magister
313 2214 518 2263 Johannes
539 2212 666 2261 Fabri,
692 2227 731 2252 se
756 2213 872 2252 refert
897 2214 944 2252 ad
969 2215 1138 2266 juristas.

110 2286 298 2339 Magister
325 2287 460 2324 Petrus
482 2286 665 2324 Mauricii
687 2300 694 2323 :
720 2286 767 2324 de
791 2287 901 2324 notis
924 2286 1176 2339 respondeat.

111 2358 299 2411 Magister
322 2357 543 2397 Gerardus:
565 2366 724 2396 tenetur
746 2357 989 2410 respondere
1013 2371 1081 2409 per
1099 2358 1381 2409 juramentum.

113 2430 302 2483 Magister
324 2412 497 2478 Jacobus
521 2428 730 2474 Guesdon,
755 2438 798 2468 ut
816 2428 1061 2482 praecedens.

116 2501 304 2554 Magister
324 2502 503 2540 Thomas
528 2501 576 2540 de
598 2500 821 2540 Courcellis
840 2514 848 2539 ε
872 2510 1030 2540 tenetur
1049 2501 1311 2553 respondere3
1331 2509 1368 2539 et
1388 2501 1496 2554 quod
1529 2501 1709 2554 legantur

61 2572 229 2620 articuli,
254 2582 291 2611 et
307 2572 478 2626 legendo
503 2573 766 2626 respondeat3
791 2582 828 2611 et
852 2572 1258 2625 quoadydilationem,
1287 2573 1318 2611 si
1340 2581 1462 2625 petat,
1488 2572 1617 2611 danda
1651 2581 1710 2611 est

67 2645 120 2684 ei.
1089 2633 1091 2636 .

119 2716 304 2768 Magister
334 2716 511 2754 Andreas
543 2717 765 2768 Marguerie
806 2725 864 2754 est
900 2717 1107 2769 opinionis
1148 2717 1256 2770 quod
1297 2717 1381 2769 ipsa
1406 2717 1546 2755 babeat
1587 2718 1712 2769 jurare

67 2799 186 2840 super
205 2788 291 2826 haec
322 2801 410 2841 quae
432 2797 599 2840 tangunt
631 2800 862 2840 processum
885 2802 892 2835 3
924 2797 961 2826 et
989 2788 1119 2840 quoad
1151 2787 1217 2826 illa
1249 2801 1338 2841 quae
1363 2796 1455 2827 sunt
1475 2788 1607 2835 dubia,
1631 2801 1713 2827 cre-

69 2858 124 2897 dit
145 2858 251 2911 quod
273 2859 389 2898 debet
413 2857 541 2897 cidem
565 2859 645 2897 dari
671 2858 824 2897 dilatio.

124 2929 308 2983 Magister
332 2931 549 2984 Dionysius
590 2930 791 2969 Gastinel:
829 2930 945 2970 debet
978 2932 1127 2983 jurare,
1163 2941 1199 2970 ct
1234 2931 1333 2970 bene
1367 2933 1463 2984 petit
1506 2942 1715 2985 promotor

128 3155 154 3177 1.
179 3145 246 3178 λίς.
269 3158 277 3177 .·
301 3150 342 3178 cl.
373 3166 410 3169 —-
434 3156 463 3179 2.
492 3145 576 3179 llvsd.
602 3157 610 3178 .·
636 3151 762 3191 assume!
781 3146 877 3191 (sic).
