2099 3356
328 200 406 244 124
602 187 759 231 Pnocfzs
792 200 848 230 DE
881 200 1232 232 CONDAMNATION
1266 201 1322 231 DE
1353 202 1520 246 JEANNE
1551 188 1678 233 D'ARC

320 299 365 343 in
388 298 564 357 judicio,
592 299 709 358 quod
740 299 796 343 ibi
824 301 988 344 veniret
1014 301 1157 359 aliqua
1181 301 1368 345 turbatio
1396 318 1469 360 per
1495 303 1617 361 cujus
1644 301 1839 347 medium
1872 302 1960 361 ipsa

321 395 463 443 posset
486 382 655 427 liberari
685 392 712 427 ¹.
749 384 799 427 Et
825 384 1008 428 aestimat
1033 383 1150 443 quod
1187 386 1239 428 sit
1270 401 1409 429 unum
1439 385 1505 429 vel
1544 386 1726 430 alterum
1757 388 1956 432 istorum.

322 468 388 521 Et,
430 479 479 510 ut
523 466 777 524 plurimum,
815 482 940 511 voces
976 469 1019 511 ei·
1061 467 1263 512 dixerunt
1305 468 1424 527 quod
1468 470 1555 527 ipsa
1603 468 1849 514 liberabitur
1890 486 1963 528 per

324 566 526 607 magnam
562 551 783 594 victoriam
803 568 814 604 3
853 563 893 594 et
930 563 1073 609 postea
1099 550 1250 595 dicunt
1283 551 1361 595 sibi
1398 552 1499 610 ipsae
1539 568 1664 597 voces
1694 570 1702 596 :
1742 570 1761 593 «
1807 553 1961 612 Capias

323 647 467 679 totum
495 646 728 691 gratanter3
753 650 840 678 non
869 651 989 678 cures
1007 634 1058 678 de
1080 636 1288 693 martyrio
1310 647 1412 689 tuo3
1447 648 1493 679 tu
1531 638 1674 681 venies
1698 636 1881 680 finaliter
1916 638 1960 680 in

325 734 506 776 regnum
536 716 728 775 paradisi.
764 735 783 758 ›>
814 718 864 761 Et
886 718 966 762 hoc
991 718 1192 762 dixerunt
1219 718 1298 762 sibi
1332 734 1457 763 voces
1493 719 1742 778 simpliciter
1764 733 1805 764 et
1840 719 1961 764 abso-

324 803 429 856 lute,
460 801 542 846 hoc
569 815 630 846 est
657 803 748 846 sine
777 801 960 847 defectu.
989 803 1039 846 Et
1076 815 1198 846 vocat
1232 802 1337 847 illud
1367 804 1639 861 martyrium,
1670 819 1746 861 pro
1767 819 1896 862 poena
1923 816 1962 848 et

324 885 578 930 adversitate
605 901 733 944 quam
756 888 916 944 patitur
937 887 980 929 in
1000 902 1161 930 carcere
1182 903 1194 940 3
1221 899 1262 930 et
1288 887 1421 931 nescit
1450 900 1599 931 utrum
1627 889 1838 945 majorem
1868 903 1959 946 poe-

326 986 425 1014 nam
450 970 650 1028 patietur,
674 969 744 1013 sed
764 969 816 1014 de
845 970 925 1014 hoc
949 987 992 1014 se
1017 970 1142 1014 refert
1168 971 1277 1015 Deo.

386 1054 651 1111 Interrogata
674 1054 723 1106 si,
760 1065 989 1112 postquam
1029 1069 1153 1097 voces
1176 1070 1263 1098 suae
1294 1052 1494 1097 dixerunt
1523 1054 1601 1097 sibi
1628 1053 1746 1113 quod
1780 1054 1965 1098 finaliter

327 1140 415 1196 ipsa
437 1137 512 1181 ibit
534 1138 577 1180 in
606 1135 866 1194 paradisum,
897 1138 930 1181 si
957 1139 1044 1196 ipsa
1073 1150 1188 1181 tenet
1215 1153 1258 1181 se
1287 1150 1568 1182 assecuratam
1596 1137 1648 1182 de
1680 1137 1861 1182 essendo
1888 1139 1964 1182 sal-

327 1233 435 1272 vata,
460 1234 499 1265 et
532 1220 648 1279 quod
671 1237 758 1264 non
787 1219 1063 1265 damnabitur
1086 1222 1129 1264 in
1155 1220 1348 1265 inferno:
1371 1220 1590 1280 respondit
1611 1220 1725 1280 quod
1750 1221 1963 1266 creditfir-

331 1306 457 1348 miter
489 1303 594 1349 illud
637 1303 753 1362 quod
794 1319 920 1348 voces
958 1303 1035 1348 sibi
1076 1303 1292 1358 dixerunt,
1334 1303 1530 1348 videlicet
1560 1303 1677 1363 quod
1713 1303 1958 1357 salvabitur,

327 1405 448 1448 aeque
474 1388 655 1433 firmiter
681 1404 726 1434 ac
753 1390 785 1431 si
814 1390 900 1446 jam
930 1387 986 1432 ibi
1015 1401 1122 1432 esset
1148 1396 1177 1432 ².

384 1473 646 1531 Interrogata
681 1474 729 1525 si,
774 1485 868 1531 post
905 1473 1027 1516 istam
1058 1473 1379 1527 revelationem,
1412 1474 1500 1531 ipsa
1527 1472 1659 1517 credit
1686 1471 1802 1531 quod
1831 1474 1919 1531 ipsa
1945 1481 1955 1505 ³

328 1573 419 1601 non
455 1558 586 1615 possit
622 1572 790 1614 peccare
826 1557 1061 1600 mortaliter
1091 1574 1097 1599 :
1131 1555 1350 1614 respondit
1380 1574 1387 1600 :
1425 1573 1444 1595 «
1475 1557 1564 1614 Ego
1599 1555 1706 1599 nihil
1740 1557 1854 1610 sci03
1888 1556 1960 1600 sed

325 1658 374 1685 ex
403 1654 497 1685 toto
523 1656 591 1685 me
620 1640 754 1685 refero
775 1640 826 1684 ad
852 1641 1011 1684 Deum.
1045 1657 1064 1680 »
1096 1641 1159 1693 Et,
1185 1656 1282 1684 cum
1306 1639 1384 1683 sibi
1403 1639 1620 1685 dicebatur
1641 1639 1758 1699 quod
1781 1641 1856 1684 ista
1879 1655 1959 1684 res-

326 1858 454 1883 aucun
477 1844 647 1891 trouble,
673 1858 740 1896 par
764 1843 854 1897 quel
877 1844 1011 1882 moien
1035 1843 1108 1882 elle
1131 1844 1312 1896 pourroit
1337 1853 1436 1882 estre
1459 1843 1630 1882 ilelix'ree
1652 1858 1660 1892 3
1687 1853 1724 1882 et
1743 1856 1863 1895 pense
1887 1856 1963 1896 que

325 1930 368 1955 ce
393 1917 469 1954 soit
499 1929 550 1954 ou
570 1916 650 1954 l'nn
671 1929 723 1954 ou
749 1915 896 1954 l'autre.
928 1917 971 1954 Et
1000 1915 1034 1954 le
1060 1915 1147 1968 plus
1173 1915 1239 1967 lu)v
1265 1915 1374 1954 dient
1399 1928 1458 1953 ses
1485 1915 1574 1953 voix
1597 1914 1739 1968 qu’elle
1761 1928 1843 1953 sera
1863 1914 1958 1953 deli-

327 1989 416 2026 vree
438 2001 506 2040 par
525 1987 648 2039 grand
673 1988 860 2033 victoire3
880 1997 917 2026 et
939 1988 1048 2040 apres
1068 1987 1134 2039 luy
1159 1987 1268 2026 dient
1291 2000 1351 2025 ses
1373 1987 1462 2025 voix
1491 2001 1498 2024 ε
1526 2004 1541 2021 «
1569 1987 1666 2024 Pran
1689 1995 1774 2024 tout
1798 2000 1846 2024 en
1873 1987 1957 2038 gre,

328 2074 376 2099 ne
397 2069 434 2098 te
459 2059 599 2098 chaille
622 2059 668 2097 de
690 2069 759 2097 ton
786 2059 942 2097 martire
965 2073 973 2105 3
994 2068 1033 2097 tu
1060 2058 1137 2097 t’en
1160 2058 1325 2096 vendras
1350 2057 1456 2096 enfin
1487 2071 1535 2096 eu
1556 2057 1760 2110 royaulme
1785 2057 1831 2096 de
1856 2071 1964 2110 para-

329 2132 401 2170 dis.
429 2148 446 2166 »
474 2132 520 2169 Et
545 2144 586 2169 ce
610 2131 676 2184 luy
696 2131 803 2169 dient
825 2144 886 2168 ses
911 2131 1000 2168 voix
1024 2129 1278 2182 simplement
1302 2139 1338 2168 ct
1357 2129 1648 2175 absoluement,
1672 2128 1764 2167 c'est
1788 2129 1963 2167 assavoir

330 2217 417 2241 sans
449 2202 593 2250 faillir3
626 2212 662 2240 et
695 2201 849 2254 appelle
883 2216 940 2248 ce,
975 2202 1146 2247 martire,
1183 2215 1284 2254 pour
1315 2201 1348 2239 la
1372 2201 1485 2253 paine
1517 2210 1554 2239 et
1589 2200 1780 2239 adversite
1820 2199 1964 2253 qu'elle

330 2273 473 2313 seuffi·e
495 2288 542 2313 en
571 2274 605 2312 la
625 2274 775 2326 prison,
800 2283 837 2312 et
858 2288 909 2311 ne
935 2274 1029 2320 sealt
1061 2288 1099 2311 se
1126 2272 1213 2325 plus
1239 2272 1361 2325 grand
1385 2270 1589 2317 souffrera,
1614 2272 1711 2310 mais
1735 2271 1815 2310 s'en
1834 2281 1963 2310 actent

334 2347 352 2384 a
385 2356 517 2384 nostre
543 2346 750 2397 Seigneur.

389 2417 642 2469 Interroguee
665 2430 719 2459 se,
743 2417 883 2469 depuis
909 2429 984 2469 que
1010 2429 1069 2453 ses
1100 2416 1189 2453 voix
1212 2414 1278 2467 luy
1297 2425 1367 2453 ont
1392 2414 1448 2453 dit
1471 2414 1612 2467 qu’elle
1635 2414 1686 2452 ira
1713 2428 1760 2453 en
1786 2414 1819 2453 la
1842 2414 1895 2452 fin
1917 2428 1965 2453 eu

337 2501 527 2542 royaume
546 2488 593 2526 de
619 2488 788 2540 paradis,
814 2487 922 2526 s’elle
943 2501 982 2525 sc
1015 2488 1114 2525 tient
1142 2487 1320 2525 asseuree
1342 2485 1483 2525 d’estre
1511 2487 1668 2533 sauvee,
1692 2496 1728 2524 et
1749 2485 1892 2539 qu'elle
1917 2499 1963 2524 ne

335 2574 415 2599 sera
440 2561 554 2612 point
576 2560 770 2612 dampnec
792 2573 840 2597 en
869 2557 978 2596 enfer
1002 2572 1008 2596 :
1036 2558 1208 2610 respond
1230 2557 1372 2610 qu’elle
1398 2558 1517 2596 croist
1540 2556 1799 2595 fermeement
1823 2570 1866 2595 ce
1891 2570 1966 2609 que
1993 2610 1997 2614 λ

334 2645 393 2670 ses
422 2632 512 2669 voix
544 2631 611 2683 luy
644 2640 713 2668 ont
747 2631 803 2668 dit
830 2629 972 2682 qu’elle
1003 2642 1085 2668 sera
1120 2629 1291 2676 saulvee,
1317 2629 1419 2667 aussi
1451 2628 1688 2667 fermement
1708 2641 1785 2681 que
1810 2627 1917 2666 s'elle
1944 2641 1968 2680 y

335 2703 414 2741 fust
444 2703 491 2755 ja.
526 2703 571 2740 Et
590 2711 710 2754 quant
738 2715 789 2739 on
813 2701 880 2753 luy
908 2701 1027 2739 disoit
1051 2714 1127 2754 que
1151 2709 1256 2739 ceste
1280 2713 1468 2753 response
1496 2700 1613 2738 estoit
1637 2700 1684 2738 de
1704 2708 1819 2751 grant
1843 2700 1930 2752 pois
1958 2713 1965 2737 :

334 2775 437 2813 aussi
462 2772 730 2826 respond-elle
761 2771 902 2825 qu’elle
933 2772 968 2810 la
991 2773 1087 2810 tient
1108 2785 1209 2824 pour
1223 2785 1308 2823 ung
1329 2780 1443 2824 grant
1461 2771 1600 2809 tresor.

391 2992 418 3015 1.
451 2980 547 3014 ΑΒΕ
575 2992 618 3014 en
649 2990 768 3025 marge
792 2991 798 3012 :
822 2979 862 3012 In
884 2979 1012 3025 jndicio
1041 2979 1164 3024 poterit
1193 2989 1256 3012 esse
1285 2977 1442 3018 turbatio,
1466 2976 1541 3010 inde
1572 2977 1711 3010 liberari
1728 2976 1895 3023 [poterit].
1923 2997 1969 3001 —

340 3051 372 3075 2.
402 3041 433 3074 A
456 3051 499 3074 cn
519 3049 637 3085 marge
660 3051 667 3074 :
688 3035 805 3073 Crbdit
817 3039 970 3084 firmiter
989 3037 1071 3083 quod
1099 3037 1285 3071 salvabitur
1304 3048 1340 3070 ac
1363 3037 1394 3070 si
1407 3039 1478 3083 jam
1508 3041 1584 3070 esset
1611 3037 1645 3070 in
1667 3035 1889 3082 paradisum;
1909 3035 1966 3073 BC

339 3111 382 3133 en
405 3110 523 3144 marge
552 3111 558 3132 :
583 3098 635 3132 Ita
657 3098 802 3132 credit...
834 3099 867 3131 in
886 3097 1058 3143 paradiso,
1092 3117 1136 3121 —
1171 3107 1199 3141 3.
1229 3095 1296 3129 AC
1312 3104 1487 3130 omettent
1509 3096 1589 3141 ipsa.
