2099 3356
316 164 399 205 216
595 162 754 204 PRocfis
786 175 843 204 DE
874 175 1228 205 CONDAMNATION
1262 176 1319 205 DE
1349 176 1516 218 JEANNE
1550 162 1678 206 D'ARc

315 273 433 333 quod
456 286 575 332 capta
597 273 762 327 fuisset,
793 286 944 317 utrum
971 274 1060 331 ipsa
1088 273 1190 317 illuc
1216 275 1361 318 ivisset
1390 273 1464 323 ubi
1489 274 1569 319 fuit
1593 287 1711 334 capta
1741 293 1749 319 :
1779 292 1953 336 respon-

311 357 388 411 dit,
419 359 451 401 si
480 359 567 415 ipsa
589 358 778 401 scivisset
803 356 956 400 horam
979 370 1020 401 et
1034 356 1154 415 quod
1183 356 1397 402 debuisset
1417 359 1524 416 capi,
1550 374 1640 402 non
1656 360 1800 403 ivisset
1820 359 1958 404 liben-

314 454 378 485 ter
389 459 400 495 ;
424 453 568 484 tamen
592 439 778 484 finaliter
804 441 892 498 ipsa
917 439 1082 484 fecisset
1117 453 1378 499 praeceptum
1418 456 1578 486 vocum
1615 458 1807 496 suarum,
1835 442 1962 501 quid—

316 522 420 582 quid
448 523 548 567 inde
568 522 648 567 sibi
671 523 887 567 debuisset
909 525 1095 568 evenire.

376 608 500 659 Item,
535 606 661 662 jovis,
684 620 757 649 xv.
787 589 946 660 martii,
976 607 1236 664 interrogata
1258 607 1292 650 si
1313 623 1511 666 unquam
1534 606 1631 651 fecit
1651 607 1794 666 aliqua
1813 621 1962 652 contra

317 702 579 748 praeceptum
618 702 660 733 et
692 689 966 733 voluntatem
992 705 1168 734 suarum
1205 705 1399 734 vocum:
1441 690 1663 748 respondit
1701 690 1821 749 quod
1854 691 1960 736 illud

317 772 435 831 quod
458 774 546 831 ipsa
571 773 714 831 potuit
740 786 781 816 et
821 774 944 817 scivit
980 772 1133 826 facere,
1170 774 1258 832 ipsa
1295 773 1395 818 fecit
1427 785 1468 817 et
1499 774 1736 833 complevit
1771 791 1848 833 pro
1883 791 1964 819 suo

319 873 454 915 posse.
490 857 555 905 Et,
581 869 795 914 quantum
826 869 888 900 est
918 855 969 900 de
996 856 1105 900 saltu
1133 873 1155 900 a
1182 858 1288 901 turri
1316 865 1325 882 ¹
1365 856 1417 901 de
1438 858 1693 912 Beaurevoir,
1715 873 1847 917 quem
1875 859 1963 917 ipsa

320 939 416 984 fecit
439 953 588 983 contra
624 952 886 998 praeceptum
921 956 1078 985 vocum
1109 956 1287 984 suarum
1313 949 1344 995 ²,
1377 956 1466 985 non
1495 943 1636 999 potuit
1660 957 1704 986 se
1725 941 1963 996 abstinere3

319 1022 554 1082 etquando
575 1039 700 1067 voces
736 1023 974 1068 viderunt³
1007 1040 1129 1068 suam
1162 1025 1475 1078 necessitatem,
1517 1038 1569 1069 et.
1593 1024 1711 1084 quod
1752 1025 1966 1070 nesciebat

321 1123 462 1166 neque
481 1119 645 1165 poterat
656 1123 699 1150 se
715 1120 876 1161 tenere,
893 1120 1196 1151 succurrerunt
1213 1108 1312 1151 vitae
1327 1124 1415 1151 suae
1429 1121 1471 1152 et
1488 1124 1583 1152 eam
1601 1122 1966 1167 praeservaverunt

321 1190 372 1234 de
393 1207 435 1234 se
460 1190 773 1234 interficiendo.
795 1191 845 1234 Et
866 1190 973 1235 dixit
999 1191 1111 1235 ultra
1137 1190 1271 1250 quod,
1296 1190 1509 1250 quidquid
1529 1192 1615 1249 ipsa
1635 1208 1833 1250 unquam
1850 1192 1962 1245 fecit,

321 1290 489 1332 semper
516 1276 616 1332 ipsae
649 1290 775 1318 voces
802 1275 845 1318 in
869 1275 958 1318 suis
986 1276 1153 1332 magnis
1185 1274 1360 1332 agendis
1391 1288 1697 1320 succurrerunt
1717 1276 1778 1330 ei3
1814 1288 1855 1319 et
1884 1276 1965 1320 hoc

323 1371 383 1402 est
411 1359 584 1415 signum
620 1357 737 1415 quod
771 1370 871 1402 sunt
909 1357 1011 1402 boni
1046 1359 1234 1416 spiritus.
1276 1359 1399 1412 Item,
1445 1358 1610 1412 eadem,
1647 1360 1906 1417 interrogata
1933 1360 1966 1403 si

322 1441 512 1485 creditne
535 1440 654 1499 quod
681 1442 734 1484 sit
762 1457 970 1499 magnum
1000 1455 1220 1499 peccatum
1249 1441 1301 1486 de
1325 1441 1588 1486 offendendo
1613 1455 1780 1486 sanctas
1803 1443 1966 1486 Katha-

325 1527 462 1569 rinam
488 1537 528 1568 et
547 1526 831 1582 Margaretam
865 1541 964 1583 quae
996 1538 1199 1583 apparent
1232 1527 1287 1577 ei,
1317 1539 1359 1569 et
1386 1525 1438 1570 de
1460 1525 1656 1570 faciendo
1691 1539 1839 1570 contra
1867 1542 1969 1585 prae—

323 1622 496 1667 ceptum
523 1624 670 1652 earum
692 1625 699 1651 :
724 1607 830 1652 dixit
854 1608 971 1667 quod
990 1610 1064 1663 sic,
1092 1611 1167 1667 qui
1189 1608 1269 1653 hoc
1297 1610 1375 1653 scit
1392 1608 1622 1653 emendare
1645 1627 1657 1664 ;
1687 1622 1729 1653 et
1759 1609 1877 1668 quod
1905 1626 1969 1654 res

324 1694 367 1735 in
393 1708 477 1750 qua
492 1708 687 1750 unquam
711 1694 845 1749 magis
868 1691 1051 1736 offendit
1065 1708 1149 1745 erm,
1175 1691 1256 1736 fuit
1274 1694 1318 1735 in
1337 1693 1445 1737 saltu
1462 1692 1680 1750 praedicto,
1694 1705 1742 1737 ut
1763 1703 1779 1726 4
1800 1695 1837 1737 ei
1853 1693 1969 1737 vide-

324 1789 479 1830 tur;et
508 1775 559 1819 de
585 1775 665 1819 hoc
689 1782 699 1807 5
730 1777 789 1819 eis
824 1777 975 1833 petivit
1005 1777 1177 1819 veniam
1214 1789 1255 1819 et
1290 1775 1342 1820 de
1368 1775 1460 1820 aliis
1495 1776 1671 1820 offensis
1697 1792 1804 1834 quas
1830 1789 1969 1834 potest

325 1859 471 1903 fecisse
491 1858 693 1903 adversus
720 1875 802 1902 eas.

389 1997 628 2039 XXXVIII.
657 2011 676 2034 «
707 1997 831 2049 ITEM,
847 1995 957 2040 dicta
971 1996 1186 2052 Johanna,
1212 1997 1325 2050 licet,
1342 2014 1364 2040 a
1388 2010 1582 2055 ternpore
1604 2013 1692 2041 suae
1713 1998 1969 2055 juventutis,

328 2080 448 2134 dixit,
475 2080 571 2124 fecit
593 2093 634 2124 et
653 2081 909 2138 perpetravit
936 2096 1067 2138 quarn
1096 2080 1282 2139 plurima
1311 2080 1437 2133 mala,
1468 2081 1622 2138 turpia,
1648 2096 1774 2134 saeva,
1799 2079 1972 2134 scanda-

329 2164 431 2217 losa,
462 2163 741 2221 opprobriosa
756 2177 796 2206 et
818 2164 937 2207 sexui
958 2179 1038 2207 suo
1053 2163 1421 2214 disconvenientia
1445 2165 1640 2218 crimina,
1657 2176 1825 2222 peccata
1844 2176 1971 2222 atque

329 2247 493 2300 delicta,
526 2247 816 2290 nihilominus
852 2246 959 2290 dixit
1001 2260 1041 2290 et
1073 2248 1251 2291 asseruit
1278 2248 1427 2290 omnia
1459 2263 1748 2305 quaecumque
1783 2246 1895 2297 fecit,
1922 2263 1971 2291 ex

331 2344 446 2388 parte
475 2331 554 2374 Dei
579 2343 619 2373 et
640 2346 690 2374 ex
717 2332 809 2387 ejus
836 2329 1061 2374 voluntate
1082 2329 1256 2382 fecisse;
1287 2329 1493 2389 quodque
1519 2330 1627 2373 nihil
1648 2330 1746 2374 fecit
1764 2346 1838 2374 seu
1856 2331 1969 2384 facit,

330 2415 435 2471 quin
466 2414 545 2457 hoc
568 2429 590 2456 a
617 2413 712 2456 Deo
740 2414 963 2470 proveniat
985 2426 1026 2456 et
1043 2428 1116 2470 per
1143 2413 1424 2457 revelationes
1445 2426 1694 2457 sanctorum
1717 2413 1970 2471 angelorum

331 2511 372 2540 et
387 2510 628 2540 sanctarum
656 2497 876 2554 virginum
900 2496 1146 2540 Katharinae
1167 2493 1492 2554 et'Margaretae.

390 2579 409 2599 '⁹‘
436 2579 501 2623 Ad
532 2579 647 2623 hunc
672 2580 687 2604 ⁶
717 2580 964 2629 articulum,
992 2579 1212 2638 respondit
1233 2588 1247 2613 7
1276 2579 1394 2638 quod
1429 2581 1517 2637 ipsa
1550 2596 1593 2623 se
1629 2579 1754 2623 refert
1785 2579 1836 2623 ad
1865 2579 1970 2624 illud

333 2663 450 2720 quod
469 2663 569 2707 alias
590 2662 641 2706 de
657 2662 737 2706 hoc
763 2663 883 2706 dixit.

387 2806 403 2822 ²⁶
424 2804 609 2857 Respond
631 2803 776 2856 qu'elle
798 2804 879 2843 s'en
900 2805 1039 2843 actend
1061 2804 1109 2842 ad
1130 2818 1174 2843 ce
1189 2818 1265 2858 que
1287 2803 1495 2843 autresfois
1516 2804 1591 2843 elle
1615 2818 1663 2843 en
1685 2818 1706 2843 a
1720 2804 1776 2843 dit
1796 2806 1825 2842 8.

386 2953 413 2975 1.
431 2942 462 2975 Α
477 2954 487 2975 .·
517 2947 611 2974 turre
625 2962 672 2966 —
694 2952 726 2975 2.
746 2941 777 2975 A
797 2941 1067 2987 :praedictm-um.
1086 2963 1131 2966 —
1155 2952 1184 2986 3.
1202 2941 1263 2975 BC
1281 2954 1291 2975 .·
1311 2942 1480 2975 viderant.
1498 2962 1540 2966 -
1561 2952 1595 2984 4.
1615 2941 1647 2975 A
1667 2953 1677 2974 .·
1692 2942 1788 2975 sicut.
1811 2961 1859 2966 —-
1885 2950 1916 2984 5.
1939 2941 1971 2974 A

333 2999 450 3043 ajoute
472 2999 552 3043 ipsa.
576 3018 620 3022 —
637 2996 670 3032 6.
696 2998 726 3031 A
746 3009 759 3043 :¹
778 2999 982 3032 tricesimum
998 3003 1160 3032 octavum.
1182 3018 1228 3022 —
1248 3009 1284 3042 7.
1304 2998 1334 3031 A
1354 3010 1364 3031 .·
1380 2997 1717 3044 respondetsohamm.
1736 3017 1777 3022 —
1793 2997 1828 3031 8.
1851 2996 1892 3037 U,
1906 2995 1970 3031 fol.

339 3067 394 3099 29,
415 3067 459 3090 ΥΟ.
