2099 3356
316 173 397 215 312
428 152 437 160 ”
594 157 748 200 Ρκοεὶῑς
783 171 836 199 1)ss
870 168 1227 199 CONDAMNArion
1261 169 1317 197 DE
1349 168 1515 210 JEANNE
1548 155 1679 198 D’ARc

312 271 600 328 cognovimus
624 268 743 328 quod
772 269 848 312 ista
889 267 1045 312 mulier
1071 269 1114 310 in
1143 267 1292 311 multis
1316 266 1562 311 defectuosa
1597 282 1686 311 esse
1715 266 1957 322 vid-ebatur,

313 369 563 413 quanquam
592 368 655 396 res
692 367 782 395 non
817 352 871 395 sit
911 350 1050 395 adhuc
1073 349 1186 408 apud
1216 365 1294 394 nos
1337 350 1538 394 ultimate
1561 349 1868 406 determinata3
1921 363 1962 396 et

313 450 546 495 antequam
568 435 618 479 ad
644 433 896 491 hujusmodi
926 433 1173 478 ultimatam
1200 432 1607 477 determinationem
1631 435 1792 491 negotii
1813 449 1964 493 proce—

315 520 528 569 deremus,
552 520 693 562 visum
719 530 782 561 est
806 517 955 561 multis
975 517 1119 575 probis
1143 529 1184 560 et
1203 518 1527 561 conscientiosis
1551 518 1653 561 viris
1682 530 1810 576 atque
1831 519 1960 562 etiam

317 602 560 647 scientificis
587 602 826 660 plurimum
845 600 1042 659 expedire
1064 613 1110 644 ut
1122 600 1329 644 omnibus
1352 599 1492 644 modis
1518 600 1806 645 laboraremus
1824 602 1959 660 ipsam

318 688 525 730 instruere
552 701 680 743 super
705 685 769 728 his
797 686 841 728 in
867 684 1025 743 quibus
1049 683 1228 729 deficere
1268 683 1510 738 videbatur,
1544 697 1673 742 atque
1708 697 1800 729 toto
1839 700 1962 743 posse

317 783 463 814 nostro
500 767 695 812 eamdem
740 767 938 812 reducere
980 766 1030 811 ad
1055 769 1169 811 viam
1198 780 1239 812 et
1277 768 1546 826 agnitionem
1571 768 1775 812 veritatis.
1825 767 1959 821 Quod

318 852 470 909 utique
502 865 698 908 peragere
732 850 835 893 totis
856 847 1079 892 desideriis
1113 849 1361 907 optavimus
1387 861 1428 892 et
1454 861 1670 907 optamus.
1712 847 1759 892 Id
1786 863 1964 907 quoque

319 949 472 977 omnes
497 949 686 991 quaerere
705 931 927 986 debemus,
953 944 994 976 et
1018 933 1228 990 praecipue
1256 933 1330 990 qui
1352 933 1395 975 in
1421 931 1601 976 Ecclesia
1625 945 1665 976 et
1697 931 1968 976 administra-

320 1019 438 1061 tione
465 1015 716 1060 divinorum
744 1031 1064 1066 conversamur,
1084 1017 1361 1059 utcaritative
1387 1015 1467 1059 sibi
1493 1028 1785 1060 monstremus
1803 1015 1907 1074 quid
1936 1025 1965 1070 ¹,

322 1103 365 1144 in
403 1100 527 1144 dictis
567 1113 639 1143 aut
677 1099 798 1143 factis
821 1101 927 1155 ejus,
969 1115 991 1142 a
1019 1098 1116 1151 fide,
1147 1100 1324 1143 veritate
1344 1111 1386 1143 et
1432 1099 1638 1157 religione
1665 1098 1873 1153 dissonat,
1927 1112 1969 1143 et

321 1185 535 1228 caritative
571 1199 831 1227 moneamus
869 1195 917 1227 ut
953 1199 1041 1226 suae
1077 1182 1225 1226 salutis
1247 1198 1418 1226 memor
1447 1198 1535 1226 esse
1563 1182 1680 1226 velit.
1719 1182 1867 1234 Quam
1912 1182 1968 1226 ob

322 1283 510 1320 causam,
558 1268 699 1325 primo
736 1268 870 1324 ipsam
901 1265 1102 1310 reducere
1143 1267 1407 1309 tentavimus
1449 1281 1522 1324 per
1571 1266 1712 1324 plures
1758 1266 1969 1310 notabiles

323 1351 518 1395 doctores
545 1351 588 1394 in
616 1350 850 1407 theologia,
874 1366 983 1409 quos
1006 1348 1056 1393 ad
1085 1366 1180 1394 eam
1206 1350 1524 1394 transmisimus
1543 1348 1718 1394 diversis
1742 1349 1907 1394 vicibus
1925 1363 1966 1394 et

325 1434 501 1478 diversis
525 1434 690 1487 diebus,
713 1450 826 1477 nunc
852 1435 969 1487 istos,
996 1449 1112 1477 nunc
1133 1432 1266 1487 alios,
1294 1434 1369 1491 qui
1386 1449 1462 1491 pro
1477 1433 1638 1477 viribus
1659 1433 1710 1478 ad
1738 1435 1860 1477 istam
1879 1449 1968 1477 rem

326 1534 500 1576 operam
546 1516 756 1561 dederunt
792 1533 890 1560 cuni
932 1518 1052 1560 omni
1099 1515 1452 1566 mansuetudine,
1496 1529 1538 1560 et
1579 1503 1800 1560 coactione
1836 1517 1970 1574 quali-

327 1617 515 1659 cumque
541 1613 745 1645 cessante.
776 1599 873 1653 Sed,
898 1600 1154 1658 praevalente
1178 1601 1331 1644 astutia
1366 1599 1555 1654 Diaboli,
1585 1599 1781 1644 nondum
1817 1601 1861 1643 in
1888 1601 1971 1644 hoc

326 1684 489 1743 aliquid
518 1684 719 1742 proficere
749 1696 998 1742 potuerunt.
1029 1683 1114 1728 Ubi
1142 1696 1286 1728 autem
1307 1686 1514 1742 privatam
1540 1683 1793 1741 hujusmodi
1817 1682 1974 1728 admo-

328 1770 541 1812 nitionem
578 1768 747 1812 nullum
773 1767 920 1811 afferre
954 1767 1141 1812 fructum
1181 1769 1501 1825 conspeximus,
1531 1768 1673 1811 visum
1715 1779 1779 1811 est
1812 1783 1974 1826 oppor-

329 1865 486 1895 tunum
511 1865 571 1905 ut,
599 1850 718 1894 vobis
739 1850 945 1895 omnibus
972 1850 1226 1895 solemniter
1240 1852 1524 1909 congregatis,
1555 1852 1633 1894 ista
1662 1850 1816 1895 mulier
1842 1849 1975 1895 dulci-

330 1949 392 1979 ter
415 1948 455 1979 et
485 1936 701 1978 caritative
735 1933 1042 1978 admoneretur
1069 1950 1196 1992 super
1232 1936 1322 1992 ejus
1346 1933 1596 1978 reductione
1620 1933 1790 1992 praefata
1815 1952 1827 1989 3
1874 1935 1976 1992 quia

331 2019 471 2063 forsan
493 2019 713 2076 praesentia
738 2031 873 2061 vestra
900 2031 940 2061 et
968 2018 1210 2061 exhortatio
1234 2033 1256 2060 a
1288 2018 1484 2075 plurimis
1510 2017 1615 2061 facta
1641 2019 1778 2076 ipsam
1812 2017 1976 2061 facilius

331 2101 382 2145 ad
412 2102 700 2145 humilitatem
720 2114 762 2144 et
789 2100 1079 2145 obedientiam
1116 2100 1305 2154 inducet,
1330 2113 1377 2144 ut
1399 2117 1487 2144 non
1510 2102 1747 2159 acquiescat
1786 2102 1974 2145 nimium

333 2202 422 2229 suae
466 2187 714 2238 sententiae,
752 2183 823 2228 sed
856 2183 997 2227 credat
1035 2183 1218 2227 consilio
1260 2183 1497 2242 proborum
1541 2197 1581 2228 et
1617 2185 1858 2242 sapientum
1901 2185 1975 2242 qui

335 2270 476 2312 sciunt
501 2269 591 2326 jura
610 2266 753 2311 divina
779 2279 819 2311 et
843 2267 1048 2320 humana,
1073 2282 1125 2310 ne
1142 2266 1339 2323 gravibus
1360 2282 1404 2310 se
1426 2267 1623 2324 periculis
1649 2279 1850 2325 exponat,
1877 2267 1977 2325 qui-

336 2351 414 2396 bus
435 2364 475 2395 et
496 2352 640 2394 anima
668 2364 708 2394 et
732 2367 886 2408 corpus
907 2352 998 2408 ejus
1028 2350 1251 2408 periclitari
1281 2363 1469 2410 possent.
1501 2351 1550 2394 Et
1576 2349 1628 2394 ad
1648 2350 1756 2394 hanc
1777 2349 1976 2394 admoni-

336 2437 501 2478 tionem
526 2443 536 2460 2
579 2433 832 2487 faciendam,
871 2433 1176 2491 deputavimus
1214 2450 1350 2477 unum
1387 2433 1706 2488 doctissimum,
1745 2435 1977 2492 antiquum

339 2519 593 2575 magistrum
623 2519 664 2560 in
694 2518 928 2575 theologia,
954 2519 997 2560 in
1024 2517 1177 2561 talibus
1202 2517 1483 2575 ⁴singulariter
1512 2530 1752 2576 expertum,
1783 2517 1980 2562 videlicet

341 2603 594 2658 magistrum
622 2601 868 2656 Johannem
891 2600 942 2644 de
969 2601 1246 2651 castellione,
1276 2599 1630 2645 archidiaconum
1659 2600 1978 2654 Ebroicensem,

340 2685 431 2742 qui,
451 2685 485 2726 si
513 2684 663 2742 placet,
689 2683 738 2728 ad
768 2699 952 2741 praesens
974 2683 1055 2728 hoc
1092 2700 1204 2727 onus
1246 2685 1422 2742 accipiet
1469 2683 1520 2727 de
1564 2683 1794 2742 aperiendo
1839 2682 1978 2728 eidem

343 2767 510 2810 mulieri
540 2767 680 2824 aliqua
723 2780 879 2825 puncta
910 2780 1021 2811 certa
1063 2768 1106 2810 in
1142 2767 1298 2825 quibus
1329 2766 1508 2811 deficere
1544 2765 1728 2819 videtur,
1759 2778 1888 2825 prout
1929 2782 1979 2810 ex

341 2850 528 2892 consiliis
553 2863 592 2893 et
615 2849 998 2894 deliberationibus
1030 2851 1268 2909 peritorum
1305 2850 1621 2907 recollegimus,
1648 2863 1689 2893 et
1730 2866 1822 2893 eam
1847 2849 1979 2894 indu-

397 3061 424 3082 1.
443 3050 477 3093 Q
497 3051 612 3095 :qnod
632 3071 678 3075 —
698 3061 743 3084 2:
756 3053 783 3084 A
807 3063 816 3084 :
838 3051 1106 3084 ammonitionem
1122 3064 1131 3089 ,·
1152 3051 1181 3085 C
1205 3064 1214 3084 .·
1234 3052 1459 3085 monitionem.

2056 214 2081 261 ἑ
