2099 3356
383 164 541 207 moeris
583 178 637 207 DE
675 177 1031 208 CONDAMNATION
1073 179 1127 208 DE
1159 179 1327 221 JEANNE
1360 165 1490 210 D'Aizc
1675 182 1755 225 327

114 274 298 319 Gabriel.
326 276 452 329 Item,
476 276 579 320 dicit
596 278 713 335 quod
737 278 825 335 ipsa
847 279 996 335 petivit
1015 278 1246 322 consilium
1269 294 1291 322 a
1307 278 1484 323 vocibus
1504 281 1590 323 suis
1608 294 1757 325 utrum

129 375 199 417 psa
235 375 279 402 se
316 359 588 404 submitteret
612 360 806 404 Ecclesiae
834 374 1007 419 propter
1034 361 1115 405 hoc
1149 360 1268 420 quod
1294 375 1444 420 gentes
1470 364 1761 408 ecclesiasticae

115 441 281 486 fortiter
308 443 518 500 urgebant
550 459 645 487 eam
678 443 730 489 de
768 460 812 488 se
851 443 1151 489 submittendo
1179 446 1404 500 Ecclesiae3
1441 460 1482 490 et
1516 447 1598 491 illae
1634 464 1761 492 voces

114 525 315 570 dixerunt
333 525 412 570 sibi
433 526 567 585 quod,
591 528 625 570 si
652 528 755 571 velit
779 527 897 586 quod
926 528 1045 572 Deus
1069 527 1242 586 adjuvet
1269 545 1380 581 eam,
1411 531 1497 589 ipsa
1521 547 1563 575 se
1588 547 1763 589 exspec-

115 622 175 653 tet
196 609 245 653 ad
273 626 375 654 eum
397 609 448 654 de
475 609 682 654 omnibus
710 610 830 666 factis
851 613 952 655 suis.
984 613 1108 665 Item,
1145 611 1249 656 dicit
1277 613 1393 671 quod
1414 613 1522 658 bene
1546 616 1623 658 scit
1643 615 1762 674 quod

114 693 260 737 Deus¹
288 709 457 751 semper
477 693 557 738 fuit
583 695 783 751 magister
800 696 1001 739 omnium
1029 695 1241 740 factorum
1270 698 1417 755 ipsius,
1448 711 1489 741 et
1515 697 1633 757 quod
1661 700 1762 743 Dia-

114 777 238 822 bolus
278 794 507 837 nunquam
539 778 743 823 habuerat
779 792 1031 837 potestatem
1072 796 1200 839 super
1233 779 1339 825 facta
1381 798 1470 826 sua.
1507 783 1631 835 Item,
1657 782 1761 827 dicit

112 860 231 919 quod
254 863 403 920 petivit
429 878 451 905 a
468 862 647 906 vocibus
670 864 759 908 suis
780 879 830 906 an
852 864 941 920 ipsa
962 876 1070 907 esset
1092 863 1332 918 combusta,
1357 877 1398 910 et
1418 865 1536 923 quod
1558 865 1720 910 eaedem
1744 876 1758 893 ²

110 961 234 989 voces
257 946 336 990 sibi
365 944 680 1004 responderunt
697 945 814 1004 quod
838 948 925 1005 ipsa
948 963 991 991 se
1012 960 1223 1005 exspectet
1249 947 1301 992 ad
1322 949 1587 1003 Dominum,
1610 963 1651 994 et
1673 952 1760 1009 ipse

115 1028 279 1086 juvabit
306 1045 418 1073 earn.

171 1114 296 1167 Item,
334 1115 610 1172 interrogata,
645 1114 697 1158 de
727 1115 852 1171 signo
889 1130 1061 1159 coronae
1085 1131 1215 1173 quam
1251 1115 1354 1160 dicit
1386 1116 1516 1161 fuisse
1555 1117 1757 1162 traditam

113 1197 436 1256 archiepiscopo
474 1199 695 1252 Remensi,
728 1211 877 1242 utrum
927 1200 1014 1257 ipsa
1044 1199 1147 1242 velit
1183 1215 1226 1243 se
1266 1199 1417 1244 referre
1445 1200 1586 1245 eidem
1620 1202 1762 1246 archi-

112 1282 315 1339 episcopo
339 1298 347 1324 :
375 1280 598 1340 respondit
621 1299 628 1325 :
656 1299 676 1322 «
707 1282 883 1326 Faciatis
907 1298 1009 1325 eum
1030 1284 1193 1337 venire,
1221 1296 1262 1326 et
1287 1296 1430 1341 postea
1458 1283 1509 1328 de
1536 1284 1618 1329 hoc
1639 1284 1762 1329 vobis

111 1363 406 1423 1·espondebo;
449 1381 527 1410 uec
564 1366 652 1423 ipse
683 1364 859 1410 auderet
892 1365 1030 1410 dicere
1066 1368 1331 1410 contrarium
1371 1368 1461 1424 ejus
1500 1367 1619 1426 quod
1659 1368 1759 1413 inde

111 1448 232 1494 vobis
253 1448 357 1493 dixi.
392 1467 412 1488 ›>

169 1534 270 1577 Visa
292 1544 440 1576 autem
465 1532 754 1577 obduratione
781 1535 914 1577 animi
945 1535 1011 1577 sui
1043 1546 1084 1577 et
1111 1533 1253 1578 modis
1287 1536 1623 1593 responsionum
1659 1552 1759 1580 sua-

111 1633 224 1670 rum,
250 1633 343 1671 nos,
374 1616 534 1674 judices
559 1616 779 1670 antedicti,
806 1619 1009 1661 timentes
1043 1633 1096 1661 ne
1129 1617 1207 1661 sibi
1236 1634 1386 1676 parum
1420 1617 1624 1676 proficere
1657 1635 1759 1677 pos-

111 1713 204 1745 sent
228 1702 440 1746 cruciatus
465 1713 806 1755 tormentorum,
842 1701 893 1745 ab
929 1700 1089 1745 eisdem
1125 1714 1310 1760 protunc
1346 1701 1579 1746 inferendis
1614 1719 1759 1761 super-

111 1784 256 1830 sedere
281 1784 501 1839 duximus,
525 1784 662 1829 donec
680 1801 807 1845 super
828 1785 910 1829 hoc
930 1785 1098 1844 plenius
1125 1785 1358 1830 consilium
1380 1785 1649 1831 haberemus.

164 2037 256 2075 Item
279 2037 335 2075 dit
362 2036 505 2089 qu'elle
529 2035 583 2090 [a]
608 2036 804 2076 demand&
830 2036 981 2075 conseil
1005 2038 1024 2075 ἡ
1043 2050 1104 2074 363
1129 2037 1216 2075 voix
1240 2036 1348 2075 s'elle
1371 2050 1410 2075 se
1444 2036 1704 2076 submectroit
1737 2038 1757 2076 51

107 2108 283 2161 l'Eglise,
311 2122 412 2161 pour
432 2122 476 2147 ce
500 2122 577 2161 que
603 2108 657 2147 les
684 2122 782 2161 gens
805 2108 969 2161 d'e'glise
992 2108 1028 2146 la
1049 2109 1273 2160 pressoient
1294 2107 1373 2146 fort
1393 2108 1441 2147 de
1466 2122 1506 2147 se
1531 2108 1756 2148 submectre

108 2181 129 2219 ἐι
155 2179 331 2232 l’Eglise,
370 2189 408 2218 et
438 2179 487 2219 ilz
516 2179 585 2232 luy
612 2189 683 2219 ont
713 2180 770 2219 dit
791 2193 882 2234 que,
916 2180 1024 2219 s'elle
1048 2180 1158 2219 veult
1188 2193 1264 2233 que
1299 2189 1432 2218 nostre
1462 2180 1658 2233 Seigneur
1688 2180 1756 2233 luy

108 2252 212 2301 aide,
239 2251 385 2305 qu'elle
409 2251 608 2292 s'actende
629 2252 650 2290 ἐι
671 2251 739 2305 luy
761 2251 808 2291 de
838 2261 929 2291 tous
955 2266 1015 2291 ses
1039 2251 1126 2290 fais.

163 2325 272 2370 Item,
297 2325 353 2362 dit
373 2323 518 2377 qu'elle
540 2325 634 2372 scait
659 2323 748 2362 bien
772 2337 848 2377 que
874 2334 1006 2362 nostre
1027 2324 1223 2376 Seigneur
1241 2337 1261 2361 a
1279 2325 1360 2362 este
1381 2324 1580 2375 tousjours
1600 2325 1758 2363 maistre

111 2396 158 2435 de
177 2410 238 2435 363
262 2395 349 2442 fais,
374 2405 411 2435 et
435 2409 512 2448 que
536 2395 749 2447 l’Ennemy
774 2394 924 2434 n’avoit
945 2408 1122 2448 oncques
1148 2408 1196 2433 eu
1213 2395 1422 2447 puissance
1445 2408 1511 2432 sur
1532 2408 1592 2434 ses
1617 2395 1702 2434 fais.

162 2467 341 2515 Ilem,dit
359 2481 435 2520 que
454 2467 528 2506 elle
550 2481 570 2505 a
592 2467 789 2506 demande
811 2467 830 2505 ἡ
855 2480 914 2505 ses
934 2467 1026 2505 voix
1048 2466 1155 2505 s'elle
1177 2480 1261 2504 sera
1285 2480 1384 2514 arse,
1403 2476 1439 2505 et
1463 2480 1539 2519 que
1565 2466 1619 2505 les
1638 2467 1761 2505 dictes

111 2540 203 2577 voix
225 2539 293 2592 luy
318 2549 389 2578 ont
419 2539 620 2591 respondu
644 2552 721 2592 que
734 2538 809 2577 elle
833 2552 872 2577 se
900 2538 1063 2577 actende
1082 2538 1103 2576 {1
1118 2548 1252 2577 nostre
1276 2538 1374 2585 Sire,
1399 2547 1436 2576 et
1462 2538 1487 2576 il
1519 2538 1588 2591 luy
1615 2538 1760 2577 aidera.

164 2612 274 2659 Item,
301 2612 353 2649 du
373 2612 486 2663 signe
508 2610 556 2650 de
577 2610 612 2649 la
628 2623 833 2650 couronne
851 2609 995 2662 qu’clle
1024 2609 1081 2648 dit
1101 2610 1212 2648 avoir
1231 2610 1311 2648 este
1328 2608 1444 2647 baille
1463 2609 1482 2647 εὶ
1497 2609 1763 2663 l'arcevesque

110 2683 156 2721 de
176 2683 310 2729 Rains,
336 2683 589 2736 interroguee
606 2681 712 2721 s'elle
729 2681 810 2720 s'en
828 2681 935 2720 veult
958 2690 1163 2734 rapportcr
1181 2682 1201 2719 ἐι
1226 2680 1293 2733 luy
1313 2695 1320 2719 2
1344 2681 1514 2734 respond
1541 2695 1548 2719 :
1576 2697 1593 2718 c<
1613 2682 1763 2720 Faictes

110 2755 144 2794 le
169 2769 193 2807 y
215 2756 344 2803 venir,
370 2764 505 2807 etque
537 2756 571 2807 je
603 2753 678 2793 l'oe
703 2753 848 2806 parler,
883 2763 920 2792 et
946 2754 1034 2806 puis
1059 2754 1094 2805 je
1113 2766 1215 2791 vous
1249 2752 1522 2805 respondr21y3
1564 2766 1612 2791 ne
1650 2753 1675 2791 il
1712 2766 1761 2791 ne

111 2826 261 2865 oseroit
279 2826 360 2865 dire
382 2825 418 2865 le
439 2825 636 2864 contraire
662 2824 710 2864 de
732 2838 775 2864 ce
797 2838 874 2877 que
904 2825 938 2876 je
957 2837 1057 2862 vous
1081 2837 1129 2863 en
1149 2837 1197 2876 ay
1219 2824 1275 2863 dit
1296 2829 1325 2862 3.
1362 2841 1377 2858 »

164 3076 193 3100 1.
217 3066 251 3109 Q
270 3074 368 3100 ornet
387 3065 490 3100 Dens.
516 3087 559 3091 -
584 3076 617 3099 2.
642 3065 672 3100 C
700 3077 709 3097 .·
730 3064 850 3098 eaedam
871 3065 965 3107 (sic).
991 3084 1033 3090 —-
1056 3074 1086 3108 3.
1113 3063 1155 3105 U,
1184 3063 1245 3098 fol.
1272 3074 1316 3107 31,
1339 3074 1384 3098 r0.
