2099 3356
330 195 409 240 142
591 181 749 227 Pnochs
787 196 844 226 DE
880 193 1231 226 CONDAMNATION
1271 195 1328 225 DE
1364 195 1529 238 JEANNE
1567 181 1696 226 D'ARC

325 313 344 336 «
370 296 420 340 Et
439 293 643 339 videbitis
672 313 692 336 »
713 295 872 354 inquit,
896 310 916 335 «
941 293 1059 353 quod
1088 294 1240 338 Gallici
1265 293 1372 338 bene
1396 295 1481 338 cito
1508 293 1789 338 lucrabuntur
1821 308 1960 339 unum

325 393 534 436 magnum
572 379 801 435 negotium
836 377 955 436 quod
999 378 1118 421 Deus
1153 378 1296 421 mittet
1323 378 1424 434 ipsis
1466 376 1655 430 Gallicis,
1695 389 1737 420 et
1769 375 1888 436 quod
1915 378 1960 420 in

324 461 406 506 hoc
430 461 615 515 nutabit,
632 459 781 519 gallice
803 461 1006 514 branlera,
1027 471 1169 504 totum
1194 474 1376 518 regnum
1404 459 1606 503 Franciae.
1632 475 1652 499 »
1680 460 1730 503 Et
1753 459 1834 504 hoc
1859 459 1961 504 dicit

323 557 387 598 ut,
423 544 598 604 quando
638 543 680 587 id
709 545 916 598 evenerit,
956 543 1075 602 quod
1121 543 1325 587 habeatur
1357 544 1568 587 memoria
1595 542 1713 601 quod
1741 543 1829 601 ipsa
1856 541 1962 587 dixit

325 622 419 672 hoc.

381 712 599 769 Requisita
638 709 754 769 quod
776 710 933 754 diceret
959 711 1196 754 terminum
1225 711 1267 753 in
1306 724 1395 768 quo
1420 709 1501 754 hoc
1540 711 1708 753 eveniet
1736 720 1744 752 τ
1787 723 1961 768 respon-

322 794 383 838 dit
404 811 412 838 :
444 810 463 834 «
492 795 580 852 Ego
603 809 671 838 me
698 804 895 852 exspecto
919 792 970 838 de
996 794 1077 837 hoc
1100 792 1150 837 ad
1182 794 1442 837 Dominum.
1464 810 1484 833 »

381 879 643 935 Interrogata
669 889 817 922 utrum
838 893 881 922 se
904 877 1053 921 referet
1074 877 1125 921 de
1146 876 1270 921 dictis
1298 888 1338 921 et
1358 875 1476 920 factis
1510 877 1597 920 suis
1624 876 1673 920 ad
1699 875 1962 920 determina-

318 963 484 1005 tionem
536 961 753 1004 Ecclesiae:
791 960 1036 1019 respondit:
1077 959 1210 1019 «Ego
1234 959 1370 1005 refero
1412 974 1480 1003 me
1514 959 1564 1004 ad
1595 960 1740 1004 Deum
1773 960 1847 1018 qui
1888 975 1956 1003 me

323 1046 453 1097 misit,
476 1043 526 1088 ad
555 1045 728 1088 Beatam
750 1045 947 1098 Mariam,
976 1055 1017 1088 et
1040 1058 1194 1088 omnes
1218 1044 1396 1088 Sanctos
1422 1054 1462 1087 et
1488 1045 1661 1087 Sanctas
1686 1040 1878 1102 paradisi.
1913 1042 1963 1086 Et

323 1128 494 1172 videtur
521 1128 627 1172 mihi
652 1127 771 1187 quod
792 1143 931 1171 unum
954 1139 993 1172 et
1015 1126 1130 1171 idem
1151 1140 1213 1171 est
1233 1127 1284 1171 de
1307 1128 1402 1171 Deo
1427 1140 1467 1170 et
1494 1127 1545 1171 de
1565 1126 1760 1180 Ecclesia,
1783 1137 1824 1170 et
1844 1125 1962 1185 quod

323 1211 374 1255 de
409 1212 503 1256 hoe
530 1226 618 1256 non
648 1211 773 1255 debet
798 1211 887 1254 fleri
914 1210 1156 1255 difficultas.
1195 1212 1341 1263 Quare
1378 1210 1516 1254 facitis
1542 1225 1619 1254 vos
1642 1209 1693 1254 de
1739 1210 1820 1254 hoc
1843 1208 1959 1253 diffi—

322 1297 560 1340 cultatem?
590 1310 609 1333 »

380 1380 506 1423 Tunc
524 1378 603 1423 sibi
628 1376 708 1422 fuit
729 1377 893 1422 dictum
908 1377 1025 1437 quod
1047 1391 1108 1422 est
1126 1393 1211 1422 una
1240 1378 1420 1421 Ecclesia
1446 1377 1732 1435 triumphans,
1762 1372 1834 1420 ub'i
1861 1387 1963 1420 sunt

324 1463 458 1517 Deus,
481 1464 640 1516 Sancti,
662 1463 816 1520 Angeli
838 1474 878 1506 et
902 1463 1057 1506 anirnae
1082 1463 1165 1518 jam
1189 1462 1356 1505 salvatae
1370 1478 1381 1516 ;
1413 1474 1475 1506 est
1496 1463 1624 1505 etiam
1641 1461 1823 1505 Ecclesia
1847 1458 1964 1504 mili-

322 1559 429 1599 tans,
469 1548 512 1589 in
545 1561 628 1604 qua
662 1558 722 1589 est
766 1547 892 1604 Papa,
927 1547 1108 1589 vicarius
1159 1546 1238 1589 Dei
1271 1546 1312 1588 in
1339 1546 1475 1595 terris,
1505 1543 1751 1598 cardinales,
1803 1543 1963 1602 praelati

320 1630 523 1683 ecclesiae,
553 1630 690 1674 clerus
717 1641 758 1672 et
785 1645 938 1673 omnes
971 1628 1073 1673 boni
1101 1629 1320 1672 christiani
1345 1640 1471 1686 atque
1495 1628 1719 1681 catliolici;
1744 1643 1839 1686 quae
1870 1628 1963 1685 qui-

324 1876 396 1915 roy
421 1862 467 1901 de
494 1862 667 1910 I³rance3
713 1878 730 1897 «
769 1870 806 1900 et
831 1861 962 1900 verres
990 1874 1065 1914 que
1096 1860 1151 1899 les
1189 1861 1387 1913 Francoys
1414 1860 1652 1913 gaigneront
1671 1858 1760 1899 bien
1786 1869 1863 1899 tost
1885 1873 1960 1899 une

321 1934 468 1988 grande
491 1934 710 1986 besoingne
727 1947 803 1986 que
821 1934 921 1971 Dieu
944 1933 1180 1985 envoyeroit
1195 1946 1268 1971 aux
1291 1934 1511 1985 Francoys;
1533 1941 1570 1971 et
1599 1941 1682 1970 tant
1700 1945 1775 1984 que
1798 1930 1822 1969 il
1845 1930 1962 1970 bran-

322 2006 399 2045 lera
425 2016 431 2032 ¹
464 2019 632 2059 presque
649 2014 735 2044 tout
756 2002 790 2043 le
810 2017 1000 2057 royautne
1023 2002 1070 2042 de
1093 2003 1237 2042 France
1261 2020 1299 2042 >).
1327 2003 1374 2041 Et
1395 2002 1451 2041 dit
1471 2001 1613 2056 qu'elle
1635 2002 1669 2041 le
1693 2002 1749 2042 dit
1763 2001 1839 2041 afin
1867 2015 1960 2056 que,

322 2086 444 2130 quant
469 2091 511 2116 ce
533 2090 616 2116 sera
637 2075 808 2123 adventi,
827 2089 903 2129 que
919 2089 971 2114 on
995 2075 1046 2114 ait
1073 2075 1267 2114 memoire
1285 2074 1428 2126 qu'clle
1447 2072 1494 2113 l’a
1515 2073 1585 2113 dit.

382 2150 429 2188 Et
454 2149 607 2202 requise
624 2148 670 2186 de
695 2147 776 2186 dire
793 2147 827 2185 le
849 2156 973 2185 terme
992 2161 999 2185 ε
1028 2146 1102 2185 dit:
1134 2162 1152 2182 «
1172 2146 1216 2195 Je
1236 2144 1340 2184 in'en
1367 2145 1506 2184 actend
1527 2146 1693 2185 anostre
1715 2145 1959 2198 Seigneur.»

377 2220 629 2272 Interroguee
654 2220 700 2257 de
729 2219 810 2257 dire
836 2217 943 2257 s'elle
966 2232 1004 2256 se
1027 2227 1253 2270 rapportera
1278 2217 1298 2255 a
1324 2215 1358 2255 la
1374 2216 1689 2256 de'terminacion
1709 2216 1757 2256 de
1772 2215 1958 2270 l’Eglise:

322 2291 521 2345 respond:
573 2308 588 2326 «
625 2292 668 2339 Je
694 2290 799 2328 m'en
826 2299 1008 2342 rapporte
1048 2290 1068 2327 a
1099 2298 1231 2327 nostre
1264 2289 1470 2341 Seigneur,
1509 2289 1576 2342 qui
1608 2288 1683 2327 ni’a
1709 2288 1904 2342 envoyee‚
1942 2287 1962 2326 a

322 2361 465 2402 Nostre
491 2363 630 2404 Datne,
655 2371 691 2400 et
715 2362 735 2399 a
764 2370 854 2400 tous
878 2360 932 2399 les
958 2360 1138 2399 benoictz
1164 2359 1294 2398 saints
1322 2369 1358 2398 et
1385 2359 1562 2398 Sainctes
1588 2359 1635 2398 de
1664 2359 1870 2412 paradis.»
1915 2361 1962 2398 Et

324 2434 392 2487 luy
414 2443 470 2473 est
491 2432 599 2472 advis
621 2447 697 2486 que
719 2431 812 2471 c'est
828 2441 915 2471 tout
938 2446 1019 2485 ung
1044 2431 1091 2470 de
1118 2441 1250 2470 nostre
1276 2430 1470 2483 Seigneur
1494 2440 1532 2469 et
1547 2430 1594 2469 de
1624 2429 1801 2484 l’Eglise,
1824 2440 1862 2470 et
1886 2444 1961 2484 que

325 2520 377 2544 on
402 2504 491 2544 n'en
523 2503 606 2543 doit
633 2505 746 2557 point
776 2503 870 2542 faire
901 2501 947 2542 de
976 2501 1181 2550 difficulte,
1210 2517 1257 2541 en
1291 2501 1534 2540 demandant
1555 2515 1655 2555 pour
1676 2514 1784 2556 quoy
1803 2516 1855 2541 on
1895 2500 1962 2540 fait

326 2575 517 2615 difficulte
539 2589 614 2629 que
636 2589 679 2614 ce
701 2589 748 2613 ne
774 2574 851 2613 soit
874 2583 959 2612 tout
983 2587 1077 2627 ung.

378 2646 518 2686 Adone
554 2645 622 2698 luy
647 2645 705 2684 fut
738 2644 793 2684 dit
821 2658 896 2699 que
928 2644 951 2683 il
979 2659 1003 2697 y
1037 2659 1055 2683 a
1086 2642 1245 2697 l’ssglise
1273 2643 1534 2696 triomphant,
1576 2645 1629 2682 οὺ
1655 2653 1712 2683 est
1745 2644 1861 2691 Dieu,
1906 2642 1961 2682 les

326 2719 486 2765 saincts‚
511 2718 566 2756 les
599 2715 734 2769 angles
764 2726 801 2754 et
833 2715 889 2754 les
922 2729 1028 2754 ames
1069 2714 1261 2754 saulvees.
1289 2714 1469 2768 L'Eglise
1491 2714 1678 2762 militant,
1701 2712 1794 2754 c’est
1828 2724 1961 2754 nostre

325 2789 425 2828 saint
447 2789 538 2841 pere
563 2787 597 2826 le
620 2788 738 2840 Pape,
763 2788 905 2826 vicaire
927 2785 973 2825 de
998 2787 1098 2825 Dieu
1123 2800 1170 2825 en
1194 2796 1309 2834 terre,
1338 2785 1392 2824 les
1419 2785 1660 2834 cardinanlx,
1683 2784 1738 2825 les
1763 2784 1889 2839 prelas
1913 2784 1960 2824 de

325 2859 485 2913 l'Eglise
507 2869 543 2898 et
573 2859 731 2911 clergie',
755 2868 792 2896 et
819 2868 907 2897 tous
923 2858 1023 2896 bons
1045 2859 1262 2896 chres-tiens
1285 2868 1321 2896 et
1342 2857 1614 2910 catlioliques;
1636 2856 1805 2910 laquelle
1830 2857 1960 2910 Eglise

379 3091 406 3114 1.
431 3079 498 3113 Ms.
524 3091 533 3113 :
552 3079 731 3114 brannera,

2046 21 2051 24 ι
2039 0 2051 13 ’Ί

2084 318 2099 346 ιω
2080 255 2099 299 9-5
2047 0 2099 236 ΝΜΙΜ
