2099 3356
340 190 499 233 PROCES
540 203 594 231 DE
633 202 987 231 CONDAMNATION
1030 203 1084 230 DF.
1116 202 1283 243 JEANNE
1318 187 1446 231 D'ARC
1638 200 1713 243 153

129 305 390 361 Interrogata
418 318 490 360 per
513 310 672 360 quam¹
700 314 862 359 partem
887 300 1208 359 amplexabatur
1223 316 1306 354 eas,
1332 314 1481 344 utrum
1511 317 1582 358 per
1596 316 1719 358 supe-

73 388 159 431 rius
180 386 247 430 vel
267 394 368 444 per²
391 385 569 429 inferius
599 402 607 427 :
644 383 867 442 respondit
893 383 1011 442 quod
1040 383 1194 427 melius
1221 383 1340 428 decet
1379 400 1447 427 eas
1487 383 1718 440 amplexari

75 486 148 528 per
174 469 350 513 inferius
375 485 507 528 quam
536 485 610 527 per
629 470 840 525 superius.

131 555 396 611 Interrogata
424 566 573 596 utrum
602 551 824 596 dederitne
851 550 1062 610 praedictis
1097 552 1259 595 Sanctis
1298 551 1439 609 aliqua
1473 564 1579 593 serta
1610 559 1618 580 ’τ
1653 550 1719 593 vel

72 637 294 695 capellos:
330 635 552 694 respondit
596 635 730 694 quod,
772 637 814 678 in
856 635 1071 678 honorem
1112 637 1317 692 ipsarum,
1357 635 1515 692 pluries
1545 634 1596 678 de
1638 633 1720 676 illis

71 721 191 764 sertis
214 719 332 764 dedit
359 719 621 778 imaginibus
652 735 726 762 seu
763 718 1212 777 repraesentationibus
1245 734 1391 762 earum
1424 719 1466 761 in
1504 718 1719 771 ecclesiis;

72 813 366 862 et,'quantum
392 803 442 847 ad
472 803 561 846 illas
594 819 692 861 quae
718 802 797 846 sibi
832 816 1052 860 apparent,
1080 819 1169 846 non
1199 802 1315 846 dedit
1350 803 1410 845 eis
1440 801 1557 846 unde
1582 817 1720 845 recor-

72 887 212 932 detur.
1546 872 1555 882 i

130 972 391 1029 Interrogata
418 984 584 1025 utrum,
609 970 785 1029 quando
813 969 999 1028 ponebat
1019 969 1273 1026 hujusmodi
1294 981 1401 1012 serta
1430 970 1473 1012 in
1493 968 1642 1012 arbore
1669 968 1720 1013 de

71 1071 156 1114 qua
179 1056 374 1113 superius
402 1054 582 1107 dictum,
613 1056 700 1112 ipsa
722 1067 902 1112 poneret
923 1053 992 1097 illa
1017 1055 1060 1096 in
1091 1053 1304 1098 honorem
1333 1069 1481 1096 earum
1515 1069 1612 1110 quae
1642 1052 1720 1095 sibi

73 1152 278 1197 apparent
303 1156 310 1182 :
341 1138 560 1196 respondit
585 1137 702 1196 quod
724 1154 829 1181 non.

134 1224 396 1281 Interrogata
416 1235 581 1275 utrum,
611 1220 788 1280 quando
814 1221 895 1265 illae
921 1222 1086 1266 Sanctae
1118 1220 1349 1265 veniebant
1380 1220 1429 1264 ad
1467 1236 1578 1273 eam,
1611 1219 1723 1263 face-

73 1320 191 1351 retne
213 1308 313 1365 ipsis
334 1307 634 1359 reverentiam,
654 1304 870 1350 flectendo
889 1322 1031 1363 genua
1054 1318 1096 1349 et
1118 1304 1367 1349 inclinando
1395 1320 1436 1348 se
1465 1322 1473 1348 :
1502 1303 1723 1362 respondit

73 1390 190 1450 quod
212 1392 301 1444 sic3
331 1404 389 1444 et,
419 1403 632 1449 quantum
661 1390 756 1448 plus
784 1403 963 1448 poterat,
995 1389 1173 1433 faciebat
1200 1390 1261 1432 eis
1293 1390 1596 1442 reverentiam,
1620 1389 1721 1446 quia

73 1474 180 1519 bene
201 1476 278 1519 scit
299 1474 417 1534 quod
442 1488 543 1518 sunt
566 1474 648 1517 illae
676 1491 772 1533 quae
793 1487 895 1518 sunt
922 1475 965 1517 in
995 1490 1127 1531 regno
1148 1472 1347 1531 paradisi,

131 1560 394 1617 Interrogata
426 1575 479 1602 an
526 1560 614 1616 ipsa
646 1560 724 1602 scit
753 1557 916 1616 aliquid
949 1557 1001 1602 de
1035 1558 1118 1602 illis
1160 1559 1236 1615 qui
1272 1556 1452 1610 vadunt,
1490 1556 1638 1614 gallice
1674 1573 1718 1600 en

71 1642 183 1686 [ἐν-ν(
201 1657 292 1687 avec
311 1643 483 1698 lessades
512 1657 520 1686 :
547 1641 768 1700 respondit
795 1641 914 1709 quod
942 1643 1031 1700 ipsa
1051 1657 1280 1700 nunquam
1307 1642 1404 1694 tuit,
1439 1657 1515 1684 nec
1545 1642 1622 1684 scit
1649 1640 1722 1683 ali-

128 1871 384 1923 Interroguee
410 1883 478 1923 par
499 1869 631 1923 quelle
647 1870 771 1922 partie
794 1868 868 1908 elle
890 1868 946 1907 les
964 1867 1149 1915 accoloit‚
1176 1882 1229 1907 ou
1244 1882 1314 1921 par
1332 1867 1455 1915 bault,
1474 1881 1526 1906 ou
1546 1881 1615 1921 par
1630 1867 1696 1906 bas
1715 1882 1723 1905 ε

75 1942 272 1995 respond:
302 1958 320 1977 «
344 1941 373 1980 Il
395 1941 518 1980 affiert
540 1941 687 1980 mieulx
709 1942 729 1979 a
754 1941 810 1980 les
828 1940 984 1980 accolet
1005 1954 1074 1993 par
1091 1928 1217 1979 lebas
1239 1953 1316 1993 que
1338 1954 1407 1993 par
1428 1939 1551 1978 bault.
1577 1956 1594 1975 »

129 2015 386 2066 Interrogue'e
411 2013 520 2052 s’elle
545 2014 630 2052 leur
651 2028 671 2051 a
692 2013 807 2066 point
831 2013 964 2051 donne'
987 2013 1034 2051 de
1058 2011 1332 2065 chappeaulx:
1360 2011 1533 2064 respond
1557 2025 1648 2065 que,
1676 2025 1724 2049 en

73 2085 259 2124 l’onneur
271 2084 421 2133 d'elles‚
440 2086 459 2123 a
481 2085 585 2124 leurs
604 2086 770 2138 imaiges
792 2099 845 2123 ou
862 2085 1160 2123 remembrance
1176 2085 1217 2123 es
1236 2084 1394 2137 eglises‚
1418 2098 1467 2122 en
1489 2098 1509 2122 a
1527 2083 1725 2136 plusieurs

73 2157 150 2196 fois
174 2158 306 2196 donne'
326 2172 335 2204 3
359 2167 396 2196 et
414 2167 537 2211 quant
561 2159 581 2196 a
614 2156 733 2196 celles
761 2157 827 2210 qui
848 2170 888 2195 se
909 2157 1115 2209 appairent
1141 2157 1160 2194 a
1188 2156 1278 2204 elle,
1309 2156 1400 2195 n’en
1431 2170 1450 2194 a
1472 2156 1588 2208 point
1605 2155 1721 2194 baill<-

74 2230 173 2268 dont
194 2229 269 2268 elle
288 2230 340 2267 ait
369 2230 578 2268 inemoire.

130 2303 398 2353 Interroguee‚
417 2310 539 2354 quant
558 2300 632 2339 elle
652 2301 816 2339 mectoit
830 2300 1078 2353 chappeaulx
1093 2314 1141 2339 en
1164 2299 1318 2347 l'arbre,
1340 2299 1446 2338 s’elle
1468 2299 1523 2338 les
1540 2300 1721 2338 meictoit

74 2387 122 2412 en
142 2373 328 2413 l'onneur
348 2373 396 2411 de
422 2372 540 2411 celles
563 2373 632 2426 qui
657 2372 726 2425 luy
748 2373 1000 2425 appairoient
1021 2387 1029 2412 2
1057 2372 1230 2424 respond
1250 2385 1326 2425 que
1353 2384 1449 2410 non.

130 2446 386 2498 Interroguee
408 2459 462 2492 se,
501 2454 623 2498 quant
657 2457 721 2483 ces
753 2445 930 2483 Sainctes
958 2444 1148 2483 venoient
1173 2445 1192 2482 a
1214 2443 1304 2492 elle,
1335 2442 1441 2482 s'elle
1470 2442 1555 2481 leur
1590 2442 1722 2482 faisoit

76 2518 189 2570 point
213 2519 438 2565 re've'rence,
463 2529 621 2555 comme
641 2516 688 2554 de
707 2529 747 2554 se
766 2515 1016 2568 agenouiller
1039 2529 1091 2554 ou
1112 2515 1303 2554 incliner:
1326 2514 1498 2567 respond
1520 2528 1596 2567 que
1622 2514 1721 2562 ouil‚

75 2598 112 2627 et
134 2589 169 2627 le
191 2588 280 2642 plus
298 2587 441 2641 qu'elle
460 2589 599 2641 povoit
627 2587 712 2626 leur
732 2587 826 2626 faire
846 2588 893 2626 de
914 2589 1140 2634 reverence‚
1167 2586 1243 2625 elle
1265 2586 1349 2625 leur
1370 2585 1527 2631 faisoit;
1555 2599 1631 2639 que
1650 2585 1724 2625 elle

77 2662 171 2709 sqait
189 2674 266 2714 que
289 2674 331 2699 ce
354 2670 444 2698 sont
460 2659 578 2698 celles
598 2660 665 2713 qui
692 2669 782 2698 sont
804 2673 853 2697 eu
875 2672 1067 2712 royaume
1090 2659 1137 2697 de
1159 2658 1329 2711 paradis.

130 2733 384 2785 Interrogue'e
406 2731 514 2770 s'elle
539 2732 636 2779 sqait
657 2732 740 2770 rien
764 2731 811 2769 de
834 2730 947 2769 ceulx
973 2731 1040 2783 qui
1072 2740 1171 2769 vont
1196 2744 1244 2768 en
1261 2730 1372 2768 l'erre
1387 2740 1403 2763 4
1422 2743 1517 2769 avec
1542 2730 1596 2768 les
1613 2730 1692 2768 fe'es
1714 2745 1721 2767 :

75 2803 247 2856 respond
272 2803 416 2857 qu'elle
436 2803 527 2841 n'en
550 2802 612 2841 fist
633 2816 827 2855 oncques,
855 2815 907 2840 ou
940 2811 1072 2840 sceust
1090 2801 1263 2855 quelque
1284 2802 1431 2849 chose3
1464 2802 1562 2839 mais
1585 2815 1604 2839 a
1633 2801 1722 2839 bien

128 3052 157 3076 x.
184 3042 219 3085 Q
243 3042 361 3088 ajoute
392 3043 440 3077 in.
478 3063 522 3067 —
557 3053 590 3076 2.
618 3042 650 3076 A
681 3051 779 3077 omet
799 3048 872 3088 per.
912 3061 956 3067 —-
996 3053 1026 3087 3.
1054 3042 1150 3076 ABC
1185 3053 1229 3076 en
1263 3053 1382 3087 marge
1418 3054 1424 3075 ;
1456 3042 1508 3075 De
1533 3042 1642 3075 sertis.
1672 3062 1718 3066 —

79 3110 112 3141 4.
142 3101 209 3135 Mt.
249 3113 259 3134 .·
293 3101 405 3136 l’eure.
