2099 3356
364 169 418 214 94
645 157 803 202 PROOES
836 170 891 202 DE
925 170 1275 202 eONDAMNATmN
1310 171 1366 201 DE
1397 147 1561 212 JaANNE
1593 156 1718 202 D'ARC

426 269 704 327 Interrogata,
733 268 908 327 quando
937 270 1113 328 signum
1141 270 1259 315 venit
1276 269 1327 315 ad
1353 285 1497 328 regem
1524 285 1670 324 suurn,
1693 268 1865 328 qualem
1888 285 2004 316 reve-

363 353 546 398 rentiam
571 354 658 410 ipsa
681 352 777 397 fecit
797 352 892 404 sibi,
916 365 956 397 et
983 365 1133 398 utrum
1159 352 1264 398 illud
1292 353 1457 398 venerit
1481 368 1531 398 ex
1556 365 1673 411 parte
1694 353 1774 398 Dei
1797 366 1804 394 :
1834 368 2006 411 respon-

364 435 424 480 dit
445 435 563 494 quod
589 438 676 494 ipsa
704 437 924 494 regratiata
948 435 1028 481 fuit
1054 437 1149 482 Deo
1175 435 1225 481 de
1250 436 1331 481 hoc
1351 435 1470 494 quod
1492 435 1685 482 liberavit
1708 452 1802 481 eam
1829 452 1851 481 a
1879 452 2008 494 poena

365 535 462 577 quae
479 518 557 563 sibi
586 518 712 564 fiebat
732 535 804 577 per
821 519 995 564 clericos
1016 519 1066 563 de
1094 519 1164 565 illa
1188 532 1320 577 parte,
1339 520 1415 577 qui
1429 511 1663 577 arguebant
1678 531 1826 565 contra
1847 520 2004 578 ipsam3

365 616 405 647 et
434 604 592 660 pluries
615 604 701 661 ipsa
728 603 846 646 flexit
865 618 1021 661 genua.
1046 604 1156 648 Item
1178 602 1278 647 dicit
1300 602 1419 661 quod
1449 619 1564 648 unus
1587 603 1777 661 angelus,
1807 619 1858 648 ex
1890 616 2006 662 parte

366 688 446 732 Dei
472 699 512 732 et
538 702 627 732 non
655 703 705 731 ex
726 699 840 745 parte
864 686 1054 741 alterius,
1078 686 1250 732 tradidit
1276 687 1450 744 signum
1490 687 1576 744 regi
1616 702 1711 742 suo,
1752 699 1793 732 et
1829 688 1917 745 ipsa
1955 685 2007 730 de

367 770 447 817 hoc
477 770 732 815 multotiens
758 771 911 828 gratias
938 771 1023 828 egit
1051 771 1160 815 Deo.
1199 770 1315 815 Dicit
1344 770 1455 815 ultra
1481 769 1600 829 quod
1631 770 1770 815 clerici
1797 769 1866 827 [de
1894 783 2007 829 parte

366 853 460 913 sua]
481 867 749 900 cessaverunt
764 870 939 912 arguere
961 870 1071 907 eam,
1091 853 1267 912 quando
1284 853 1529 899 habuerunt
1543 855 1718 912 signum
1740 854 2006 912 praedictum.

426 938 687 995 Interrogata
707 947 715 963 ¹
743 951 892 982 utrum
920 939 996 981 viri
1020 938 1285 982 ecclesiastici
1308 937 1358 981 de
1380 937 1449 981 illa
1475 950 1587 996 parte
1615 937 1816 981 viderunt
1835 939 2008 996 signum

369 1020 645 1079 praedictum:
675 1020 895 1079 respondit
917 1020 1051 1079 quod,
1077 1020 1254 1079 quando
1284 1036 1355 1065 rex
1389 1037 1493 1066 suus
1523 1035 1563 1067 et
1591 1022 1666 1079 qui
1689 1037 1789 1067 cum
1816 1036 1868 1066 eo
1890 1033 2009 1067 erant

369 1104 571 1149 viderunt
598 1106 769 1162 signum
799 1103 1050 1162 praedictum
1073 1117 1112 1149 et
1148 1105 1382 1162 ipsummet
1410 1104 1611 1161 angelum
1637 1105 1711 1163 qui
1752 1103 1858 1150 illud
1882 1103 2008 1150 tradi·

370 1187 450 1242 dit,
482 1189 569 1247 ipsa
598 1190 746 1245 petivit
774 1189 859 1245 regi
887 1204 967 1233 suo
1003 1204 1054 1232 an
1080 1201 1167 1233 erat
1199 1200 1458 1241 contentus;
1495 1187 1599 1246 quid
1627 1187 1847 1246 respondit
1890 1186 2008 1246 quod

370 1273 443 1316 sic.
472 1272 522 1317 Et
546 1284 649 1316 tunc
673 1273 758 1329 ipsa
789 1273 955 1316 recessit
979 1284 1019 1316 et
1045 1272 1121 1316 ivit
1141 1270 1191 1316 ad
1219 1287 1348 1316 unani
1377 1271 1611 1329 cappellam
1647 1273 1747 1316 satis
1790 1286 1937 1330 prope,
1968 1280 2011 1316 et

369 1355 532 1401 audivit
561 1368 662 1400 tunc
685 1355 767 1400 dici
794 1354 911 1414 quod
940 1364 1035 1413 post
1063 1356 1194 1412 ipsius
1213 1371 1425 1400 recessum
1452 1354 1677 1413 plusquam
1694 1366 1891 1400 trecentae
1920 1370 2010 1413 per-

369 1456 489 1485 sonae
524 1439 722 1484 viderunt
762 1441 940 1495 signum
974 1438 1241 1496 praedictum.
1284 1439 1400 1483 Dicit
1436 1438 1546 1484 ultra
1582 1437 1715 1496 quod,
1751 1454 1827 1496 pro
1863 1454 2010 1484 amore

370 1524 505 1581 ipsius
533 1536 573 1567 et
602 1536 648 1568 ut
673 1523 873 1568 homines
900 1536 1109 1568 cessarent
1133 1538 1227 1568 eam
1255 1523 1532 1580 interrogare,
1568 1523 1687 1569 Deus
1720 1521 1891 1568 volebat
1919 1538 2011 1581 per-

428 1774 698 1827 lnterroguee‚
726 1782 848 1827 quant
866 1772 901 1813 le
920 1773 1031 1826 signe
1054 1773 1139 1812 vint
1160 1787 1185 1812 a
1211 1786 1281 1812 son
1306 1786 1391 1826 roy,
1421 1772 1551 1826 quelle
1573 1773 1782 1813 reverence
1799 1771 1873 1812 elle
1891 1786 1915 1825 y
1931 1771 2008 1822 fist,

373 1855 408 1885 et
435 1844 489 1885 s'il
518 1845 601 1884 vint
627 1844 673 1884 de
706 1858 773 1899 par
806 1845 925 1884 Dieu:
952 1844 1122 1898 respond
1148 1843 1290 1898 qu‘ellc
1319 1843 1464 1884 inercia
1498 1853 1630 1884 nostre
1665 1844 1858 1897 Seigneur
1891 1843 1938 1884 de
1967 1857 2009 1886 ce

370 1918 437 1971 qui
455 1916 488 1956 la
513 1915 661 1956 delivra
685 1916 731 1956 de
755 1915 789 1956 la
807 1917 923 1970 paine
942 1915 1009 1955 des
1033 1915 1154 1955 clercs
1179 1916 1226 1955 dc
1246 1929 1314 1970 par
1334 1915 1420 1955 dela
1445 1916 1512 1968 qui
1531 1915 1738 1968 arguoient
1763 1902 1899 1956 contre
1917 1915 2007 1964 elle,

372 1998 409 2028 et
441 2002 479 2028 sc
505 1987 717 2042 agenoulla
742 1987 938 2042 plusieurs
963 1986 1053 2026 fois.

430 2060 518 2097 Item
542 2059 598 2098 dit
623 2072 697 2111 que
722 2072 804 2111 ung
828 2058 957 2111 angle,
999 2058 1046 2096 de
1084 2072 1151 2112 par
1190 2059 1290 2097 Dieu
1330 2067 1366 2098 et
1399 2071 1479 2097 non
1515 2057 1562 2097 de
1586 2071 1656 2111 par
1682 2067 1806 2109 autre,
1834 2058 1950 2098 bailla
1974 2057 2009 2099 le

373 2132 484 2186 signe
511 2131 529 2168 a
554 2144 625 2171 son
646 2144 716 2183 ro)v
732 2145 740 2177 ;
759 2140 796 2171 et
820 2129 894 2170 elle
916 2142 964 2169 en
991 2131 1133 2170 mercia
1155 2129 1283 2169 moult
1305 2129 1352 2168 dc
1378 2129 1452 2170 fois
1476 2139 1607 2170 nostre
1640 2130 1847 2183 Seigneur.

424 2204 515 2241 Item
548 2202 603 2240 dit
627 2215 702 2254 que
728 2201 782 2239 les
821 2200 943 2240 clercs
976 2201 1022 2240 dc
1057 2214 1125 2256 par
1167 2200 1252 2240 dclix
1294 2202 1493 2241 cesserent
1524 2202 1544 2240 it
1578 2200 1612 2240 la
1641 2214 1795 2254 arguor,
1823 2210 1944 2255 quant
1963 2201 2011 2241 ilz

372 2283 510 2313 curent
526 2287 616 2312 sceu
642 2273 736 2311 ledit
762 2273 886 2325 signe.

430 2346 684 2399 lnte1·rogut':e
704 2357 743 2384 se
765 2343 820 2382 les
834 2358 932 2398 gens
954 2343 1117 2398 d’eglise
1139 2343 1185 2383 de
1208 2357 1276 2398 par
1306 2343 1391 2384 dela
1414 2344 1564 2384 veirent
1586 2343 1620 2384 lc
1637 2345 1748 2396 signe
1770 2344 1908 2385 dessus
1932 2344 2008 2385 dit:

375 2416 548 2471 respond
570 2429 662 2470 que,
686 2425 808 2470 quant
839 2429 910 2454 son
936 2429 1007 2467 roy
1041 2425 1077 2455 et
1111 2415 1222 2455 ceulx
1258 2416 1323 2470 qui
1361 2416 1532 2455 estoient
1562 2429 1655 2455 avec
1699 2415 1753 2455 lui
1778 2425 1915 2456 eurent
1936 2429 2011 2456 veu

375 2488 472 2529 ledit
492 2489 618 2543 signe,
646 2497 683 2527 et
705 2500 875 2526 mesmes
897 2486 1039 2539 l'angle
1061 2487 1127 2541 qui
1154 2486 1188 2525 le
1213 2485 1344 2534 bailla,
1370 2486 1444 2526 elle
1478 2486 1674 2526 demande
1707 2486 1727 2526 ὲ
1755 2500 1827 2526 son
1862 2501 1933 2540 roy
1954 2487 2011 2527 s'il

376 2560 494 2600 estoit
518 2568 704 2606 contcnt3
729 2568 764 2598 et
796 2558 822 2598 il
847 2558 1052 2612 respondit
1085 2571 1159 2612 que
1190 2557 1287 2597 ouil.
1326 2559 1372 2598 Et
1405 2557 1509 2597 alors
1542 2557 1617 2598 elle
1642 2566 1754 2611 party
1778 2567 1815 2596 et
1852 2557 1932 2598 s’en
1954 2557 2012 2598 ala

376 2644 423 2669 en
450 2645 527 2669 une
550 2626 670 2683 petite
691 2629 897 2682 cliappelle
917 2631 1021 2667 asses
1040 2634 1143 2682 pre&
1170 2639 1206 2667 et
1228 2638 1326 2681 ouyt
1351 2628 1429 2667 lors
1454 2629 1536 2667 dire
1558 2642 1633 2681 que
1658 2630 1769 2683 apres
1796 2642 1868 2667 son
1888 2638 2013 2682 parte-

377 2711 486 2742 me'nt
510 2701 599 2755 plus
618 2701 665 2759 de
688 2711 745 2741 111<
764 2714 981 2753 personnes
1005 2701 1155 2739 veirent
1171 2699 1266 2739 ledit
1287 2701 1418 2753 signe.

432 2773 498 2813 Dit
520 2772 646 2813 oultre
669 2785 760 2826 que,
781 2785 850 2825 par
871 2771 1037 2811 l'amour
1055 2770 1170 2811 d'ellc
1189 2780 1225 2810 et
1245 2770 1361 2825 qu'ilz
1389 2770 1421 2811 la
1447 2770 1670 2811 laissassent
1694 2770 1714 2809 a
1748 2771 2009 2824 interroguer,

433 3069 461 3092 1.
485 3058 512 3091 B
529 3070 572 3092 en
592 3068 731 3103 marge:
754 3057 840 3091 Nota
854 3068 863 3090 .·
877 3056 973 3090 hiccle
992 3058 1098 3101 signo.
