2099 3356
155 38 246 99 m
269 37 342 86 «st.
381 12 528 100 eff>

327 197 485 241 PROCI'ES
528 211 582 239 DE
620 209 972 238 CONDAMNATloN
1022 210 1077 237 DE
1109 210 1272 250 JEANNE
1307 195 1432 238 D'ARC
1621 210 1700 251 149

55 312 216 355 virtute
243 310 357 353 illius
383 309 527 353 vexilli
555 317 583 358 ¹,
614 308 847 352 lucraretur
870 309 1019 352 omnia
1047 307 1154 351 bella
1181 309 1225 351 in
1250 307 1407 366 quibus
1434 323 1477 351 se
1504 321 1699 365 poneret⁷

54 407 96 439 et
123 411 177 438 an
213 393 386 437 haberet
409 393 607 437 victorias
634 409 642 435 :
679 390 901 449 respondit
935 390 1053 450 quod
1087 390 1290 435 dixerunt
1321 393 1359 436 ei
1387 390 1507 450 quod
1540 404 1705 450 caperet

52 478 267 531 audacter,
297 490 338 521 et
365 476 482 535 quod
512 477 632 520 Deus
657 475 878 533 adjuvaret
904 491 1014 518 earn.

115 563 380 618 Interrogata
412 577 465 604 an
494 562 581 618 ipsa
615 559 711 618 plus
738 561 902 616 juvaret
930 559 1153 613 vexillum,
1181 575 1313 617 quam
1342 559 1547 602 vexillum
1582 561 1706 616 juva-

57 659 119 689 ret
147 660 241 689 eam
270 663 277 688 :
314 643 535 702 respondit
562 642 696 702 quod,
729 641 780 686 de
813 643 992 686 victoria
1028 644 1161 700 ipsius
1201 642 1412 699 Johannae
1446 642 1512 686 vel
1542 642 1701 694 vexilli,

59 741 203 773 totum
231 741 319 772 erat
343 729 387 771 in
410 728 623 771 Domino.

115 813 376 869 Interrogata
403 823 552 854 utrum
571 826 665 868 spes
687 809 871 854 habendi
893 811 1116 854 victoriam
1141 809 1401 854 fundabatur
1424 819 1437 835 2
1458 812 1500 853 in
1527 810 1701 863 vexillo,

56 896 121 940 vel
164 897 208 939 in
243 888 441 953 vipsamet
476 894 676 951 Johanna
712 911 720 937 :
768 894 989 952 respondit
1033 893 1151 952 quod
1201 894 1282 938 hoc
1323 893 1583 938 fundabatur
1609 903 1619 927 3
1660 896 1703 937 in

56 981 270 1032 Domino,
294 991 335 1023 et
362 995 451 1022 non
476 980 519 1021 in
544 978 643 1022 alio.

115 1064 376 1121 Interrogata
400 1074 566 1113 utrum,
586 1062 619 1105 si
643 1078 755 1105 unus
776 1062 884 1105 alius
907 1060 1128 1105 detulisset
1155 1060 1265 1105 illud
1289 1061 1515 1115 Vexillum,
1536 1061 1705 1105 habuis-

55 1159 117 1190 set
145 1148 201 1190 ita
224 1146 384 1190 bonam
411 1145 631 1190 fortunam
656 1144 1031 1203 quemadmodum
1060 1146 1240 1202 ipsamet
1262 1145 1461 1202 Johanna
1489 1144 1670 1189 habebat
1694 1163 1702 1189 z

58 1229 280 1289 respondit
317 1247 325 1274 :
359 1247 379 1270 <‹
404 1230 493 1288 Ego
525 1229 634 1273 nihil
662 1230 778 1283 sci03
803 1245 882 1287 ego
905 1245 974 1272 me
995 1228 1133 1273 refero
1155 1228 1206 1273 ad
1225 1229 1388 1273 Deum.
1411 1247 1431 1269 >)

116 1316 396 1372 Interrogata,
427 1315 461 1357 si
488 1313 644 1372 aliquis
671 1312 722 1356 de
745 1326 859 1371 parte
880 1330 955 1356 sua
974 1311 1215 1356 tradidisset
1232 1312 1311 1357 sibi
1330 1329 1461 1356 suum
1478 1313 1700 1367 vexillum,

57 1411 206 1442 utrum
224 1399 311 1456 ipsa
326 1397 432 1441 illud
456 1410 678 1456 portasset,
691 1410 731 1440 et
751 1410 898 1440 utrum
917 1397 1133 1440 habuisset
1147 1398 1191 1440 in
1213 1396 1289 1440 illo
1308 1397 1363 1440 ita
1382 1396 1543 1440 bonam
1565 1413 1701 1455 spem,

58 1480 166 1523 sicut
194 1481 237 1522 in
267 1481 441 1537 proprio
472 1478 630 1522 vexillo
657 1478 776 1537 quod
803 1492 890 1522 erat
916 1477 995 1522 sibi
1023 1477 1284 1537 dispositum
1312 1494 1364 1522 ex
1397 1491 1511 1536 parte
1533 1479 1637 1533 Dei3
1664 1491 1706 1521 et

58 1563 294 1622 specialiter
316 1565 591 1620 interrogata,
616 1562 668 1606 de
687 1562 846 1606 vexillo
869 1564 976 1620 regis
994 1564 1077 1616 sui,
1095 1564 1129 1606 si
1151 1564 1295 1621 ipsum
1317 1562 1551 1616 habuisset,
1581 1576 1658 1606 etc.
1693 1580 1700 1606 :

58 1822 156 1869 dart,
180 1821 255 1861 elle
281 1821 505 1873 gaigneroit
530 1831 661 1860 tontes
685 1820 741 1859 les
762 1820 938 1859 batailles
975 1822 1027 1859 ou
1063 1819 1138 1859 elle
1171 1834 1212 1859 se
1240 1820 1456 1867 bouteroit,
1490 1830 1528 1859 et
1561 1819 1706 1873 qu’dle

58 1907 151 1932 aura
174 1893 340 1932 victoire
359 1907 366 1931 :
389 1893 561 1945 respond
587 1891 706 1946 qu’ilz
732 1891 800 1944 luy
818 1892 947 1930 dirent
967 1891 1112 1945 qu’elle
1135 1892 1260 1944 prinst
1280 1892 1545 1939 hardicnient‚
1572 1901 1609 1930 et
1630 1905 1706 1944 que

62 1967 164 2004 Dieu
195 1965 263 2019 luy
287 1965 470 2004 aideroit.

113 2038 369 2090 Interrogue'e
391 2038 459 2090 qui
484 2037 607 2076 aidoit
635 2036 739 2090 pIUS‚
772 2035 846 2074 elle
877 2036 897 2074 ὰ
927 2035 1184 2084 l’estaindart,
1211 2050 1264 2074 ou
1289 2035 1530 2074 l’estaindart
1554 2035 1574 2073 {1
1595 2034 1670 2074 elle
1696 2049 1703 2073 :

58 2110 229 2163 respond
252 2123 328 2163 que
350 2109 397 2147 de
419 2109 453 2148 la
475 2109 641 2147 victoire
660 2109 708 2147 de
729 2107 969 2147 l’estaindart
990 2121 1042 2146 ou
1071 2107 1204 2156 d'elle,
1237 2107 1389 2146 c'estoit
1411 2117 1498 2146 tout
1523 2107 1542 2145 ἐι
1573 2117 1707 2146 nostre

58 2182 265 2235 Seigneur.

114 2255 369 2307 Interrogue'e
391 2269 430 2293 se
452 2253 693 2306 l'esperance
715 2252 865 2291 d’avoir
886 2253 1052 2290 victoire
1076 2253 1194 2290 estoit
1214 2251 1360 2290 fonde'e
1386 2266 1433 2289 en
1460 2265 1532 2289 son
1558 2251 1706 2289 estain-

58 2326 143 2365 dart
164 2339 217 2364 ou
243 2324 357 2364 d’elle
394 2340 401 2363 ;
438 2324 611 2377 respond
640 2339 647 2362 :
684 2341 702 2360 «
731 2323 760 2362 Il
785 2324 901 2363 estoit
921 2323 1042 2362 fonde
1067 2337 1117 2362 en
1151 2332 1285 2361 nostre
1314 2323 1526 2374 Seigneur,
1560 2331 1596 2360 et
1624 2335 1705 2360 non

58 2397 229 2437 ailleurs.
257 2415 275 2433 »

114 2471 387 2522 interroguee,
408 2482 448 2508 se
466 2482 549 2522 ung
572 2477 680 2507 autre
705 2468 817 2507 l’eust
842 2469 954 2520 porte
979 2466 1140 2521 qu'elle‚
1162 2480 1202 2505 se
1225 2466 1249 2505 il
1271 2476 1358 2505 eust
1375 2479 1422 2504 eu
1446 2466 1549 2504 aussi
1574 2465 1708 2504 bonne

57 2541 216 2581 fortune
235 2555 393 2580 comme
416 2540 531 2579 d'elle
550 2541 597 2579 de
619 2539 654 2579 le
676 2550 810 2592 pot-ter
831 2554 838 2577 ε
864 2539 1037 2592 respond
1063 2553 1069 2576 :
1098 2555 1115 2574 α
1132 2540 1177 2587 Je
1199 2538 1290 2576 n'en
1309 2551 1401 2590 sqay
1421 2538 1521 2585 rien,
1548 2538 1583 2589 je
1606 2536 1709 2575 m’en

59 2613 198 2652 actend
230 2614 250 2652 21
275 2622 408 2651 nostre
432 2613 639 2665 Seigneur.
667 2628 686 2648 »

114 2687 369 2739 Interroguee
398 2699 437 2724 se
467 2699 552 2737 ung
582 2684 651 2723 des
671 2697 770 2737 gens
793 2684 839 2722 de
864 2696 936 2722 son
961 2693 1071 2736 party
1103 2683 1170 2736 luy
1204 2692 1291 2721 eust
1315 2681 1432 2720 baille'
1463 2695 1535 2720 son
1568 2682 1711 2720 estain-

61 2757 145 2796 dart
174 2758 194 2796 ἐι
216 2767 364 2810 portes,
391 2756 500 2795 s'elle
525 2755 639 2795 l’eust
657 2756 787 2808 porte,
811 2755 919 2794 s’clle
941 2769 964 2807 y
989 2765 1076 2793 eust
1104 2768 1153 2793 eu
1187 2755 1289 2793 aussi
1320 2753 1453 2792 bonne
1477 2754 1704 2806 esperance‚

62 2842 220 2868 comme
239 2842 286 2867 cn
313 2828 443 2881 celluy
464 2827 578 2866 d'elle
594 2828 661 2881 qui
684 2827 751 2879 luy
766 2828 884 2865 estoit
903 2826 1063 2879 dispose'·
1083 2827 1130 2865 de
1156 2840 1224 2879 par
1246 2826 1364 2873 Dieu,
1386 2835 1422 2864 et
1445 2834 1715 2863 lnesnienient

119 3128 147 3150 ι.
171 3116 267 3150 ABC
284 3128 326 3150 en
349 3127 470 3160 marge
494 3129 500 3150 :
524 3116 575 3149 De
591 3115 715 3149 vexillo
740 3127 808 3149 5110.
830 3135 877 3140 —
895 3125 927 3148 2.
948 3114 978 3148 C
1005 3114 1218 3159 :summurn
1245 3134 1292 3138 ——
1328 3123 1358 3157 3.
1390 3113 1424 3157 Q
1446 3124 1456 3147 .·
1476 3112 1659 3157 fundatur.
