2099 3356
360 199 521 243 PROCfES
553 213 609 243 DE
640 212 993 243 CONDAMNATION
1027 213 1081 242 DE
1112 214 1278 255 JEANNE
1312 199 1442 244 D'ARC
1641 215 1715 258 175

139 313 238 357 VII.
278 330 298 353 «
325 313 452 366 ITEM,
494 312 605 356 dicta
648 311 849 367 Johanna
878 311 1112 371 aliquando
1149 314 1376 357 consuevit
1407 326 1572 371 portare
1603 329 1721 357 man-

80 397 303 454 dragoram
324 405 332 421 ¹
361 398 405 439 in
427 398 525 440 sinu
548 412 645 449 suo,
675 411 864 454 sperans,
896 411 969 453 per
990 395 1187 440 medium
1209 397 1340 450 illius,
1373 396 1527 442 babere
1549 413 1722 456 prospe-

80 496 170 525 ram
207 480 427 524 fortunam
466 481 507 522 in
547 479 708 523 divitiis
745 491 785 522 et
813 478 937 523 rebus
971 480 1296 538 temporalibus,
1334 497 1523 525 asserens
1570 481 1717 540 hujus-

80 563 198 608 modi
222 563 549 620 mandragoram
575 563 702 607 talem
727 562 880 606 habere
905 564 1100 621 vigorem
1126 576 1166 607 et
1193 564 1411 608 effectum.
1445 580 1465 603 »

136 647 154 668 ’¹‘
179 647 245 691 Ad
267 647 383 691 hunc
404 656 417 672 ²
440 647 685 700 articulum,
713 645 764 690 de
793 646 1076 705 mandragora
1104 656 1132 701 ³,
1157 661 1282 705 negat
1297 650 1497 693 omnino.

136 732 414 789 Interrogata,
443 730 512 775 die
538 732 661 787 jovis,
708 732 842 788 prima
871 731 1030 784 martii,
1063 731 1166 789 quid
1196 731 1292 776 fecit
1331 732 1383 776 de
1410 749 1485 777 sua
1528 733 1723 778 mandra-

77 830 179 873 gora
201 832 208 859 :
234 814 454 873 respondit
477 814 595 873 quod
618 830 846 873 nunquam
871 814 1036 868 habuit,
1063 814 1136 858 sed
1161 815 1280 874 quod
1305 815 1466 860 audivit
1487 816 1569 861 dici
1591 834 1724 861 unam

79 914 166 942 esse
192 901 308 956 juxta
337 898 481 942 villani
507 914 648 952 suani,
679 914 756 942 nec
781 914 978 956 unquam
1016 898 1123 942 vidit
1167 899 1371 958 aliquam.
1412 901 1519 944 ltem
1559 901 1724 946 audivit

78 981 158 1026 dici
191 981 307 1040 quod
333 995 394 1025 est
421 997 484 1026 res
507 981 743 1040 periculosa
779 995 821 1025 et
848 981 959 1025 mala
986 981 1036 1026 ad
1073 982 1409 1027 custodiendum
1432 1001 1442 1037 3
1473 1001 1602 1042 quan]
1633 1002 1726 1029 nes-

78 1068 133 1110 cit
165 1065 216 1110 de
255 1082 344 1124 quo
371 1067 540 1110 serviat.
571 1091 630 1096 -—
662 1066 923 1123 Interrogata
943 1064 994 1109 de
1022 1065 1120 1110 loco
1146 1068 1191 1110 in
1216 1083 1306 1125 quo
1345 1081 1406 1112 est
1433 1068 1502 1111 illa
1539 1067 1590 1112 de
1639 1086 1724 1128 qua

78 1149 243 1194 audivit
262 1150 383 1208 loqui
408 1167 415 1192 :
454 1149 674 1207 respondit
696 1166 739 1193 se
763 1148 975 1194 audivisse
996 1149 1115 1208 quod
1143 1163 1205 1195 est
1228 1152 1273 1194 in
1309 1164 1434 1205 terra,
1460 1153 1576 1209 juxta
1603 1152 1725 1196 arbo-

80 1250 186 1287 rem,
222 1233 294 1278 sed
317 1235 450 1278 nescit
475 1233 652 1287 locum3
683 1232 757 1277 sed
784 1232 950 1281 audivit
990 1233 1074 1277 dici
1107 1234 1225 1293 quod
1262 1251 1390 1293 supra
1422 1236 1568 1280 locum
1602 1237 1722 1281 illum

79 1331 139 1362 est
172 1308 370 1377 quaedam
398 1317 522 1361 arbor
567 1333 663 1376 quae
696 1316 854 1361 dicitur
892 1318 1062 1376 corylus
1090 1328 1122 1360 4.
1152 1344 1212 1349 —
1249 1319 1514 1378 Interrogata
1541 1319 1593 1364 de
1635 1337 1724 1379 quo

78 1404 207 1446 servit
251 1400 504 1459 hujusmodi
543 1401 860 1459 mandragora:
902 1401 1126 1472 respondit
1157 1419 1198 1446 se
1238 1402 1451 1447 audivisse
1476 1403 1559 1447 dici
1606 1405 1724 1462 quod

78 1485 174 1530 facit
195 1498 422 1544 argentum
451 1503 461 1540 3
487 1484 559 1529 sed
585 1486 628 1528 in
656 1485 736 1529 hoc
758 1501 847 1529 non
873 1485 1020 1539 credit,
1069 1485 1182 1530 etde
1211 1486 1293 1530 hoc
1321 1503 1447 1531 voces
1497 1505 1584 1532 suae
1613 1505 1726 1533 nun-

79 1586 211 1628 quam
234 1571 271 1614 ei
299 1569 500 1614 dixerunt
527 1567 785 1628 quidquam.

139 1727 252 1770 VIII.
293 1742 312 1765 «
342 1726 452 1770 ITEM
484 1724 595 1770 dicta
615 1725 830 1781 Johanna,
859 1726 967 1769 circa
989 1727 1247 1770 vicesimum
1264 1743 1432 1772 annum
1454 1730 1588 1773 aetatis
1613 1731 1722 1787 ejus,

80 1811 250 1868 propria
290 1810 513 1854 voluntate
553 1821 594 1853 et
641 1808 800 1867 absque
828 1809 998 1853 licentia
1041 1809 1258 1854 dictorum
1297 1813 1423 1869 patris
1469 1825 1509 1856 et
1558 1814 1721 1868 matris,

82 1895 277 1938 transivit
301 1892 352 1937 ad
378 1893 524 1937 villam
552 1892 603 1937 de
636 1895 908 1938 Novocastro
944 1895 987 1937 in
1037 1895 1330 1953 Loffiaringia,
1377 1909 1417 1940 et
1452 1896 1613 1941 ibidem
1642 1914 1726 1942 ser-

82 1978 188 2022 vivit
214 1993 287 2036 per
313 1977 455 2036 aliqua
491 1991 686 2035 tempora
710 1977 880 2021 cuidam
912 1978 1083 2021 mulieri
1120 1978 1315 2037 hospitae,
1360 1993 1620 2039 nuncupatae
1660 1983 1724 2026 La

80 2063 236 2116 Rousw,
266 2061 339 2106 ubi
378 2075 604 2105 morantur
640 2062 849 2105 continue
883 2063 1059 2118 juvenes
1103 2062 1245 2120 plures
1298 2064 1498 2108 mulieres
1537 2067 1730 2109 inconti-

83 2160 249 2200 nentes,
279 2159 320 2189 et
344 2147 472 2189 etiam
497 2144 772 2203 hospitantur
802 2158 850 2189 ut
887 2145 1126 2203 plurimum
1150 2160 1298 2205 gentes
1333 2164 1512 2204 guerrae.
1546 2150 1592 2192 In
1640 2167 1728 2208 qno

80 2230 272 2289 hospitio
306 2230 418 2274 dicta
440 2229 640 2286 Johanna
673 2231 729 2273 sic
758 2245 1036 2274 commorans
1073 2230 1308 2289 aliquando
1335 2231 1471 2276 stabat
1505 2249 1603 2277 cuni
1640 2233 1729 2278 dic-

83 2316 134 2358 tis
174 2314 444 2367 mulieribus,
475 2311 707 2372 aliquando
747 2313 927 2357 ducebat
955 2330 1056 2358 oves
1093 2313 1144 2358 ad
1191 2331 1382 2374 campos,
1427 2329 1468 2360 et
1495 2332 1630 2375 equos
1654 2318 1728 2362 ali-

83 2398 258 2457 quando
279 2397 459 2443 ducebat
480 2396 531 2441 ad
565 2411 773 2456 aquatum
812 2411 853 2441 et
880 2397 930 2441 ad
963 2411 1077 2456 prata
1100 2412 1140 2442 et
1170 2412 1380 2456 pasturas;
1426 2414 1466 2444 et
1491 2401 1546 2444 ibi
1576 2401 1724 2446 didicit

82 2498 211 2526 usum
239 2481 475 2540 equitandi,
505 2494 546 2525 et
566 2480 720 2525 habere
739 2482 935 2525 notitiam
966 2497 1204 2526 armorum.
1227 2499 1246 2522 »

137 2738 153 2757 ’⁸
175 2737 305 2787 Quoad
327 2738 536 2791 septimium,
562 2741 667 2790 negat
691 2737 839 2776 ommino
864 2743 890 2775 i.

136 3000 163 3023 1.
191 2990 237 3024 La
271 2989 385 3024 forme
414 2988 629 3034 mandragora
663 2998 714 3023 est
738 2996 921 3023 constante
949 3000 992 3023 en
1020 2989 1069 3027 A.
1100 3011 1145 3015 ——
1174 3001 1206 3025 2.
1236 2992 1268 3025 A
1298 3004 1308 3025 :
1348 2995 1536 3040 squamam,
1566 3017 1610 3021 -
1639 3007 1668 3041 3,
1696 2998 1726 3031 A

85 3049 200 3094 ajoute
229 3049 314 3083 dicta
340 3049 504 3093 Johanna.
539 3069 574 3073 -<
602 3059 634 3090 4.
663 3049 692 3082 A
714 3060 723 3082 .·
744 3049 888 3082 [οννῘΙω
910 3062 918 3084 :
950 3049 978 3082 B
1000 3062 1009 3082 :
1034 3051 1162 3083 forulus
1185 3051 1260 3095 (ἓ).-
1298 3053 1327 3085 (J
1351 3066 1360 3086 .·
1381 3055 1515 3088 ι·οιί“Ιη.<.
1553 3078 1592 3079 ἡ
1627 3065 1656 3097 5.
1683 3057 1725 3099 U,

90 3107 148 3142 sol.
174 3119 229 3153 27,
258 3119 309 3142 vv.
