2099 3356
304 198 389 240 400
582 181 738 226 PRocIEs
773 196 829 226 DE
860 195 1214 227 coNDAMNAnoN
1248 195 1304 227 DE
1335 195 1502 239 JEANNE
1534 182 1664 228 D'ARc

361 297 562 354 Magister
580 295 776 339 Thomas
797 293 849 338 de
865 294 1118 348 Courcellis,
1148 296 1349 354 magister
1371 297 1415 339 in
1434 295 1596 340 artibus
1616 308 1658 340 et
1678 295 1942 340 bachalarius

305 380 514 424 formatus
546 379 590 422 in
612 378 847 436 theologia,
874 379 1007 423 aetatis
1032 393 1123 422 xxx
1149 395 1365 423 annorum
1391 379 1455 422 vel
1492 380 1672 433 circiter,
1698 380 1814 424 testis
1847 395 1944 438 pro·

303 463 473 516 ductus,
503 475 713 520 receptus,
739 463 905 519 juratus
940 474 981 505 et
1005 463 1274 506 examinatus
1307 461 1419 507 dicta
1451 461 1535 516 die,
1566 462 1670 507 dicit
1696 475 1737 506 et
1763 461 1943 521 deponit

302 562 374 604 per
393 562 522 590 suum
539 547 832 602 juramentum
854 544 989 603 quod,
1012 544 1080 589 die
1096 547 1316 600 mercurii,
1335 547 1380 589 in
1394 545 1539 604 vigilia
1554 546 1648 590 festi
1668 546 1943 590 Eucharistiae

301 629 480 683 Christi,
507 630 594 687 ipse
618 637 628 653 ¹
656 628 859 687 loquens,
889 629 1094 673 exsistens
1122 629 1166 672 in
1189 630 1412 687 praesentia
1439 628 1600 683 nostra,
1621 631 1810 688 episcopi
1831 645 1942 688 prae-

299 712 416 766 dicti,
443 714 485 756 in
514 728 678 756 camera
702 712 747 755 in
774 727 859 770 qua
885 712 975 770 ipsa
1000 711 1200 768 Johanna
1217 711 1503 766 detinebatur,
1529 714 1574 756 in
1608 725 1745 757 castro
1772 712 1944 757 Rotho—

300 797 508 855 magensi,
543 795 708 840 audivit
741 808 782 839 et
822 794 1036 839 intellexit
1083 795 1171 853 ipse
1197 803 1211 820 ²
1240 795 1425 854 loquens
1451 795 1569 854 quod
1593 812 1689 850 nos,
1716 797 1943 855 episcopus

298 879 544 938 praedictUS,
559 878 749 923 diximus
762 880 840 937 ipsi
858 878 1070 935 Johannae
1092 878 1308 937 numquid
1322 894 1449 923 voces
1461 895 1548 923 suae
1565 878 1759 923 dixerant
1771 881 1808 924 ei
1825 878 1942 938 quod

299 962 563 1007 liberaretur,
585 963 635 1006 Et
655 963 744 1021 ipsa
765 961 984 1020 respondit
999 961 1119 1021 quod
1140 963 1240 1020 ipsae
1258 978 1382 1006 voces
1402 961 1481 1006 sibi
1507 961 1702 1007 dixerant
1722 961 1839 1021 quod
1856 964 1944 1021 ipsa

299 1045 563 1100 liberaretur,
611 1058 652 1090 et
695 1044 814 1105 quod
856 1045 1010 1089 faceret
1062 1045 1229 1089 bonum
1279 1046 1468 1090 vultum.
1518 1045 1786 1105 Addiditque
1836 1045 1943 1090 dicta

298 1130 512 1185 Johanna,
548 1143 677 1188 prout
698 1128 839 1173 eidem
867 1129 1064 1187 loquenti
1092 1129 1278 1183 videtur,
1315 1130 1357 1173 in
1381 1131 1593 1174 sententia
1621 1147 1629 1173 z
1662 1149 1681 1172 t(
1714 1131 1804 1188 Ego
1836 1129 1943 1175 bene

300 1213 427 1257 video
447 1212 566 1272 quod
594 1213 653 1257 fui
682 1212 870 1271 decepta.
899 1228 918 1251 »
955 1214 1004 1257 Et
1037 1225 1142 1257 tunc
1174 1229 1268 1263 nos,
1301 1214 1525 1272 episcopus
1549 1213 1792 1272 praedictus,
1815 1227 1944 1272 prout

298 1297 476 1356 deponit
507 1296 645 1341 dictus
681 1297 879 1355 loquens,
909 1296 1101 1340 diximus
1133 1296 1275 1340 eidem
1308 1297 1520 1353 Johannae
1558 1296 1675 1356 quod
1713 1298 1802 1355 ipsa
1837 1296 1942 1342 bene

299 1393 463 1439 poterat
484 1380 628 1425 videre
649 1380 767 1439 quod
800 1380 1050 1438 hujusmodi
1082 1396 1207 1425 voces
1238 1396 1325 1424 non
1351 1394 1473 1424 erant
1509 1380 1612 1425 boni
1636 1383 1826 1440 spiritus,
1875 1383 1942 1426 vel

297 1464 415 1523 quod
444 1480 532 1508 non
562 1463 792 1508 veniebant
813 1480 835 1507 a
861 1465 958 1508 Deo
981 1482 992 1518 ;
1019 1480 1136 1518 nam,
1167 1465 1200 1507 si
1228 1465 1283 1507 ita
1305 1464 1716 1523 fuisset,·nunquam
1737 1465 1942 1510 dixissent

296 1549 451 1592 falsum
474 1564 548 1592 seu
580 1549 751 1592 mentiti
779 1547 974 1591 fuissent.

358 1706 561 1762 Magister
602 1703 804 1747 Nicolaus
848 1702 1065 1747 Loisellenr
1092 1711 1120 1756 ³,
1165 1706 1365 1759 magister
1407 1703 1450 1746 in
1487 1703 1662 1757 artibus,
1709 1705 1941 1748 canonicus

299 1788 570 1832 ecclesiarum
599 1787 963 1844 Rothomagensis
990 1798 1031 1830 et
1045 1787 1339 1841 Carnotensis,
1362 1788 1495 1830 aetatis
1516 1801 1570 1830 XL
1595 1796 1610 1819 4
1633 1803 1847 1832 annorum
1873 1788 1940 1832 vel

297 1873 420 1924 circa,
447 1873 564 1915 testis
601 1869 850 1929 productus,
882 1882 1090 1928 recepmS,
1135 1872 1298 1928 juratus
1325 1883 1364 1913 et
1401 1871 1671 1914 examinatus
1710 1869 1822 1914 dicta
1855 1869 1940 1924 die,

296 1954 397 1999 dicit
424 1969 464 1999 et
491 1954 669 2012 deponit
691 1970 764 2012 per
789 1970 918 1999 suum
948 1956 1241 2011 juramentum
1264 1953 1398 2013 quod,
1424 1954 1492 1998 die
1517 1956 1733 2009 mercurii,
1763 1956 1807 1998 in
1829 1956 1940 2012 vigi—

295 2039 347 2082 lia
372 2038 466 2082 festi
496 2038 769 2082 Eucharistiae
806 2039 989 2082 Domini
1018 2045 1045 2091 ³,
1077 2038 1232 2081 ultimo
1258 2039 1474 2095 praeteriti,
1515 2039 1600 2095 ipse
1635 2038 1818 2097 loquens
1845 2039 1938 2097 qui,

294 2122 403 2166 dicta
427 2122 495 2166 die
522 2121 572 2166 de
590 2138 732 2175 mane,
763 2134 1050 2166 veneratcurn
1072 2121 1305 2165 venerabili
1333 2122 1426 2165 viro
1446 2123 1650 2180 magistro
1669 2122 1796 2165 Petro
1813 2122 1940 2165 Mau-

296 2207 401 2259 ricii‚
424 2221 550 2249 sacrae
574 2205 805 2262 theologiae
827 2205 1079 2263 professore,
1101 2204 1153 2248 ad
1180 2220 1390 2249 carcerem
1413 2206 1456 2248 in
1485 2221 1574 2263 quo
1601 2204 1817 2261 Johanna,
1847 2204 1940 2249 vul-

295 2290 450 2347 gariter
463 2288 572 2333 dicta
593 2290 633 2332 la
645 2289 817 2342 Pucelle,
843 2287 1130 2339 detinebatur,
1148 2304 1271 2332 causa
1298 2287 1553 2332 exhortandi
1570 2304 1665 2332 eam
1677 2302 1718 2332 et
1731 2287 1941 2332 monendi

297 2372 348 2416 de
369 2373 504 2416 salute
532 2388 637 2425 sua,
662 2373 862 2430 requisita
887 2384 935 2416 ut
961 2372 1118 2416 diceret
1143 2373 1366 2416 veritatem
1395 2370 1447 2415 de
1474 2371 1549 2415 illo
1597 2371 1766 2429 angelo,
1807 2386 1938 2430 quem

298 2454 461 2499 dixerat
486 2457 530 2498 in
556 2471 754 2513 processu
779 2471 860 2499 suo
889 2468 1135 2513 apportasse
1159 2471 1293 2499 unam
1327 2471 1533 2499 coronam
1568 2454 1759 2498 multum
1784 2456 1939 2512 pretio-

298 2555 387 2582 sam
413 2552 453 2582 et
480 2538 530 2582 de
562 2554 668 2583 auro
689 2540 921 2596 purissimo
942 2538 1001 2582 illi
1029 2555 1161 2597 quem
1195 2538 1298 2582 dicit
1320 2554 1462 2596 regem
1481 2554 1627 2591 suum,
1651 2553 1728 2582 nec
1754 2538 1940 2595 amplius

296 2623 517 2665 veritatem
544 2623 711 2675 celaret,
733 2634 897 2666 attento
924 2621 1042 2680 quod
1070 2637 1159 2666 non
1188 2634 1276 2666 erat
1297 2621 1419 2679 plus6
1437 2622 1518 2664 nisi
1545 2620 1597 2665 de
1623 2621 1759 2665 salute
1782 2622 1938 2665 animae

297 2721 384 2748 suae
417 2704 727 2763 cogitandum:
758 2706 846 2763 ipse
890 2705 1074 2764 loquens
1095 2721 1117 2748 a
1153 2705 1264 2748 dicta
1295 2704 1494 2761 Johanna
1521 2703 1686 2748 audivit
1712 2703 1793 2748 dici
1821 2703 1938 2762 quod

297 2789 476 2845 ipsamet
496 2788 696 2844 Johanna
711 2787 846 2832 fuerat
869 2804 965 2846 quae
987 2789 1256 2832 nuntiaverat
1284 2787 1344 2831 illi
1364 2803 1495 2846 quem
1517 2786 1619 2831 dicit
1643 2803 1786 2845 regem
1807 2803 1937 2831 suum

352 3035 381 3059 1.
403 3025 498 3059 ΑΒΕ
519 3037 530 3058 .·
553 3026 619 3070 ipsa
641 3026 734 3072 (sic).
757 3045 803 3051 —
821 3035 854 3059 2.
870 3025 900 3059 C
923 3038 932 3059 :
950 3025 1068 3060 dictus.
1092 3046 1135 3051 —
1155 3036 1184 3070 3.
1205 3025 1260 3060 C:
1282 3025 1459 3060 Loiseleur.
1479 3046 1526 3051 -—
1542 3035 1576 3068 4.
1590 3026 1621 3060 Α
1645 3038 1656 3060 .·
1672 3027 1936 3072 quz'nquaginta;

298 3095 356 3117 sur
369 3092 523 3129 grattage
535 3095 578 3118 en
593 3084 631 3117 Β.
647 3104 695 3109 -
718 3094 748 3127 5.
766 3084 797 3117 A
811 3093 909 3119 omet
927 3085 1072 3118 Domini
1087 3096 1098 3124 ,·
1121 3084 1150 3119 C
1171 3096 1181 3117 .·
1204 3084 1346 3119 Christi.
1363 3105 1402 3110 —
1424 3084 1457 3119 6.
1478 3085 1567 3120 AC:
1585 3085 1742 3132 amplius.

2068 1419 2099 2275 umuofit-ttmzmfflm

2067 2336 2099 2709 '‘5'‘W2-2wdaetvussw
2071 2287 2099 2327 ἐἴτ

2046 2713 2094 3356 Μκψζς-νψτν-νξωκ
