2099 3356
426 171 585 214 pnocsss
618 186 674 215 DE
707 185 1061 216 coquMNATtoN
1094 186 1151 215 DE
1181 186 1346 228 JEANNE
1378 171 1504 216 D’ARC
1693 188 1774 230 411

143 292 224 322 tam
247 282 365 321 variis
390 283 666 322 contaminent
686 284 900 331 erroribus,
924 297 1005 338 quo
1030 283 1128 323 fines
1150 284 1390 324 saeculorum
1415 284 1681 338 propinquius
1704 285 1788 325 ins·
1827 323 1829 326 .

144 363 224 393 tare
245 354 443 394 videntur.
472 355 615 393 Futura
643 356 749 394 enim
773 356 1003 395 novissimis
1028 356 1165 395 diebus
1196 366 1377 409 tempora
1399 356 1620 409 periculosa
1643 356 1785 396 doctor

143 425 326 477 gentium
359 425 555 478 praedixit,
589 426 731 479 quibus
758 427 942 466 homines
977 441 1112 466 sanam
1142 427 1366 467 doctrinam
1389 441 1469 467 non
1500 427 1784 475 sustinebunt;

142 497 209 536 sed
234 510 254 535 a
277 497 439 536 veritate
462 497 640 536 auditum
675 507 866 546 avertent,
897 499 943 537 ad
975 498 1123 537 fabulas
1147 508 1280 538 autem
1303 508 1597 538 convertentur.
1627 500 1783 538 Veritas

145 581 308 622 quoque
346 569 422 607 ait:
464 584 482 606 «
522 569 695 621 Surgent
730 569 1053 622 pseudo-Christi
1083 580 1121 609 et
1152 571 1547 623 pseudo-prophetae,
1571 580 1610 610 et
1633 570 1786 610 dabunt

146 640 257 693 signa
278 653 422 693 magna
442 649 480 679 et
502 640 697 694 prodigia,
717 641 768 679 ita
790 651 831 679 ut
851 641 889 678 in
915 654 1088 680 errorem
1110 642 1326 689 mittantur,
1349 643 1378 680 si
1403 641 1487 681 fieri
1508 651 1651 695 potest,
1667 643 1786 682 etiam

146 711 275 751 electi.
303 727 320 747 »
358 713 461 750 Dum
495 712 614 764 igitur
638 711 820 750 novellos
845 713 1056 765 prophetas
1077 726 1278 765 assurgere
1308 713 1504 761 videmus,
1537 714 1604 766 qui
1638 713 1786 752 revela-

145 784 277 822 tiones
300 797 321 823 a
344 785 429 822 Deo
460 792 498 822 et
532 784 659 822 Beatis
694 784 733 822 in
765 784 887 836 patria
911 784 1252 837 triumphantibus
1283 798 1366 824 sese
1399 786 1542 837 jactant
1568 786 1783 837 accepisse,

145 853 275 892 futura
304 862 342 893 et
375 854 562 893 humanae
596 856 741 894 mentis
774 856 899 894 aciem
936 856 1253 895 transcendentia
1294 856 1520 895 nuntiantes
1551 855 1783 895 hominibus

146 938 329 978 novaque
353 935 390 964 et
406 925 569 965 insolita
584 935 734 979 patrare
750 927 967 975 audentes;
991 927 1227 980 pastoralem
1251 927 1564 966 sollicitudinem
1599 926 1785 965 obnixius

146 997 351 1036 intendere
369 998 482 1037 decet
503 1011 551 1036 ne
570 998 758 1051 populos,
778 1012 971 1038 novarum
991 1012 1122 1037 rerum
1148 999 1318 1038 nimium
1343 997 1541 1046 credulos,
1566 998 1786 1051 peregrinis

147 1078 357 1121 aspergant
392 1069 600 1118 doctrinis,
635 1070 883 1124 priusquam,
919 1072 949 1109 si
985 1071 1145 1123 spiritus
1185 1070 1240 1108 illi
1278 1083 1323 1109 ex
1356 1071 1440 1109 Deo
1477 1069 1570 1117 sint,
1603 1069 1790 1108 habeatur

149 1139 469 1193 comprobatum.
493 1141 620 1180 Facile
645 1142 752 1180 enim
776 1141 933 1194 plebem
960 1141 1197 1180 catholicam
1229 1140 1389 1180 inficere
1415 1150 1576 1193 possent
1607 1139 1790 1179 falsarum

148 1212 481 1252 adinventionum
516 1212 648 1252 callidi
691 1222 728 1252 et
762 1213 978 1266 perniciosi
1016 1212 1355 1258 disseminatores,
1385 1213 1432 1259 si,
1470 1211 1616 1265 absque
1648 1220 1791 1251 sanctae

150 1284 285 1322 matris
308 1283 495 1324 Ecclesiae
520 1285 811 1338 approbatione
833 1296 870 1324 et
891 1298 1107 1333 consensu,
1131 1285 1299 1337 quisque
1319 1296 1509 1336 supernas
1530 1283 1792 1322 revelationes

150 1355 223 1394 sibi
248 1368 320 1408 pro
342 1355 456 1394 libito
484 1366 492 1382 1
520 1355 668 1409 fingere
694 1356 955 1410 linqueretur,
978 1365 1094 1409 atque
1118 1356 1190 1394 Dei
1215 1365 1251 1394 et
1277 1356 1486 1394 Beatorum
1517 1355 1790 1394 auctoritatem

149 1440 351 1480 usurpare.
381 1429 527 1467 Merito
554 1429 685 1481 itaque
713 1428 1035 1467 commendanda
1059 1427 1230 1473 videtur,
1263 1426 1485 1466 beatissime
1517 1435 1640 1479 pater,
1673 1439 1790 1465 accu-

149 1508 228 1538 rata
261 1499 467 1552 diligentia
498 1514 616 1554 quam
654 1500 894 1539 reverendus
931 1500 971 1538 in
1006 1500 1164 1538 Christo
1202 1507 1324 1552 pater,
1357 1498 1545 1537 dominus
1575 1498 1788 1551 episcopus

152 1570 415 1619 Belvacensi8‚
454 1582 492 1611 et
530 1573 700 1611 vicarius
732 1572 885 1611 domini
935 1571 1187 1624 Inquisitoris
1230 1570 1427 1609 haereticae
1462 1570 1678 1622 pravitatis,
1718 1582 1789 1621 pro

151 1656 275 1696 regno
299 1644 541 1683 Francorum
566 1657 586 1682 a
611 1645 752 1683 Sancta
776 1643 876 1682 Sede
898 1642 1117 1696 apostolica
1143 1642 1334 1695 deputati,
1361 1641 1407 1680 ad
1435 1642 1650 1680 tuitionem
1669 1641 1792 1680 chris-

151 1715 267 1755 tianae
295 1715 501 1768 religionis
532 1729 659 1769 nuper
689 1714 961 1754 contulerunt.
995 1715 1046 1753 Hi
1072 1714 1219 1753 etenim
1256 1712 1467 1767 quamdam
1498 1712 1791 1759 mulierculam,

152 1788 253 1826 intra
279 1787 427 1827 limites
452 1787 703 1827 Belvacensis
731 1788 918 1827 dioeceris
949 1787 1254 1839 deprehensam,
1281 1785 1415 1824 habitu
1445 1785 1550 1824 virili
1581 1785 1726 1837 pariter
1755 1793 1793 1824 et

151 1860 270 1899 armis
294 1869 489 1909 utentem,
513 1860 561 1898 de
583 1860 874 1899 revelationum
898 1868 911 1885 2
937 1844 1161 1898 diuinarum
1187 1857 1379 1897 mendosa
1402 1856 1600 1896 effictione
1634 1866 1671 1896 et
1704 1870 1793 1909 gra-

151 1931 267 1970 vibus
303 1931 492 1971 adversus
524 1931 644 1970 fidem
678 1931 945 1970 orthodoxam
980 1929 1214 1969 criminibus
1250 1942 1385 1968 coram
1426 1929 1520 1981 ipsis
1558 1927 1794 1981 judicialiter

152 2013 391 2051 accusatam,
420 2004 559 2042 sedulo
595 2004 835 2050 examinare,
870 2016 913 2041 ac
948 2015 1112 2041 suorum
1151 2010 1355 2053 gestorum
1392 1999 1549 2053 plenam
1587 2000 1792 2038 veritatem

152 2075 414 2128 comprobare
433 2085 694 2124 curaverunt,
716 2085 767 2123 et,
791 2074 983 2128 quoniam
1004 2086 1237 2127 processum
1261 2072 1447 2111 adversus
1471 2085 1556 2111 eam
1578 2071 1794 2111 deductum

154 2147 269 2186 nobis
294 2148 710 2196 communicaverunt,
741 2147 986 2200 requirentes
1017 2155 1061 2184 ut
1085 2158 1201 2196 super
1225 2144 1400 2183 articulis
1425 2156 1494 2196 per
1522 2156 1609 2181 eam
1640 2142 1795 2181 assertis

152 2219 479 2259 deliberationem
508 2229 684 2258 nostram
716 2219 987 2266 redderemus,
1015 2231 1062 2256 ne
1088 2216 1247 2255 silentio
1275 2215 1480 2268 contingat
1510 2214 1655 2267 operiri
1687 2213 1793 2267 quod

153 2291 200 2330 ad
221 2291 502 2331 exaltationem
532 2291 769 2330 orthodoxae
794 2290 885 2329 fidei
913 2290 1076 2342 geritur,
1097 2288 1235 2327 eadem
1254 2301 1342 2340 quae
1365 2301 1438 2325 nos
1459 2286 1684 2338 accepimus
1704 2297 1794 2323 ves-

154 2373 223 2402 trae
244 2363 480 2402 beatitudini
503 2363 689 2402 duximus
711 2363 875 2415 aperire.
893 2361 1017 2400 Sicuti
1039 2361 1147 2399 enim
1167 2373 1238 2398 nos
1257 2358 1444 2397 antedicti
1469 2357 1623 2396 domini
1645 2356 1795 2408 judices

157 2435 418 2482 edocuerunt,
448 2434 608 2488 praefata
642 2434 800 2482 mulier,
830 2447 919 2486 quae
955 2433 1181 2481 Johannam
1214 2430 1390 2469 Puellam
1425 2442 1508 2468 sese
1545 2427 1795 2475 nominabat,

156 2521 274 2560 quam
297 2507 466 2560 plurima
485 2508 524 2546 in
546 2506 694 2560 judicio
717 2515 859 2559 sponte
880 2504 1062 2544 confessa
1081 2512 1152 2550 est,
1175 2502 1318 2556 quihus
1344 2501 1525 2554 diligenti
1545 2500 1691 2538 libratis
1710 2513 1797 2538 exa-

156 2579 263 2618 mine
285 2589 321 2618 et
343 2592 411 2632 per
431 2593 549 2633 quam
577 2578 772 2632 plurimos
795 2576 993 2630 praelatos,
1014 2576 1196 2614 doctores
1220 2587 1263 2612 ac
1285 2573 1384 2612 alios
1405 2573 1500 2625 juris
1519 2572 1641 2611 divini
1663 2580 1700 2610 et
1721 2571 1797 2610 hu-

158 2634 273 2689 mani*
287 2652 433 2704 peritos
455 2651 647 2689 maturius
673 2649 904 2702 perspectis,
929 2647 1059 2686 habita
1081 2647 1198 2685 etiam
1223 2658 1341 2698 super
1369 2644 1430 2682 his
1455 2643 1739 2682 deliberatione
1764 2652 1801 2681 et

157 2723 490 2781 determinatione
523 2732 668 2761 nostrae
698 2720 992 2766 Universitatis,
1017 2727 1269 2771 compertum
1294 2716 1516 2755 habuerunt
1539 2715 1638 2753 hanc
1658 2713 1803 2752 mulie-

157 2809 239 2834 rem
262 2795 503 2834 censendam
525 2807 609 2833 esse
628 2792 959 2846 superstitiosam,
981 2790 1271 2835 divinatricem,
1291 2787 1557 2840 malignorum
1585 2786 1798 2839 spirituum

159 2867 459 2913 invocatricem,
496 2865 718 2909 idolatram,
752 2863 1027 2915 blasphemam
1055 2868 1064 2892 3
1100 2862 1137 2899 in
1172 2862 1316 2907 Deum,
1351 2860 1514 2898 Sanctos
1555 2867 1591 2896 et
1621 2858 1798 2903 Sanctas,

213 3095 242 3119 1.
266 3083 296 3117 C
315 3097 324 3117 :
339 3083 520 3129 praelihito.
543 3103 588 3106 —
608 3091 639 3116 2.
663 3080 758 3114 ABC
786 3093 794 3113 :
818 3078 1024 3113 revelatione.
1049 3097 1095 3103 —-
1118 3086 1147 3121 3.
1172 3076 1202 3109 A
1227 3088 1236 3109 .·
1257 3074 1486 3121 blasphemam.
