2099 3356
362 214 521 257 paones
554 228 609 256 DE
642 225 997 257 CONDAMNATtoN
1031 225 1090 253 DE
1123 223 1288 265 JEANNE
1321 207 1447 251 D’Aac
1642 219 1720 261 107

80 328 238 368 {essoris
265 327 418 374 eximii,
442 335 557 379 atque
582 325 780 364 haei‘eticae
806 323 1006 377 pravitatis
1031 323 1070 360 in
1096 334 1218 374 regno
1249 319 1423 358 Franciae
1456 317 1720 371 Inquisitoris‚

77 399 306 439 auctoritate
331 397 548 451 apostolica
569 396 791 449 specialiter
812 395 1003 448 deputati,
1023 393 1189 432 salutem
1215 393 1254 433 in
1280 400 1440 431 auctore
1469 398 1505 429 et
1530 401 1721 428 consum-

79 479 228 512 matore
252 469 360 518 fidei,
388 469 565 507 Domino
590 477 727 508 nostro
747 468 869 516 Jhesu
892 466 1066 506 Christo.
1091 465 1192 503 Cum
1216 462 1455 502 reverendus
1489 461 1528 499 in
1563 460 1722 499 Christo

77 551 185 596 pater
225 551 262 580 et
295 541 497 586 dominus,
534 541 685 585 Petrus,
734 538 990 577 miseratione
1023 537 1156 575 divina
1198 533 1447 574 Belvacensis
1490 532 1720 584 episcopus,

78 613 192 667 judex
211 612 434 652 ordinarius
456 612 495 650 in
521 612 593 650 hac
618 620 742 663 parte,
769 620 805 649 et
824 609 1068 649 territorium
1088 607 1237 646 liabens
1262 607 1300 644 in
1326 606 1483 644 civitate
1500 613 1536 642 et
1557 602 1722 642 dioecesi

79 684 408 736 Rothomagensi,
432 682 639 736 praefatum
659 681 921 721 reverendum
944 690 1093 733 patrem
1109 679 1319 717 dominum
1338 676 1636 730 Inquisitorem,
1655 686 1726 726 per

80 770 166 796 suas
188 765 365 808 patentes
387 755 533 794 litteras
568 754 763 807 rogaverit
790 762 826 792 et
852 754 889 790 in
912 751 1090 790 favorem
1115 750 1207 789 fidei
1243 748 1501 788 somniaverit
1524 760 1567 785 ac
1593 745 1724 797 requi-

80 827 187 868 sierit
234 837 429 880 quatenus
466 826 511 864 ad
541 825 771 878 hujusmodi
803 825 1003 863 civitatem
1043 823 1409 874 Rothomagensem
1438 817 1656 863 accederet,
1693 815 1724 853 si

80 898 295 938 commode
321 907 469 950 posset,
495 906 560 936 aut
580 898 688 936 vices
724 910 813 935 suas
837 895 1087 934 committere
1113 894 1340 946 dignaretur
1362 890 1477 931 nobis
1510 889 1569 928 vel
1607 887 1724 927 alicui

80 970 188 1011 alteri
219 970 266 1009 ad
291 970 368 1009 boc
383 970 573 1022 propitio,
599 978 854 1009 tractaturum
876 981 966 1006 cum
993 965 1154 1019 praefato
1174 963 1391 1003 reverendo
1411 971 1534 1015 patre,
1559 960 1727 1000 domino

81 1043 270 1096 episcopo
294 1041 539 1089 Belvacensi,
574 1054 731 1081 causam
757 1039 963 1092 cujusdam
997 1037 1174 1077 mulieris
1196 1050 1285 1090 quse
1308 1043 1471 1074 vocatur
1491 1033 1673 1082 Johanna
1693 1030 1729 1070 la

83 1113 240 1154 Pucelle
259 1113 487 1165 vulgariter,
511 1113 551 1151 in
577 1113 739 1150 materia
754 1111 845 1149 fidei
863 1124 931 1163 per
952 1110 1101 1149 dictum
1129 1108 1392 1148 reverendum
1412 1114 1579 1158 patrem,
1601 1103 1729 1142 domi-

81 1199 177 1225 num
211 1186 463 1238 episcopum,
503 1199 571 1236 per
611 1185 717 1237 prius
750 1192 924 1223 evocatae
964 1192 1001 1220 et
1032 1181 1316 1234 deprehensae3
1352 1179 1458 1217 idem
1490 1175 1729 1215 reverendus

80 1267 203 1310 pater,
227 1257 416 1296 dominus
452 1257 683 1309 Inquisitor,
707 1255 753 1294 ad
785 1255 887 1294 hanc
920 1253 1152 1306 hujusmodi
1190 1252 1391 1292 civitatem
1424 1249 1726 1300 Rothomagen-

80 1343 162 1368 sem
186 1329 372 1367 accedere
395 1329 560 1367 minime
580 1327 729 1376 valens,
752 1326 866 1366 nobis
888 1326 1117 1364 litteratorie
1134 1338 1222 1363 suas
1247 1323 1378 1376 quoad
1408 1323 1485 1360 hoc
1510 1320 1728 1360 commise-

84 1402 132 1440 rit
143 1401 265 1449 vices,
281 1410 399 1454 prout
412 1401 497 1439 haec
515 1410 552 1439 et
565 1399 639 1438 alia
658 1400 695 1438 in
716 1399 855 1437 litteris
869 1397 1017 1451 praefati
1032 1397 1186 1435 domini
1201 1387 1468 1448 Inquisitoi·i8‚
1482 1393 1651 1432 formam
1666 1391 1725 1429 lit-

86 1482 255 1513 terarum
267 1473 544 1514 seminationis
560 1481 597 1511 et
610 1471 881 1525 requisitionis
892 1469 1042 1523 praefati
1054 1468 1209 1510 domini
1229 1466 1409 1520 episcopi
1422 1478 1500 1505 una
1513 1477 1604 1504 cum
1618 1476 1728 1505 com-

85 1545 276 1585 missione
289 1554 420 1584 nostra
431 1544 662 1594 hujusmodi
683 1541 997 1590 continentibus,
1012 1541 1198 1581 videntur
1212 1538 1408 1579 contineri
1421 1552 1430 1586 ;
1443 1537 1581 1578 litteris
1595 1535 1732 1589 hujus-

83 1617 194 1657 modi
210 1617 508 1657 commissionis
522 1625 668 1655 nostrae
687 1614 734 1654 de
751 1615 838 1655 data
862 1614 940 1655 dici
959 1621 1108 1666 quartae
1134 1611 1281 1663 mensis
1297 1610 1443 1656 martii,
1458 1609 1551 1649 anni
1567 1607 1731 1648 Domini

85 1688 287 1727 millesimi
311 1688 487 1726 CCCCmi
515 1687 720 1733 tricesimi,
749 1685 880 1739 sigillo
905 1685 1000 1723 dicti
1022 1684 1175 1723 domini
1200 1682 1466 1735 Inquisitoi‘iS‚
1494 1681 1732 1733 signetoque

85 1760 257 1800 manuali
278 1759 515 1801 venerabilis
533 1759 605 1800 viri
638 1758 793 1799 domini
813 1756 969 1798 Nicolai
992 1756 1118 1812 Ogier,
1134 1754 1369 1809 presbyteri,
1394 1752 1535 1793 notarii
1565 1750 1729 1804 publici,

84 1832 247 1884 signatis
272 1832 550 1872 exsistentibus
578 1845 585 1869 :
619 1844 692 1869 nos
717 1829 1046 1870 commissionem
1082 1827 1232 1881 prrefati
1267 1825 1422 1866 domini
1462 1823 1728 1878 Inquisitoris,

83 1904 174 1944 totis
193 1903 342 1944 viribus
361 1903 406 1944 ad
421 1903 579 1944 laudem
604 1903 676 1943 Dei
707 1912 744 1942 et
766 1901 1000 1942 orthodoxae
1025 1899 1117 1940 fidei
1140 1898 1436 1945 exaltationem,
1460 1905 1503 1934 ut
1532 1904 1729 1941 tenemur,

84 1975 287 2016 humiliter
315 1974 496 2030 implere,
520 1984 713 2029 quantum
748 1973 942 2022 valemus,
966 1973 1172 2024 cupientes
1201 1980 1238 2012 et
1271 1969 1561 2012 desiderantes3
1589 1966 1733 2010 habitis

85 2047 254 2088 consilio
285 2057 323 2086 et
361 2047 642 2087 advisamentis
668 2045 819 2100 praefati
844 2045 999 2085 domini
1024 2044 1203 2097 episcopi
1241 2056 1283 2083 ac
1309 2040 1599 2082 nonnullorum
1633 2039 1733 2077 alio-

86 2132 188 2167 rum,
213 2129 292 2158 tam
319 2120 357 2158 in
386 2132 491 2160 sacra
514 2119 655 2171 pagina
683 2131 801 2171 quam
834 2117 1029 2157 canonico
1051 2126 1088 2155 et
1109 2114 1215 2155 civili
1241 2116 1326 2167 jure
1349 2113 1568 2165 peritorum
1589 2126 1597 2159 3
1625 2124 1733 2149 com-

87 2191 275 2244 perimus,
291 2191 337 2229 ad
361 2190 592 2244 hujusmodi
614 2203 742 2230 causae
762 2188 1054 2233 definitionem,
1080 2195 1356 2239 promotorem
1379 2197 1582 2225 causarum
1611 2181 1732 2221 officii

87 2273 230 2303 sanctae
252 2263 539 2315 Inquisitionis,
565 2276 607 2301 ac
633 2262 808 2300 notarios
833 2270 870 2301 et
884 2269 1156 2300 exsecutorem
1183 2258 1461 2299 mandatorum
1488 2265 1732 2302 nostrorum,

87 2335 283 2388 propitios
301 2345 338 2374 et
357 2333 552 2374 notabiles
568 2333 649 2373 fore
666 2332 968 2372 constituendos
985 2340 1022 2370 et
1040 2330 1298 2371 ordinandos.
1321 2329 1426 2369 Hinc
1446 2337 1501 2369 est
1514 2327 1621 2380 quod
1645 2340 1732 2371 nos,

88 2408 318 2446 auctoritate
344 2405 565 2459 apostolica
589 2415 626 2445 et
656 2405 748 2444 dicti
786 2404 991 2444 reverendi
1018 2403 1136 2456 patris
1168 2402 1324 2442 domini
1361 2399 1627 2453 Inquisitoris,
1661 2411 1736 2453 qua

88 2478 293 2532 fungimur
315 2479 354 2517 iu
379 2478 449 2517 bac
476 2486 597 2530 parte,
626 2477 673 2517 de
705 2476 915 2530 probitate,
944 2475 1152 2520 industria,
1183 2473 1419 2514 sufficientia
1447 2481 1484 2511 et
1518 2470 1734 2513 idoneitate

88 2563 286 2603 personae,
310 2549 546 2588 venerabilis
568 2558 605 2587 et
627 2548 785 2588 discreti
813 2548 903 2594 viri,
937 2547 1091 2587 domini
1115 2545 1310 2596 Johannis
1329 2545 1377 2583 de
1402 2544 1594 2590 Estiveto‚
1622 2554 1734 2594 pres-

88 2620 226 2673 byteri,
254 2620 510 2659 ecclesiarum
534 2620 758 2670 Bajocensis
778 2629 815 2658 et
841 2619 1089 2659 Belvacensis
1112 2617 1310 2664 canonici,
1326 2625 1363 2656 et
1382 2627 1587 2653 causarum
1612 2612 1735 2651 officii

87 2691 180 2730 dicti
201 2692 353 2730 domini
379 2692 559 2743 episcopi
583 2692 621 2728 in
645 2691 715 2728 hac
744 2700 851 2742 parte
871 2689 1130 2742 promotoris,
1156 2681 1317 2740 plenam*
1340 2687 1378 2724 in
1405 2686 1581 2724 Domino
1597 2697 1735 2736 geren—

86 2772 142 2801 tes
170 2762 357 2801 fiduciam
394 2773 431 2801 et
471 2762 600 2801 debite
624 2762 825 2800 informati
849 2776 855 2799 2
883 2762 1012 2813 ipsum
1037 2760 1247 2798 dominum
1287 2759 1512 2807 Johannem
1551 2757 1733 2804 fecimus,

88 2835 384 2882 constituimus,
427 2835 662 2880 creavimus,
702 2834 1017 2878 nominavimus,
1041 2831 1316 2869 ordinavimus
1355 2840 1391 2868 et
1431 2829 1735 2881 deputavimus3

89 2904 269 2951 facimus,
296 2906 593 2951 constituimus,
626 2918 819 2952 creamus,
863 2904 1136 2949 nominamus,
1161 2903 1394 2943 ordinamus
1425 2910 1462 2939 et
1499 2900 1735 2954 deputamus

90 2987 361 3029 promotorem
421 2978 501 3016 sive
562 2986 861 3030 procuratorem
914 2974 1036 3014 officii
1089 2975 1229 3021 nostri,
1280 2973 1386 3026 quod
1444 2985 1599 3013 causam
1653 2972 1734 3008 sive

91 3048 293 3087 materiam
348 3048 578 3100 hujusmodi
616 3047 907 3094 deducendam,
955 3045 1180 3098 generalem
1223 3055 1261 3084 et
1302 3043 1513 3097 specialem
1535 3058 1542 3089 ;
1597 3043 1734 3080 dantes

90 3119 217 3157 eidem
243 3120 465 3172 promoturi
502 3129 538 3158 et
563 3119 810 3172 procuratori
831 3117 1020 3171 generali,
1044 3127 1183 3155 tenore
1214 3116 1486 3168 praesentium,
1514 3113 1730 3159 licentiam,
