2099 3356
379 173 538 217 PRocizs
572 187 628 216 DE
661 187 1012 218 CONDAMNATION
1047 190 1103 218 DE
1134 190 1298 231 JEANNE
1332 175 1461 220 D'ARC
1650 191 1730 220 221

93 286 212 330 Deus
232 285 450 343 adjuvaret
476 302 570 330 eam
599 299 639 330 et
665 285 760 331 illos
789 286 840 330 de
868 287 1178 346 Compendi03
1211 301 1254 332 et
1282 287 1393 332 dicta
1413 288 1612 346 Johanna
1633 288 1739 333 dixit

93 381 247 414 sanctae
268 368 514 413 Katharinae
535 368 670 428 quod,
696 383 924 429 postquam
948 372 1064 414 Deus
1089 370 1308 429 adjuvaret
1330 372 1424 416 illos
1446 371 1497 416 de
1519 373 1739 430 Compen-

93 451 181 503 dio,
211 453 298 511 ipsa
334 451 503 496 volebat
534 452 591 497 ibi
631 469 747 507 esse,
796 467 837 497 et
872 467 1014 498 sancta
1055 455 1288 499 Katharina
1325 454 1431 500 dixit
1461 473 1469 499 τ
1501 473 1520 496 «
1551 456 1739 514 Oportet

92 537 184 580 sine
212 536 310 580 fallo
327 545 336 562 ¹
372 536 491 595 quod
517 550 563 581 tu
588 538 724 595 capias
747 549 989 595 gratanter;
1019 551 1059 581 et
1086 555 1175 582 non
1201 541 1283 583 eris
1310 539 1484 583 liberata
1510 556 1739 599 quousque

92 619 246 664 videris
269 635 413 678 regem
438 620 700 678 Anglorum.
729 638 748 660 »
779 621 830 664 Et
852 620 1052 676 Johanna
1080 622 1300 680 respondit
1325 640 1333 666 :
1360 640 1380 663 «
1404 624 1635 673 veraciter,
1658 639 1737 682 ego

90 719 179 747 non
202 703 358 747 vellem
395 703 539 747 videre
573 704 715 762 ipsum
739 712 771 757 ²,
802 716 844 748 et
882 703 1054 748 mallem
1088 707 1200 749 mori
1238 722 1368 764 quam
1408 722 1497 751 esse
1530 708 1667 765 posita
1694 709 1736 751 in

90 802 223 832 manu
247 786 548 844 Anglicorum.
579 806 599 826 »
624 788 734 830 Item
762 787 868 831 dixit
886 787 1022 846 quod,
1050 802 1277 848 postquam
1295 789 1446 834 cecidit
1467 807 1489 834 a
1511 792 1635 844 turri,
1657 790 1738 835 fuit

88 883 162 926 per
182 867 290 912 duos
309 868 373 911 vel
397 881 479 911 tres
497 867 586 912 dies
607 867 726 926 quod
750 884 839 912 non
865 868 1037 912 volebat
1061 869 1308 924 comedere3
1345 883 1385 914 et
1410 872 1510 929 quia
1537 885 1624 915 erat
1646 887 1737 929 gra-

88 964 181 995 vata
207 963 380 1010 propter
403 951 576 1004 saltum,
608 967 697 995 non
724 964 890 1009 poterat
912 951 1055 996 bibere
1078 969 1219 1011 neque
1243 953 1499 1008 comedere3
1528 968 1569 999 et
1593 968 1737 999 tamen

87 1033 169 1078 fuit
195 1033 432 1078 confortata
458 1051 480 1078 a
510 1047 653 1078 sancta
681 1034 933 1088 Katharina‚
954 1035 1033 1079 sibi
1056 1036 1224 1081 dicente
1248 1037 1366 1096 quod
1391 1038 1673 1082 confiteretur
1697 1052 1740 1083 et

88 1131 301 1177 quaereret
338 1120 510 1162 veniam
549 1136 571 1163 a
614 1119 708 1163 Deo
745 1118 796 1162 de
831 1119 913 1163 hoc
943 1112 1061 1178 quod
1098 1120 1345 1175 saltaverat3
1374 1134 1414 1165 et
1441 1122 1559 1180 quod
1587 1122 1647 1166 illi
1687 1122 1738 1165 de

91 1201 370 1261 Compendio
393 1203 486 1245 sine
517 1200 680 1246 defectu
715 1201 922 1246 haberent
963 1219 1231 1257 succursum,
1270 1204 1379 1248 infra
1408 1204 1564 1249 festum
1605 1207 1736 1249 sancti

90 1286 268 1330 Martini
308 1285 541 1339 hiemalis,
577 1298 618 1329 et
660 1298 763 1329 tunc
790 1287 952 1344 incepit
978 1287 1206 1331 comedere
1236 1301 1277 1331 et
1314 1287 1474 1343 bibere,
1520 1303 1560 1333 et
1593 1291 1734 1334 statim

89 1369 172 1414 fuit
213 1382 370 1413 sanata.
410 1370 674 1428 Interrogata
707 1371 756 1421 si,
792 1370 968 1429 quando
1015 1371 1213 1416 rehabuit
1247 1372 1481 1431 loquelam,
1520 1386 1616 1431 post
1652 1373 1737 1418 dic-

48 1441 50 1443 *
90 1467 182 1498 tum
209 1453 386 1507 saltum,
412 1453 742 1512 denegaveritne
783 1454 928 1497 Deum
956 1467 999 1498 et
1022 1455 1228 1499 Sanctos:
1261 1456 1481 1514 respondit
1502 1457 1620 1516 quod
1648 1473 1735 1501 non

88 1537 334 1582 recordatur
352 1537 471 1596 quod
494 1538 713 1594 negaverit
739 1554 935 1596 unquam
967 1539 1113 1582 Deum
1150 1539 1217 1583 vel
1251 1541 1443 1584 Sanctos.
1475 1542 1737 1599 Interrogata

87 1623 121 1665 si
148 1622 251 1665 velit
276 1637 319 1665 se
342 1620 493 1665 referre
536 1620 588 1665 de
626 1621 709 1665 hoc
753 1621 805 1666 ad
836 1622 1193 1667 informationem
1230 1623 1384 1668 factam
1413 1624 1480 1668 vel
1505 1624 1693 1669 fiendam
1726 1642 1733 1667 :

89 1704 313 1764 respondit
330 1703 449 1764 quod
474 1721 517 1748 se
545 1705 670 1749 refert
700 1707 809 1757 Deo,
837 1718 878 1749 et
903 1722 992 1750 non
1017 1706 1153 1750 alteri.

147 1855 278 1898 XLII.
312 1871 331 1894 «
361 1855 485 1907 ITEM,
516 1853 627 1898 dicta
650 1854 852 1910 Johanna
875 1854 983 1898 dixit
1018 1868 1059 1899 et
1087 1854 1320 1914 publicavit
1346 1870 1508 1901 sanctas
1542 1858 1737 1902 Kathari—

89 1954 186 1982 nam
217 1951 258 1982 et
279 1939 560 1996 Margaretam
589 1954 634 1982 ac
661 1951 869 1982 sanctum-
889 1939 1147 1983 Michaelem
1178 1939 1331 1984 habere
1359 1940 1553 1985 membra
1580 1958 1736 1999 corpo-

87 2037 169 2076 rea,
201 2036 249 2066 ut
278 2022 437 2066 scilicet
466 2036 608 2080 caput,
652 2022 818 2073 oculos,
857 2022 1018 2075 vultus,
1056 2008 1232 2081 capillos
1254 2036 1295 2068 et
1325 2024 1507 2079 similia3
1546 2038 1601 2080 et,
1634 2042 1734 2069 cum

90 2107 185 2159 hoc,
215 2105 321 2149 dixit
356 2121 399 2149 se
429 2105 620 2163 praefatas
657 2105 830 2150 Sanctas
866 2106 911 2149 in
955 2106 1156 2150 manibus
1185 2107 1389 2166 palpasse,
1427 2122 1467 2152 et
1494 2108 1586 2152 illas
1606 2108 1736 2153 fuisse

86 2189 372 2248 amplexatam
402 2202 443 2233 et
470 2189 724 2233 osculatam.
758 2208 779 2231 »

144 2273 241 2318 *Ad
269 2273 384 2317 hunc
409 2281 420 2305 ³
446 2273 692 2324 articulum,
717 2272 948 2332 respondet
968 2283 986 2306 4
1012 2274 1131 2332 quod
1159 2273 1260 2317 alias
1295 2290 1424 2332 super
1448 2275 1529 2320 hoc
1557 2292 1735 2333 respon-

88 2356 164 2411 dit,
194 2370 235 2401 et
258 2356 376 2416 quod
398 2372 441 2401 se
464 2357 590 2420 refert
613 2355 664 2416 ad
689 2355 796 2400 illud
822 2355 940 2415 quod
969 2356 1021 2400 de
1050 2357 1130 2401 h'oc
1158 2357 1259 2401 alias
1282 2356 1390 2401 dixit
1414 2365 1442 2402 5.

145 2441 271 2495 Item,
304 2440 481 2494 sabbati,
517 2455 623 2483 xvn.
668 2441 826 2493 martii,
864 2441 1123 2498 interrogata
1157 2442 1190 2484 si
1225 2457 1422 2500 unquam
1453 2443 1640 2486 osculata
1668 2443 1734 2486 vel

85 2524 324 2583 amplexata
340 2523 469 2568 fuerit
489 2536 652 2567 sanctas
668 2523 950 2567 Katharinam
969 2536 1011 2567 et
1032 2524 1317 2582 Margaretam
1340 2542 1348 2568 :
1370 2525 1592 2584 respondit
1616 2526 1733 2585 quod

85 2608 324 2666 amplexata
364 2621 426 2651 est
461 2607 606 2651 ambas
654 2620 694 2650 et
733 2606 852 2664 quod
893 2606 1060 2650 bonum
1089 2607 1342 2652 odorabant.
1379 2610 1643 2668 Interrogata
1681 2612 1733 2663 si,

136 2787 344 2839 *Respond
371 2800 378 2824 :
405 2803 423 2822 ε(
446 2786 533 2835 J’en
557 2799 606 2839 ay
625 2784 842 2838 respoudu‚
867 2794 904 2824 et
923 2785 1025 2823 m'en
1039 2786 1179 2824 actend
1201 2787 1247 2825 ad
1264 2800 1308 2826 ce
1326 2801 1401 2841 que
1420 2789 1495 2841 j’en
1519 2803 1567 2842 ay
1585 2790 1641 2828 dit
1662 2793 1691 2828 ⁶.
1714 2808 1732 2825 »

138 2978 167 3002 1.
188 2967 256 3002 Sic.
280 2967 332 3001 En
360 2966 508 3010 franqais
526 2977 603 3000 saus
621 2964 736 3011 stalle,
760 2965 979 2999 c’cst—a—dire
1007 2977 1082 2999 suns
1102 2966 1217 3011 situla.
1249 2967 1348 3011 (Sine
1367 2968 1490 3013 defectu
1518 2975 1673 3015 (portet.)
1690 2992 1706 2994 a
1727 2992 1731 2994 -

86 3037 121 3061 2.
141 3027 171 3061 A
191 3039 200 3061 .·
219 3039 307 3061 eum.
329 3047 376 3052 —
396 3037 427 3071 3.
443 3026 474 3060 A
499 3038 509 3060 .·
529 3025 821 3072 quadragesimum
838 3024 1026 3058 secundum.
1050 3046 1095 3049 —-
1111 3036 1146 3067 4,
1177 3026 1207 3060 :l
1228 3026 1346 3073 ajoute
1357 3028 1521 3071 johanna.
1538 3051 1556 3053 w
1571 3050 1581 3054 <
1602 3041 1631 3073 5.
1661 3030 1692 3063 A
1724 3042 1731 3063 ,-

87 3086 170 3131 ‹Juoa'
188 3087 275 3120 alias
293 3086 330 3119 de
351 3086 404 3120 hoc
423 3086 525 3120 dixit.
558 3106 599 3109 *—
614 3084 646 3118 6.
672 3084 715 3126 U,
736 3083 800 3120 fol,
829 3094 884 3129 29,
914 3091 955 3118 το.
