2099 3356
389 212 435 253 14
664 196 821 241 Pnocizs
854 211 911 240 DE
942 210 1297 242 CONDAMNATION
1333 211 1389 239 DE
1419 211 1584 252 JEANNE
1616 196 1742 240 D'ARc

378 323 578 350 commun
614 318 863 358 comment¹,
891 309 1030 369 depuis
1051 322 1180 348 aucun
1216 318 1345 362 temps
1375 322 1486 358 enca,
1519 322 1598 348 une
1621 308 1770 348 femme
1791 310 1858 363 qui
1883 323 1923 349 se
1952 310 2022 348 fait

378 381 541 436 appeler
559 382 738 432 Jehanne
761 380 798 420 la
818 380 977 429 Pucelle,
1001 380 1160 419 laissant
1192 380 1327 419 l'abbit
1353 389 1391 419 et
1410 389 1592 420 vesteure
1617 381 1665 419 de
1686 394 1776 419 sexe
1801 380 1969 420 feminin
1988 390 2018 429 2,

381 453 484 503 s'est,
510 463 646 492 contre
668 453 704 492 la
728 452 796 506 loy
816 452 967 501 divine,
990 465 1149 491 comme
1172 452 1293 491 chose
1314 451 1595 491 abhominable
1620 453 1641 490 a
1662 452 1780 500 Dieu,
1801 453 2020 505 reprouve'e

379 534 416 564 et
437 523 634 564 defendue
656 524 702 563 de
733 532 843 562 toute
873 523 954 576 loy,
993 532 1145 570 vestue,
1182 522 1367 561 habilem
1400 532 1437 561 et
1457 524 1588 562 armee
1618 536 1666 562 en
1704 532 1802 563 estat
1831 532 1868 562 et
1911 523 2020 562 habit

380 596 580 644 d'omme3
605 609 625 635 a
646 595 716 634 fait
735 604 773 634 et
810 595 947 634 exerce'
987 593 1095 633 cruel
1119 594 1187 632 fait
1226 593 1477 643 d'omicides,
1512 603 1564 642 et,
1598 607 1757 633 comme
1787 593 1861 633 l'en
1902 595 1973 642 dit,
1999 608 2020 633 a
2052 583 2056 586 ’

380 668 514 707 donne
536 668 557 706 ὲ
574 667 764 706 entendre
783 680 831 705 au
850 665 993 719 simple
1007 665 1152 719 peuple
1177 665 1326 718 pourle
1342 665 1499 704 seduire
1520 674 1559 704 et
1579 665 1720 705 abuser
1734 665 1879 719 qu'elle
1901 666 2021 705 estoit

379 739 559 792 envoyee
572 738 619 777 dc
639 751 707 791 par
732 738 833 777 Dieu
854 747 890 776 et
913 738 1020 776 avoit
1041 737 1330 790 cognoissance
1346 736 1394 775 de
1409 750 1470 775 ses
1492 736 1764 776 divins·secrez
1789 751 1798 785 ;
1816 736 2018 776 ensemble

377 810 559 863 pluseurs
581 819 710 849 autres
750 809 1082 862 dogmatizations
1113 810 1190 847 tres
1222 808 1467 862 perilleuses,
1491 817 1529 847 et
1565 808 1586 846 ὲ
1617 818 1750 847 nostre
1787 809 1912 847 sainte
1951 808 2020 860 foy

378 882 604 935 catholique
626 880 754 920 moult
783 880 1087 934 prejudiciables
1111 890 1148 918 et
1172 879 1462 919 scandaleuses.
1486 880 1542 918 En
1565 881 1825 932 poursuivant
1856 893 1924 933 par
1944 879 2019 919 elle

379 953 592 1007 lesquelles
611 952 800 992 abusions
821 962 859 991 et
880 962 1062 1001 exercant
1095 951 1273 991 hostilite
1307 951 1326 989 ὲ
1357 951 1576 990 l’encontre
1598 951 1646 990 de
1686 965 1787 990 nous
1812 961 1849 990 et
1886 960 2018 991 nostre

378 1025 539 1078 peuple,
560 1039 580 1064 a
605 1025 685 1063 este
704 1025 835 1077 prinse
851 1025 981 1063 armee
999 1023 1142 1062 devant
1157 1023 1436 1076 Compiengne
1452 1036 1520 1075 par
1535 1036 1685 1062 aucuns
1701 1023 1748 1062 de
1765 1036 1839 1062 noz
1858 1022 2018 1076 loyaulx

378 1097 539 1150 subgez,
569 1106 606 1135 et
627 1096 767 1149 depuis
792 1097 957 1134 amenee
979 1096 1227 1148 prisonniere
1251 1095 1462 1147 pardevers
1484 1109 1599 1134 nous.
1639 1096 1685 1134 Et
1705 1108 1854 1148 pource
1872 1109 1948 1148 que
1970 1095 2018 1134 de

377 1169 679 1222 supersticions,
705 1168 849 1207 faulses
885 1167 1225 1220 dogniatizacions
1255 1176 1293 1205 et
1332 1176 1460 1206 autres
1489 1168 1630 1206 crimes
1670 1167 1717 1205 de
1751 1166 2017 1220 lese-majeste

377 1241 527 1288 divine,
545 1253 702 1279 comme
729 1239 805 1278 l'en
826 1239 896 1287 dit,
918 1238 991 1278 elle
1009 1239 1122 1277 aeste
1139 1239 1186 1277 de
1216 1238 1398 1291 pluseurs
1420 1239 1581 1291 reputee
1605 1247 1803 1291 suspecte,
1837 1240 1954 1277 notee
1981 1248 2019 1277 et

378 1312 577 1359 diffamee,
602 1324 725 1350 avons
747 1312 827 1350 este
852 1311 985 1363 requis
1020 1311 1096 1348 tres
1128 1311 1385 1348 instamment
1406 1323 1474 1362 par
1498 1310 1677 1349 1·c'·verent
1701 1311 1792 1363 pere
1825 1324 1874 1348 en
1898 1311 2015 1360 Dieu,

379 1393 513 1423 nostre
538 1384 626 1422 ame
645 1392 682 1422 et
704 1382 777 1421 feal
797 1381 1009 1421 conseiller
1033 1381 1232 1435 l'evesque
1257 1381 1306 1420 de
1326 1382 1530 1429 Beauvais,
1553 1382 1644 1434 juge
1667 1381 1963 1435 ecclesiastique
1979 1391 2017 1421 et

376 1455 572 1495 ordinaire
594 1455 642 1494 de
664 1454 782 1493 ladite
802 1455 997 1502 Jehanne,
1030 1466 1178 1506 pource
1202 1452 1346 1506 qu’elle
1371 1467 1390 1491 a
1415 1454 1495 1492 este
1516 1454 1648 1506 prinse
1671 1462 1708 1492 et
1737 1453 2015 1506 apprehendee

376 1528 416 1565 es
437 1537 581 1566 termes
603 1536 640 1565 et
661 1526 806 1564 limites
837 1525 884 1564 de
909 1539 981 1564 son
1004 1525 1184 1573 diocese,
1205 1534 1241 1563 et
1262 1524 1536 1577 pareillement
1557 1525 1710 1563 exortes
1731 1524 1779 1563 de
1798 1533 2013 1577 parnostre

375 1601 450 1638 tres
473 1599 604 1638 chiere
629 1607 666 1637 et
687 1599 763 1636 tres
789 1599 898 1636 amee
926 1596 1003 1636 fille
1044 1596 1298 1635 l’Universite
1338 1597 1385 1636 de
1430 1597 1535 1635 Paris
1576 1609 1653 1650 que
1690 1595 1802 1634 icelle
1835 1596 2015 1644 jehanne

375 1669 577 1709 vueillons
599 1669 692 1708 faire
714 1668 868 1715 rendre,
908 1667 1045 1706 bailler
1077 1677 1115 1706 et
1146 1667 1315 1706 delivrer
1351 1667 1458 1706 audit
1495 1668 1675 1706 reverent
1702 1671 1794 1720 pere
1818 1681 1866 1706 en
1894 1667 2014 1715 Dieu,

375 1755 476 1795 pour
503 1741 537 1780 la
559 1742 807 1793 interroguer
831 1749 869 1778 et
892 1740 1094 1778 examines
1124 1753 1190 1778 sur
1220 1738 1339 1777 lesdiz
1375 1752 1452 1785 ca3‚
1483 1748 1520 1777 et
1557 1738 1748 1791 proceder
1777 1747 1914 1777 contre
1941 1737 2015 1777 elle

374 1813 485 1852 selon
509 1813 563 1852 les
588 1812 831 1851 ordenances
851 1821 887 1850 et
909 1811 1177 1864 disposicions
1193 1811 1260 1849 des
1277 1810 1382 1849 drois
1400 1810 1531 1849 divins
1549 1819 1586 1849 et
1602 1810 1862 1863 canoniques,
1884 1809 2016 1862 appel-

376 1884 433 1924 lez
458 1884 571 1923 ceulx
596 1885 663 1938 qui
686 1891 850 1923 seront4
873 1884 893 1921 ἐι
911 1882 1101 1936 appeller.
1128 1883 1278 1921 Pource
1299 1881 1403 1921 est-il
1424 1895 1500 1935 que
1523 1895 1638 1929 nous,
1671 1881 1755 1935 qui,
1785 1894 1888 1934 pour
1906 1882 2015 1920 reve-

375 1969 492 1995 rence
517 1965 554 1994 et
572 1956 757 1994 honneur
778 1955 829 1993 du
853 1968 947 1994 nom
964 1954 1012 1993 de
1038 1955 1155 2001 Dieu,
1183 1953 1344 1992 defense
1365 1963 1403 1992 et
1415 1952 1634 1992 exaltacion
1657 1952 1704 1991 de
1726 1952 1872 1991 sadicte
1891 1953 2014 1991 sainte

376 2028 506 2081 Eglise
529 2037 565 2066 ct
587 2027 651 2080 foy
683 2026 924 2080 catholique,
952 2025 1125 2064 voulons
1164 2025 1419 2064 devoteinent
1440 2024 1704 2077 obtemperer,
1732 2037 1891 2063 comme
1911 2024 2015 2063 vrais

373 2108 412 2138 et
428 2099 613 2138 humbles
629 2098 691 2137 filz
722 2099 769 2137 de
795 2099 920 2136 sainte
934 2097 1080 2150 Eglise‚
1107 2110 1180 2135 aux
1204 2106 1404 2149 requestes
1423 2105 1460 2135 et
1484 2097 1680 2135 instances
1703 2095 1815 2134 dudit
1835 2096 2015 2134 re've'rent

376 2172 468 2224 pere
485 2185 532 2209 cn
558 2171 673 2218 Dieu,
698 2180 734 2209 ct
758 2169 1005 2208 exortacions
1036 2169 1103 2207 des
1126 2169 1308 2207 docteurs
1321 2177 1358 2206 et
1377 2168 1554 2207 maistres
1577 2168 1623 2206 de
1648 2176 1782 2206 nostre
1805 2166 1907 2206 dicte
1935 2166 2014 2205 fille

373 2242 629 2282 l'Universitc'·
651 2242 698 2280 de
721 2242 825 2280 Paris
844 2256 851 2279 ε
874 2241 1077 2279 ordenons
1097 2250 1132 2278 et
1154 2250 1399 2278 consentons
1421 2253 1512 2292 que,
1540 2248 1668 2278 toutes
1693 2249 1730 2278 et
1751 2247 1916 2292 quantes
1937 2237 2013 2277 fois

375 2328 451 2367 que
482 2313 559 2352 bon
578 2313 771 2352 scmblera
801 2313 908 2350 audit
929 2312 1117 2350 reverend
1143 2312 1234 2364 pere
1261 2326 1308 2349 en
1353 2312 1469 2358 Dieu,
1510 2311 1622 2350 icelle
1651 2311 1829 2360 Jelianne
1852 2310 1905 2348 lui
1937 2311 2013 2349 soit

375 2385 516 2424 baillee
539 2395 575 2423 ct
605 2384 776 2423 delivree
796 2382 988 2422 realment
1013 2383 1111 2421 etde
1134 2382 1200 2421 fait
1222 2396 1290 2436 par
1314 2396 1389 2420 noz
1419 2396 1516 2435 gens
1540 2392 1576 2420 et
1598 2381 1786 2429 officiers,
1820 2382 1886 2435 qui
1913 2380 2011 2425 l'ont

372 2463 437 2495 enS
459 2457 592 2509 garde,
618 2469 718 2508 pour
737 2454 849 2494 icelle
868 2455 1116 2507 interroguer
1137 2463 1174 2492 et
1196 2453 1397 2492 examines
1423 2463 1460 2492 et
1486 2453 1577 2492 sairc
1600 2467 1670 2491 son
1703 2457 1858 2506 prOCQS,
1889 2452 2002 2491 selon

377 2529 493 2570 Dieu,
522 2529 651 2566 raison
672 2537 707 2566 et
723 2527 778 2565 les
802 2527 911 2565 droiz
931 2527 946 2551 ⁶
969 2526 1099 2564 divins
1117 2535 1153 2564 et
1175 2526 1278 2563 sains
1293 2534 1307 2559 7
1323 2538 1488 2572 canons,
1507 2539 1574 2577 par
1595 2524 1691 2562 ledit
1713 2524 1903 2563 reverend
1919 2529 2012 2578 pere

375 2613 422 2637 en
448 2600 563 2638 Dieu.
584 2599 623 2637 Si
655 2598 842 2637 donnons
861 2611 908 2636 en
938 2596 1195 2636 mandemant
1221 2596 1240 2634 {1
1273 2609 1346 2635 noz
1369 2596 1491 2634 dictes
1515 2610 1613 2649 gens
1631 2604 1668 2634 et
1690 2594 1875 2643 officierS,
1908 2595 1975 2648 qui
1995 2596 2012 2621 8

373 2670 484 2709 icelle
517 2670 693 2719 Jelianne
715 2679 730 2703 9
754 2679 824 2707 ont
845 2682 893 2707 en
917 2669 1052 2721 garde,
1081 2682 1157 2721 que
1182 2667 1289 2706 audit
1317 2667 1507 2709 reverend
1531 2669 1622 2720 pere
1648 2681 1696 2706 en
1730 2667 1830 2705 Dieu
1853 2666 2013 2704 baillent

373 2750 411 2780 ct
434 2741 628 2780 delivrent
651 2740 843 2780 [Calment
872 2739 980 2779 etde
1017 2738 1100 2787 fait,
1143 2752 1231 2777 sans
1261 2737 1368 2777 refuz
1405 2752 1457 2777 ou
1489 2738 1685 2777 contredit
1719 2750 1864 2785 aucun,
1894 2737 2011 2776 ladite

371 2813 565 2861 Jehanne,
597 2820 728 2850 toutes
748 2820 785 2849 et
806 2809 1094 2864 quantesfoisw
1118 2823 1194 2863 que
1230 2823 1298 2862 par
1328 2809 1383 2848 lui
1405 2823 1454 2848 en
1479 2819 1613 2848 seront
1635 2809 1788 2862 requi33
1814 2807 2009 2847 mandons

425 2997 454 3020 1.
484 2984 537 3020 C:
555 2996 749 3018 comme.—
768 2994 801 3017 2.
830 2983 861 3016 A
885 2984 1078 3029 :semanim
1109 3003 1153 3008 —-
1177 2993 1207 3027 3.
1238 2982 1267 3017 C
1291 2995 1300 3015 .’
1321 2982 1481 3016 habillie'e.
1505 3003 1551 3007 —
1571 2992 1604 3024 4.
1633 2980 1730 3016 ABC
1749 2989 1780 3015 et
1799 2980 1832 3024 Q
1853 2980 2006 3026 :sermm

374 3065 419 3070 --
440 3056 469 3088 5.
487 3045 521 3088 Q
539 3045 656 3090 ajoute
674 3034 760 3077 leurs
775 3063 820 3068 —
846 3045 878 3076 ὁ.
897 3042 926 3076 C
947 3042 1074 3076 :dr01's.
1093 3063 1137 3067 —
1156 3053 1187 3086 7.
1212 3041 1242 3076 C
1266 3054 1275 3075 :
1295 3043 1429 3076 saincts.
1453 3062 1498 3067 ——
1515 3042 1547 3075 8.
1569 3041 1600 3076 C
1621 3053 1630 3075 .’
1652 3052 1722 3086 que.
1741 3060 1788 3066 —
1808 3050 1840 3085 9.
1860 3039 1893 3084 Q
1910 3048 2009 3074 omet

369 3104 525 3148 johanne.
551 3123 590 3127 —-
616 3112 668 3137 10.
688 3102 716 3135 B
740 3113 748 3135 .·
775 3101 976 3147 qzmnlcffbis.
