2099 3356
335 167 418 208 208
613 163 772 206 PRoci'ss
805 177 861 205 DE
893 175 1244 206 CONDAMNATION
1279 176 1335 205 DE
1365 176 1529 218 JEANNE
1562 161 1691 205 D’Aiic

390 276 408 297 *
423 275 489 320 Ad
513 276 629 320 hunc
654 285 663 301 ¹
687 275 933 329 articulum,
957 274 1107 319 eadem
1126 283 1141 300 ²
1170 274 1236 319 die
1259 276 1474 328 mercurii,
1497 289 1650 318 xxvm.
1682 275 1841 318 mensis
1862 290 1971 318 mar-

332 361 397 414 tii,
425 358 678 418 respondit³
712 376 720 402 ε
751 359 838 402 «In
865 359 1062 402 Domino
1084 370 1233 402 nostro
1263 370 1324 401 est
1350 356 1534 401 revelare
1558 358 1627 401 cui
1649 356 1782 415 placet
1806 357 1885 401 sibi
1916 377 1936 397 »
1959 375 1970 412 ;

332 456 374 488 et
396 442 530 502 quod,
556 442 608 486 de
629 458 728 486 ense
752 455 795 486 et
809 442 900 486 aliis
916 441 1040 486 rebus
1061 443 1255 486 venturis
1271 457 1377 500 quas
1398 440 1521 495 dixit,
1544 440 1625 485 hoc
1640 450 1657 474 4
1681 453 1744 485 est
1764 457 1838 500 per
1857 456 1975 485 reve-

333 528 556 572 lationem.

393 611 518 664 Item,
557 608 626 653 die
655 608 830 660 sabbati,
869 623 1009 653 xxi111.
1049 608 1265 662 februarii,
1309 607 1409 652 dicit
1435 607 1551 666 quod
1591 606 1815 666 Burgundi
1844 607 1975 652 habe-

334 694 443 739 bunt
463 709 660 752 guerram
686 693 766 737 nisi
787 692 941 737 faciant
959 691 1077 751 quod
1095 691 1253 736 debent
1269 708 1280 746 ;
1311 704 1353 735 et
1381 691 1463 735 hoc
1482 692 1537 735 sit
1558 707 1631 750 per
1654 707 1793 736 voces.

393 779 519 830 Item,
548 776 616 821 die
651 777 811 830 martis,
842 790 974 820 xxv11.
1019 775 1235 827 februarii,
1278 776 1536 833 interrogata
1569 775 1621 829 si,
1644 773 1751 818 dum
1779 776 1898 818 venit
1923 773 1975 818 ad

334 861 546 906 insultum
567 874 666 905 ante
695 859 921 904 bastildam
949 859 1323 910 Aurelianensem‚
1348 858 1501 903 dixerit
1526 858 1728 917 gentibus
1749 859 1835 902 suis
1859 857 1976 917 quod

331 947 536 1004 ¹reciperet
556 946 742 1003 sagittas,
773 945 1022 987 viretonnes
1046 951 1056 977 5
1086 955 1126 987 et
1156 941 1315 1001 lapides
1353 941 1686 987 bombardarum
1711 958 1720 985 :
1759 940 1979 1001 respondit

334 1028 451 1089 quod
477 1045 594 1082 non3
621 1030 711 1072 imo
739 1027 796 1071 ibi
831 1026 1008 1072 fuerunt
1040 1027 1252 1071 vulnerati
1279 1025 1387 1070 bene
1421 1038 1598 1070 centum
1636 1025 1701 1069 vel
1741 1025 1898 1084 plures.
1927 1026 1978 1069 Et

336 1113 444 1157 bene
472 1112 578 1157 dixit
608 1111 810 1171 gentibus
845 1112 929 1155 suis
965 1109 1084 1169 quod
1126 1126 1214 1154 non
1252 1108 1513 1163 dubitarent,
1551 1122 1591 1153 et
1627 1107 1747 1168 quod
1789 1109 1979 1153 levarent

335 1195 625 1241 obsidionem.
657 1196 920 1253 Interrogata
947 1211 993 1238 ea
1024 1193 1090 1238 die
1126 1206 1224 1238 ante
1267 1210 1399 1252 quam
1439 1192 1663 1237 bastildam
1701 1192 1799 1237 fecit
1822 1191 1977 1237 retrahi
2024 1214 2030 1220 ·

335 1293 485 1338 gentes
504 1295 601 1323 suas
630 1296 638 1322 ;
669 1277 888 1337 respondit
915 1277 1032 1337 quod
1077 1277 1128 1321 de
1168 1277 1249 1321 hoc
1283 1292 1377 1341 non⁸
1409 1275 1669 1321 recordatur.
1707 1276 1823 1320 Dicit
1850 1277 1977 1320 etiam

338 1363 454 1422 quod
482 1363 590 1406 bene
626 1375 739 1407 certa
770 1374 858 1406 erat
884 1360 1003 1420 quod
1025 1361 1179 1405 levaret
1207 1359 1479 1404 obsidionem
1507 1359 1881 1414 Aurelianensem,
1907 1374 1981 1417 per

339 1447 646 1491 revelationem
670 1445 749 1490 sibi
776 1445 925 1489 factam
947 1462 957 1499 ;
989 1458 1030 1489 et
1056 1446 1184 1488 etiam
1219 1444 1300 1488 hoc
1328 1443 1489 1487 dixerat
1517 1444 1603 1502 regi
1625 1459 1721 1497 suo,
1748 1456 1979 1502 antequam

337 1544 511 1575 venerat
538 1530 652 1574 illuc.
676 1531 784 1573 Item
809 1528 911 1573 dicit
935 1527 1070 1587 quod,
1090 1529 1133 1572 in
1160 1527 1323 1571 insultu
1350 1526 1569 1571 bastildae⁶
1591 1528 1755 1579 Pontis,
1786 1527 1874 1585 ipsa
1897 1525 1981 1569 fuit

338 1615 435 1658 laesa
462 1616 504 1657 in
531 1614 642 1658 collo
669 1613 719 1657 de
741 1629 832 1657 uno
857 1613 1141 1664 viret01me÷3
1170 1611 1240 1655 sed
1264 1624 1366 1654 tunc
1394 1610 1544 1655 habuit
1566 1626 1767 1669 magnam
1786 1610 1979 1654 consola-

340 1700 506 1742 tionem
532 1714 554 1741 a
577 1710 718 1741 sancta
742 1696 992 1747 Katharina,
1029 1709 1071 1739 et
1094 1708 1237 1739 sanata
1265 1693 1346 1738 fuit
1367 1694 1475 1738 infra
1493 1709 1549 1737 xv
1573 1693 1687 1748 dies;
1712 1710 1789 1738 nec
1810 1705 1981 1752 propter

341 1781 424 1826 hoc
450 1780 612 1825 dimisit
635 1781 825 1839 equitare
851 1793 923 1823 aut
949 1780 1129 1837 operari.
1154 1779 1416 1835 Interrogata
1431 1778 1463 1821 si
1486 1776 1730 1836 praesciebat
1751 1776 1868 1836 quod
1893 1777 1980 1835 ipsa

340 1864 587 1909 laederetur:
614 1863 834 1922 respondit
859 1862 977 1922 quod
1022 1863 1101 1906 hoc
1129 1862 1285 1907 sciebat
1326 1861 1449 1915 bene,
1485 1874 1525 1905 et
1557 1859 1721 1904 dixerat
1756 1861 1844 1918 regi
1874 1875 1978 1913 suo;

339 1948 428 2003 sed,
453 1948 533 1992 hoc
554 1964 641 1992 non
661 1947 873 2000 obstante,
905 1963 995 1990 non
1019 1945 1241 1990 desisteret
1261 1945 1425 2003 operari
1451 1945 1645 1988 ulterius.
1671 1944 1721 1987 Et
1743 1944 1824 1987 hoc
1845 1942 1980 1988 fuerat

339 2032 418 2075 sibi
445 2031 679 2075 revelatum
704 2047 777 2089 per
802 2046 928 2074 voces
954 2042 1198 2074 sanctarum
1227 2028 1474 2072 Katharinae
1500 2041 1541 2071 et
1575 2028 1838 2086 Margaretru.
1868 2026 1982 2070 Dicit

340 2116 470 2159 etiam
499 2114 617 2173 quod
650 2115 738 2172 ipsa
765 2114 846 2157 fuit
871 2114 1008 2171 prima
1029 2129 1126 2171 quae
1153 2113 1298 2170 posuit
1314 2111 1470 2155 scalam
1494 2126 1664 2155 sursum
1691 2112 1733 2153 in
1756 2108 1978 2154 bastildam

341 2200 515 2252 Pontis;
543 2211 585 2242 et
609 2199 653 2241 in
672 2213 766 2241 eam
792 2195 989 2246 levando,
1014 2196 1110 2240 laesa
1130 2197 1211 2239 fuit
1230 2196 1273 2238 iu
1297 2194 1409 2239 collo
1425 2194 1476 2238 de
1503 2210 1594 2238 uno
1610 2195 1877 2237 viretonness.

399 2283 532 2338 jovis,
559 2282 697 2339 prima
725 2281 879 2333 martii,
909 2279 1011 2323 dicit
1043 2278 1161 2338 quod
1188 2291 1285 2322 ante
1321 2279 1600 2336 septennium
1633 2277 1802 2335 Anglici
1833 2275 1983 2320 dimit-

343 2379 434 2410 tent
461 2367 600 2423 majus
639 2365 793 2423 pignus
829 2379 959 2422 quam
996 2362 1173 2407 fecerint
1215 2375 1315 2406 ante
1352 2361 1496 2405 villam
1532 2361 1909 2414 Aurelianensem3
1942 2371 1983 2402 et

397 2574 606 2627 *Respond
628 2586 705 2626 que
730 2572 756 2611 il
776 2581 834 2611 est
853 2573 875 2610 a
897 2573 1042 2611 Nostre
1065 2571 1261 2624 Seigneur
1278 2570 1327 2609 de
1342 2569 1493 2609 reveler
1513 2568 1534 2607 ὲ
1554 2569 1621 2621 qui
1641 2567 1737 2622 qu’il
1753 2567 1822 2621 luy
1841 2566 1981 2621 plaist3

345 2661 383 2690 et
404 2665 479 2705 que
505 2651 649 2704 l'espe'e
675 2660 711 2689 et
736 2660 864 2688 autres
895 2649 1037 2688 choses
1069 2648 1088 2686 {1
1113 2649 1225 2687 venir
1252 2646 1395 2700 qu’elle
1423 2661 1443 2685 a
1467 2646 1605 2693 dictes,
1632 2645 1724 2685 c’est
1748 2659 1815 2699 par
1839 2642 1984 2683 revela-

346 2730 437 2768 cion
461 2738 489 2768 9.

402 2955 431 2978 1.
467 2943 498 2977 A
531 2954 541 2976 .·
578 2943 782 2976 tricesimum
809 2941 960 2974 tertium.
983 2961 1029 2965 —
1052 2950 1086 2974 2.
1109 2939 1140 2974 A
1167 2951 1177 2972 :
1194 2950 1242 2973 ea.
1265 2959 1307 2963 -u
1339 2949 1369 2983 3.
1391 2938 1423 2972 A
1454 2950 1464 2971 .·
1483 2937 1662 2984 respondet.
1693 2957 1739 2962 -—
1757 2947 1791 2980 4.
1815 2937 1846 2971 A
1867 2936 1985 2983 ajoute

349 3014 424 3036 nonv
446 3023 490 3026 —
514 3011 543 3044 5.
567 3001 595 3034 Β
615 3010 649 3035 et
677 3000 712 3044 Q
731 3001 965 3042 gviretonnos.
990 3020 1037 3024 -
1057 3000 1090 3033 6.
1113 2998 1175 3032 ΑΒ
1193 3010 1203 3032 .·
1223 2997 1396 3032 bastildiae.
1419 3018 1465 3022 --
1487 3007 1519 3042 7.
1544 2996 1574 3030 Β
1591 3005 1626 3032 et
1651 2997 1686 3041 Q
1708 3008 1719 3030 .·
1735 2997 1920 3030 viretonno.
1941 3015 1984 3020 --

350 3062 383 3095 8.
409 3061 435 3094 J}
460 3069 493 3094 ct
513 3060 547 3104 Q
567 3072 576 3093 :
601 3061 787 3093 viretonno.
807 3079 850 3084 -—
873 3069 906 3104 9.
939 3058 980 3100 U,
1003 3058 1063 3092 iol.
1095 3058 1151 3100 28,
1172 3066 1223 3090 vo.
