2099 3356
384 177 543 220 PRocizs
577 192 631 220 DE
665 192 1018 222 CONDAMNATION
1053 193 1108 222 DE
1139 194 1307 235 JEANNE
1340 178 1469 223 D’ARC
1666 195 1746 237 357

97 302 263 333 sanctas
312 289 597 333 Katharinam
645 304 686 335 et
723 292 1023 349 Margaretam,
1059 306 1101 336 et
1143 294 1420 349 transgressio
1452 295 1649 352 praecepti
1697 294 1748 339 de

95 372 327 418 dilectione
350 375 555 431 proximi.
587 392 605 412 »

882 472 942 515 XI

157 588 176 611 (c
196 571 320 625 ITEM,
345 570 489 615 dixisti
512 571 631 629 quod
655 572 752 623 illis,
774 588 884 631 quos
901 586 1098 616 sanctum
1119 574 1382 629 Michaelem,
1400 589 1561 620 sanctas
1582 576 1747 621 Katha*

96 656 239 698 rinarn
264 668 304 699 et
330 656 612 712 Margaretam
643 655 844 714 appellas,
875 656 1106 701 exhibuisti
1136 657 1276 715 plures
1301 661 1576 713 reverentias,
1604 663 1746 718 genua

95 737 324 792 flectendo,
364 739 633 784 removendo
675 741 918 796 capucium,
964 740 1200 785 osculando
1245 754 1403 785 terram
1449 759 1576 801 super
1612 760 1743 802 quam

91 821 409 880 gradiebantur,
434 822 636 867 vovendo
655 824 714 866 eis
738 824 1028 881 virginitatem
1048 842 1058 878 ;
1080 824 1198 882 quod
1223 826 1352 868 etiam
1379 827 1486 883 ipsas
1509 828 1680 871 Sanctas
1703 844 1746 871 es

94 905 283 949 osculata
316 919 356 949 et
392 906 645 963 amplexata,
675 922 720 950 ac
748 922 816 949 eas
850 908 1084 961 invocasti,
1121 909 1250 952 etiam
1279 908 1494 953 credidisti
1525 912 1746 968 praeceptis

93 1005 246 1033 eorum
277 1005 299 1032 a
331 970 544 1048 principio
568 1006 658 1048 quo
685 1003 900 1034 venerunt
933 990 982 1034 ad
1025 1004 1079 1045 te,
1115 992 1274 1050 absque
1310 992 1391 1036 hoc
1427 993 1544 1051 quod
1582 1007 1745 1052 peteres

91 1073 321 1117 consilium
352 1089 373 1116 a
395 1087 544 1117 curato
572 1073 638 1117 vel
667 1074 799 1117 altero
827 1074 1110 1119 ecclesiastico
1135 1077 1257 1130 viro,
1282 1089 1321 1120 et
1345 1077 1632 1121 nihilominus
1653 1094 1745 1122 cre-

95 1155 158 1201 dis
187 1156 277 1200 illas
304 1173 430 1201 voces
451 1159 597 1201 venire
624 1174 675 1201 ex
705 1170 822 1215 parte
843 1159 940 1208 Dei,
971 1175 1094 1217 aeque
1115 1159 1299 1203 firmiter
1318 1162 1427 1204 sicut
1453 1161 1588 1204 credis
1612 1161 1741 1205 fidem

90 1241 384 1294 christianam,
416 1255 457 1285 et
495 1240 613 1299 quod
641 1241 849 1285 dominus
890 1255 1035 1286 noster
1059 1243 1212 1298 jhesus
1250 1243 1448 1288 Christus
1485 1261 1631 1302 passus
1661 1259 1739 1289 est.

92 1324 286 1368 Ulterius
312 1338 358 1368 tu
386 1324 528 1369 dixisti
552 1324 671 1383 quod
698 1327 732 1368 si
764 1325 917 1384 aliquis
946 1326 1083 1370 malus
1110 1328 1283 1384 spiritus
1310 1327 1386 1371 tibi
1414 1337 1423 1353 ¹
1453 1342 1671 1386 appareret
1698 1331 1742 1372 in

94 1409 231 1467 figura
261 1410 396 1452 sancti
434 1408 664 1462 Michaelis,
701 1409 809 1453 bene
842 1411 966 1453 scires
1008 1426 1266 1467 cognoscere
1302 1424 1343 1455 et
1379 1411 1631 1455 discernere.
1674 1413 1744 1456 Tu

94 1494 225 1537 etiam
254 1492 397 1536 dixisti
425 1492 559 1552 quod,
596 1492 648 1536 ad
682 1505 925 1552 requestam
959 1507 1096 1544 tuam,
1122 1496 1266 1550 jurasti
1300 1494 1417 1553 quod
1449 1511 1539 1538 non
1582 1495 1744 1539 diceres

91 1579 268 1635 signum
305 1565 460 1621 datum⁴
480 1578 567 1635 regi
601 1589 694 1631 tuo,
730 1590 770 1621 et
793 1577 991 1633 'nfiualiter
1021 1576 1237 1631 addidisti,
1274 1595 1293 1618 «
1324 1580 1405 1622 nisi
1436 1578 1518 1623 hoc
1547 1593 1656 1623 esset
1692 1578 1743 1623 de

95 1660 300 1705 mandato
323 1669 336 1686 ²
366 1662 463 1704 Dei.
490 1678 509 1701 »

156 1763 175 1785 «
204 1745 434 1797 Quantum
463 1745 514 1789 ad
535 1744 666 1798 istud,
688 1745 828 1789 clerici
853 1744 1004 1789 dicunt
1028 1745 1164 1804 quod,
1192 1748 1417 1804 supposito
1443 1746 1562 1805 quod
1585 1746 1742 1790 habue-

88 1831 144 1873 ris
173 1829 457 1873 revelationes
481 1842 521 1872 et
547 1830 837 1888 apparitiones
863 1829 914 1874 de
947 1829 1104 1888 quibus
1135 1844 1174 1874 te
1202 1832 1376 1887 jactasti,
1407 1830 1548 1874 modis
1581 1830 1739 1888 quibus

88 1913 248 1967 dixisti,
276 1926 322 1957 tu
348 1930 390 1957 es
413 1912 606 1967 idolatra,
633 1912 884 1957 dcemonum
922 1914 1174 1963 invocatum
1207 1930 1351 1958 errans
1378 1915 1422 1957 in
1451 1914 1550 1968 fide,
1579 1928 1739 1958 temere

87 2013 295 2052 asserens,
322 2010 362 2041 et
390 1997 524 2041 fecisti
553 1999 845 2054 juramentum
871 1997 1090 2041 illicitum.
1123 2015 1142 2037 »

866 2130 947 2172 XII

153 2261 172 2284 ‹<
198 2245 324 2296 ITEM,
351 2257 396 2287 tu
419 2242 562 2287 dixisti
587 2242 722 2301 quod,
747 2245 780 2286 si
800 2243 981 2287 Ecclesia
1004 2244 1129 2287 vellet
1149 2243 1266 2302 quod
1293 2242 1446 2288 faceres
1472 2246 1738 2289 contrarium

90 2329 285 2388 praecepti
311 2326 427 2386 quod
457 2326 561 2370 dicis
585 2339 626 2370 te
655 2326 808 2371 habere
833 2344 854 2370 a
875 2328 989 2378 Deo,
1026 2340 1072 2371 tu
1110 2343 1199 2370 non
1233 2327 1388 2371 faceres
1416 2344 1491 2385 pro
1522 2345 1740 2387 quocum-

87 2429 198 2472 que,
222 2425 262 2455 et
289 2411 408 2469 quod
432 2410 539 2454 bene
560 2412 639 2454 scis
661 2423 865 2454 contenta
894 2412 937 2467 in
960 2424 1038 2454 tuo
1066 2427 1265 2469 processu
1288 2412 1432 2455 venire
1457 2410 1508 2455 de
1528 2425 1738 2470 praecepto

85 2498 185 2550 Dei,
215 2508 255 2539 et
277 2494 395 2553 quod
418 2508 525 2538 esset
558 2494 633 2538 tibi
659 2494 926 2552 impossibile
952 2494 1084 2537 facere
1120 2496 1417 2548 contrarium3
1449 2511 1526 2538 nec
1560 2494 1611 2539 de
1648 2497 1738 2539 istis

82 2582 145 2624 vis
165 2593 206 2623 te
232 2579 386 2622 referre
411 2577 572 2636 judicio
595 2578 790 2622 Ecclesiae
817 2594 913 2635 quae
935 2591 996 2621 est
1021 2579 1062 2620 in
1086 2579 1223 2630 terris,
1249 2593 1324 2621 nec
1347 2577 1525 2634 alicujus
1546 2578 1738 2623 hominis

82 2664 283 2717 viventis,
319 2663 403 2706 nisi
444 2662 523 2705 soli
563 2663 673 2706 Deo.
703 2663 752 2705 Et
789 2661 892 2705 dicis
919 2662 1098 2705 ulterius
1132 2661 1248 2719 quod
1288 2677 1376 2704 non
1412 2661 1512 2705 facis
1544 2663 1621 2705 ista
1655 2679 1737 2706 res-

84 2763 218 2806 ponsa
239 2762 288 2803 ex
319 2747 455 2804 capite
484 2758 577 2796 tuo,
616 2744 688 2789 sed
714 2744 764 2788 de
792 2758 1003 2803 praecepto
1036 2745 1133 2796 Dei,
1168 2746 1365 2802 quamvis
1398 2744 1603 2788 articulus
1636 2744 1737 2788 fidei

85 2832 159 2889 qui
183 2843 246 2873 est
280 2831 412 2874 Unam
436 2839 617 2873 sanctam
644 2829 860 2872 Ecclesiam
893 2829 1140 2882 (atholicam,
1176 2841 1273 2877 etc„
1304 2828 1432 2871 fuerit
1465 2827 1544 2871 tibi
1577 2829 1735 2886 pluries

85 2913 335 2967 declaratus,
353 2926 394 2957 et
414 2912 532 2971 quod
557 2912 739 2971 quilibet
758 2912 1014 2955 christianus
1037 2911 1163 2956 debet
1186 2911 1436 2955 submittere
1455 2913 1604 2955 omnia
1628 2911 1737 2955 dicta

138 3104 166 3126 1.
191 3092 258 3126 AC
273 3094 450 3126 omcttent
472 3092 546 3126 tihi.
568 3112 610 3116 —
631 3102 662 3125 2.
688 3091 754 3125 AC
778 3103 788 3125 ,·
803 3096 970 3136 pra‘cepw.
