2099 3356
366 176 522 220 mocks
556 190 611 219 DE
644 188 998 219 CONDAMNATION
1034 189 1090 217 DE
1121 188 1287 229 JnANNE
1320 172 1447 216 D'ARC
1645 186 1724 228 177

73 289 294 348 respondit
320 288 438 348 quod
470 305 559 333 non
586 288 686 333 fecit
723 304 824 332 eum
870 288 1004 340 citari,
1037 285 1110 330 sed
1138 287 1226 344 ipse
1251 285 1333 330 fuit
1360 286 1434 344 qui
1470 301 1563 329 eam
1608 286 1725 329 citari

73 372 197 426 fecit3
226 385 267 416 et
313 372 369 415 ibi
409 373 581 430 juravit,
617 387 763 416 coram
806 370 962 428 judice,
1007 369 1146 414 dicere
1172 371 1424 423 veritatem3
1455 381 1495 412 et
1544 368 1729 411 finaliter

73 458 229 514 juravit
268 455 385 514 quod
435 472 523 499 non
568 455 723 498 fecerat
756 454 816 497 illi
851 454 1022 497 homini
1060 453 1236 512 aliquod
1281 454 1560 511 promissum.
1612 452 1729 495 Dicit

77 540 207 583 etiam
232 538 349 597 quod
378 555 504 583 voces
527 555 615 582 suae
649 550 998 582 assecuraverunt
1021 553 1115 581 eam
1159 536 1210 580 de
1247 536 1455 580 lucrando
1482 551 1728 594 processum

82 639 225 666 suum.

146 761 201 803 X.
228 777 247 800 (ι
279 761 404 813 ITEM,
448 772 543 817 post
577 775 790 804 recessum
817 775 840 802 a
861 759 975 803 dicto
1013 759 1190 802 servitio
1232 757 1286 801 de
1330 759 1391 801 La
1431 759 1588 810 Roltsse,
1618 756 1728 800 dicta

84 844 299 899 Johanna,
327 843 471 887 dicens
510 859 553 886 se
582 842 779 887 habuisse
807 856 848 887 et
876 842 1030 886 habere
1064 844 1276 886 continuo
1311 858 1333 885 a
1375 843 1570 900 quinque
1610 840 1733 883 annis

87 928 274 976 visiones
317 939 357 971 et
387 928 675 986 apparitiones
711 927 844 970 sancti
880 926 1102 970 Michaelis
1144 938 1186 969 et
1213 939 1458 969 sanctarum
1487 924 1733 968 Katharinae

84 1024 126 1055 et
148 1012 416 1069 Margaretae‚
447 1024 488 1054 et
517 1011 741 1068 signanter
767 1022 870 1053 tunc
892 1026 965 1068 per
992 1026 1065 1053 eos
1098 1009 1177 1053 sibi
1214 1025 1263 1052 ex
1301 1021 1417 1067 parte
1444 1009 1525 1052 Dei
1556 1017 1563 1033 ¹
1617 1024 1734 1051 reve-

85 1095 221 1139 latum
239 1093 370 1137 fuisse
391 1093 510 1152 quod
532 1093 689 1137 levaret
717 1093 993 1137 obsidionem
1026 1093 1383 1137 Aurelianensem
1413 1104 1453 1136 et
1483 1090 1601 1150 quod
1628 1091 1735 1135 face-

87 1191 150 1223 ret
191 1179 389 1222 coronari
434 1177 660 1231 Karolum,
708 1193 841 1236 quem
883 1176 986 1221 dicit
1040 1193 1184 1235 regem
1230 1191 1378 1229 suum,
1422 1188 1463 1220 et
1508 1176 1735 1233 expelleret

89 1278 242 1307 omnes
282 1261 543 1306 adversarios
567 1277 668 1305 suos
700 1277 722 1305 a
758 1277 890 1319 regno
924 1261 1110 1304 Franciae
1139 1277 1146 1303 :
1179 1261 1327 1304 invitis
1366 1273 1481 1318 patre
1509 1272 1548 1303 et
1600 1272 1735 1302 matre

89 1359 216 1405 atque
243 1344 657 1399 contradicentibus,
689 1347 858 1389 recessit
879 1344 929 1389 ab
954 1345 1029 1398 eis,
1056 1358 1097 1389 et
1122 1345 1298 1403 proprio
1326 1356 1450 1388 motu
1479 1360 1524 1387 ac
1564 1356 1734 1401 sponte,

91 1431 173 1473 ivit
201 1429 251 1473 ad
286 1429 529 1474 Robertum
555 1429 607 1473 de
631 1429 917 1482 Baudricourt,
942 1430 1217 1487 capitaneum
1244 1427 1357 1471 villae
1383 1427 1435 1471 de
1466 1428 1503 1470 V
1502 1427 1734 1480 aucoulour,

92 1513 253 1558 ibidem
281 1526 384 1557 tunc
420 1514 715 1566 exsistentem,
759 1514 1135 1557 communicatum
1182 1511 1323 1556 eidem
1361 1511 1568 1565 Roberto‚
1611 1523 1739 1569 prout

91 1599 223 1641 etiam
244 1613 317 1655 per
340 1596 479 1640 dictos
513 1609 682 1640 sanctos
710 1596 986 1650 Michaelem‚
1024 1598 1308 1654 Margaretam
1336 1608 1377 1639 et
1416 1595 1700 1638 Katharinam
1725 1603 1738 1620 ²

92 1680 230 1725 fuerat
254 1679 333 1724 sibi
372 1692 650 1738 praeceptum3
680 1680 869 1723 visiones
908 1692 950 1723 et
998 1679 1279 1723 revelationes
1320 1679 1399 1736 ipsi
1441 1679 1652 1735 Johannae
1691 1694 1741 1721 ex

93 1777 209 1824 parte
242 1765 320 1807 Dei
348 1763 489 1813 factas,
521 1776 570 1808 ut
597 1763 733 1818 dicit3
773 1763 1034 1822 requirendo
1073 1762 1323 1820 praedictum
1350 1770 1360 1794 ³
1412 1761 1655 1807 Robertum
1691 1760 1742 1804 de

91 1847 414 1893 adinveniendo
437 1846 623 1891 modum
646 1864 718 1905 per
745 1863 874 1906 quem
910 1846 1109 1905 praedicta
1146 1847 1224 1890 sibi
1250 1846 1433 1890 revelata
1472 1845 1740 1903 adimpleret.

92 1934 130 1976 A
158 1948 248 1991 quo
274 1931 452 1990 quidem
499 1930 691 1976 Roberto
724 1930 823 1974 bina
848 1933 939 1975 vice
973 1931 1156 1990 repulsa,
1189 1944 1229 1974 et
1254 1946 1420 1974 reversa
1465 1929 1516 1973 ad
1540 1929 1741 1982 domum,

94 2015 244 2057 iterato
271 2028 344 2070 per
384 2012 691 2056 revelationem
720 2013 830 2069 jussa
868 2011 1019 2066 redire,
1057 2013 1145 2071 ipsa
1173 2012 1295 2056 tertia
1337 2013 1427 2055 vice
1472 2010 1655 2054 admissa
1683 2022 1745 2054 est

96 2114 170 2157 per
196 2096 361 2141 dictum
387 2095 627 2141 Robertum
653 2109 694 2140 et
713 2109 893 2154 recepta.
927 2114 946 2136 »

155 2180 259 2224 *Ad
297 2180 445 2224 hu11c⁴
485 2181 733 2234 articulum,
774 2179 1005 2238 respondet
1036 2187 1044 2211 ⁵
1082 2179 1201 2238 quod
1250 2196 1292 2223 se
1335 2178 1459 2223 refert
1487 2178 1539 2223 ad
1575 2194 1622 2222 ea
1648 2195 1745 2236 quae

97 2281 226 2323 super
251 2264 333 2308 hoc
356 2264 456 2308 alias
478 2263 715 2322 respondit.

158 2349 239 2392 Die
267 2350 390 2406 jovis,
424 2363 532 2391 xxn.
577 2347 793 2402 februarii,
837 2347 1028 2392 confessa
1055 2348 1138 2391 fuit
1177 2347 1312 2406 quod,
1352 2346 1459 2390 dum
1497 2360 1585 2390 erat
1612 2347 1747 2390 aetatis

100 2447 175 2476 xm
203 2448 439 2486 annorum,
469 2431 620 2476 habuit
653 2448 806 2476 vocem
838 2448 912 2476 seu
942 2433 1252 2476 revelationem
1288 2447 1311 2475 a
1344 2432 1541 2474 Domino
1582 2444 1746 2484 nostro,

99 2532 175 2575 pro
226 2514 417 2572 juvando
464 2531 560 2559 eam
596 2515 648 2560 ad
697 2533 740 2560 se
778 2515 1114 2574 gubernandum
1146 2533 1155 2569 ;
1212 2528 1252 2559 et
1292 2516 1429 2573 prima
1470 2515 1562 2558 vice
1598 2514 1750 2558 habuit

104 2616 312 2658 magnum
332 2602 553 2652 timorem,
580 2614 620 2644 et
642 2600 724 2643 fuit
746 2600 851 2644 hora
873 2601 993 2658 quasi
1023 2599 1216 2643 meridiei
1243 2604 1275 2652 ὁ,
1306 2612 1501 2657 tempore
1535 2598 1710 2642 aestivali
1739 2615 1749 2651 3

157 2778 173 2796 *
198 2779 331 2826 Quoad
350 2779 547 2826 decimum,
570 2779 611 2817 de
633 2778 926 2833 appar'ilionilms
949 2783 980 2817 et
1006 2791 1138 2817 recessu
1160 2791 1181 2816 a
1199 2777 1372 2832 partibus
1386 2777 1460 2816 suis
1480 2786 1511 2816 7.

163 2981 193 3004 1.
214 2970 243 3005 C
260 2982 271 3005 .·
284 2975 425 3017 exparte
438 2971 506 3004 Dei
521 2971 598 3005 sibi.
615 2991 658 2995 -—-
680 2981 712 3005 2.
736 2970 803 3005 AC
821 2983 831 3004 .·
852 2970 1078 3004 Katharinam
1096 2975 1125 3003 et
1140 2970 1389 3015 Matgaretam.
1408 2991 1455 2994 —
1479 2979 1508 3013 3.
1525 2969 1556 3003 A
1578 2981 1588 3002 .·
1609 2968 1752 3004 dictum.

112 3050 159 3054 —-
177 3040 211 3072 4.
243 3030 275 3064 Α
304 3042 314 3063 .·
343 3030 520 3065 decimum.
541 3050 590 3056 -—
624 3041 655 3074 5.
681 3031 711 3064 A
742 3030 861 3077 ajoute
891 3030 978 3065 dicta
1001 3029 1165 3074 johanna.
1193 3050 1240 3054 ——-
1272 3029 1310 3066 6.
1349 3029 1446 3063 ΑΒΕ
1475 3041 1485 3062 .·
1514 3028 1678 3062 merediei.
1712 3048 1758 3053 —

117 3099 148 3132 7.
176 3089 217 3131 U,
239 3089 300 3123 fol.
319 3100 374 3134 27,
392 3095 446 3123 νο.

242 3155 368 3184 Ρκοεὲε
393 3164 434 3184 DE
453 3155 581 3194 JEANNE
603 3154 719 3185 D'ARc.
1622 3162 1655 3181 12
