2099 3356
355 182 408 225 82
640 180 797 226 PRocizs
830 195 886 226 DE
919 194 1273 227 CONDAMNAT1ON
1309 196 1365 226 DE
1394 195 1560 238 JEANNE
1593 180 1722 227 D'ARc

413 293 674 353 Interrogata
713 309 765 339 an
791 294 933 340 locuta
965 293 1093 340 fuerit
1125 309 1225 340 cum
1259 293 1457 353 praedicta
1499 293 1748 351 Katharina,
1792 293 1844 340 de
1884 294 1998 342 facto

349 376 481 423 eundi
501 376 552 423 ad
569 378 799 423 Caritatern
827 393 953 436 supra
980 378 1167 436 Ligerim
1194 391 1202 418 t
1237 377 1458 436 respondit
1485 377 1603 437 quod
1627 376 1738 423 dicta
1761 377 1996 426 Katharina

350 477 441 507 non
465 460 716 507 consulebat
736 460 815 506 sibi
834 460 953 519 quod
966 462 1058 517 iret,
1077 461 1249 520 etquod
1263 461 1430 519 vigebat
1447 462 1636 507 nimium
1655 461 1811 520 frigu83
1829 475 1868 508 et
1887 461 1999 509 dice·
2057 456 2064 462 ’

350 544 420 590 bat
448 544 590 591 eidem
617 544 828 611 Jobannae
848 543 966 604 quod
995 560 1083 590 non
1106 546 1200 590 iret.
1224 546 1349 599 Item,
1374 543 1525 591 eadem
1548 544 1747 603 Johanna
1772 545 1878 591 dixit
1897 561 2002 605 prae-

351 627 446 673 fatae
474 627 740 683 Katharinae,
777 629 941 674 volenti
969 629 1028 673 ire
1060 627 1111 675 ad
1150 627 1306 675 ducem
1354 627 1629 686 Burgundiae,
1676 644 1753 688 pro
1801 627 1999 676 faciendo

353 727 518 770 pacem,
546 711 664 771 quod
706 711 786 757 sibi
825 710 1049 758 videbatur
1086 711 1203 771 quod
1250 727 1339 757 non
1375 712 1629 771 reperiretur
1667 728 1759 771 pax,
1801 712 1883 758 nisi
1925 727 1998 772 per

354 795 510 842 butum
539 796 708 842 lanceae.
739 796 847 842 Item
886 795 992 841 dixit
1025 794 1143 856 quod
1174 797 1324 853 petivit
1350 795 1401 840 ab
1441 797 1529 854 ipsa
1573 794 1808 842 Katharina
1845 811 1899 841 an
1928 795 1997 841 illa

353 878 532 925 domina
558 879 649 925 alba
673 895 768 938 quae
791 878 871 925 sibi
886 879 1110 939 apparebat
1129 880 1294 924 veniret
1308 879 1497 939 qualibet
1513 891 1637 925 nocte
1652 878 1704 925 ad
1725 894 1835 932 eam,
1853 878 1997 925 dicens
2087 895 2090 899 ·

352 979 395 1009 se
422 963 528 1007 velle
553 975 726 1023 propter
748 962 830 1008 hoc
847 965 980 1022 jacere
1007 979 1106 1009 cuni
1133 979 1181 1009 ea
1205 964 1248 1007 in
1270 961 1425 1008 eodem
1449 962 1574 1008 lecto.
1590 963 1640 1008 Et
1667 962 1719 1009 de
1740 962 1850 1009 facto
1869 964 1997 1021 jacuit

352 1046 629 1106 vigilavitque
651 1047 739 1106 ipsa
761 1046 962 1104 Johanna
987 1062 1125 1106 usque
1157 1045 1208 1091 ad
1237 1045 1424 1092 mediam
1469 1059 1657 1101 noctem,
1687 1059 1727 1092 et
1759 1046 1867 1092 nihil
1888 1046 1997 1093 vidit

352 1129 434 1184 ibi;
463 1129 662 1187 deinceps
680 1129 959 1176 obdormivit.
987 1130 1036 1175 Et
1058 1129 1233 1189 quando
1254 1132 1387 1183 venit,
1415 1146 1540 1177 mane
1560 1138 1588 1185 ¹,
1615 1131 1764 1191 petivit
1781 1129 1831 1175 ab
1847 1129 1996 1176 eadem

352 1212 585 1258 Katharina
608 1225 757 1257 utrum
787 1212 857 1257 illa
893 1211 1071 1258 domina
1103 1211 1196 1257 alba
1223 1226 1396 1258 venerat
1423 1212 1472 1258 ad
1498 1228 1607 1258 eam.
1640 1213 1752 1266 Quae
1775 1212 1995 1273 respondit

350 1294 467 1355 quod
495 1296 567 1351 sic,
585 1295 689 1341 dum
716 1297 803 1356 ipsa
824 1295 1021 1353 Johanna
1044 1295 1298 1349 dormiebat,
1323 1309 1363 1340 et
1387 1295 1504 1357 qnod
1527 1311 1615 1341 non
1642 1308 1839 1355 potuerat
1861 1304 1874 1321 ²
1901 1311 1995 1341 eam

355 1380 549 1424 excitare.
577 1380 626 1424 Et
655 1392 758 1425 tunc
793 1381 879 1439 ipsa
895 1379 1093 1436 Johanna
1123 1380 1272 1439 petivit
1295 1395 1346 1425 an
1387 1379 1454 1423 illa
1481 1378 1657 1424 domina
1678 1379 1843 1424 veniret
1867 1379 1995 1426 altera

354 1475 503 1518 nocte3
535 1475 576 1508 et
603 1462 752 1508 eadem
780 1462 1013 1508 Katliarina
1050 1462 1271 1522 respondit
1290 1463 1405 1524 quod
1434 1464 1512 1517 sic;
1550 1475 1722 1524 propter
1754 1462 1872 1523 quod
1906 1464 1994 1522 ipsa

324 1596 327 1599 ,
351 1545 548 1602 Jolianna
570 1546 778 1592 dormivit
814 1546 864 1591 de
893 1545 975 1600 die,
1005 1560 1051 1589 ut
1079 1559 1219 1605 posset
1244 1546 1416 1607 vigilare
1441 1558 1528 1592 tota
1550 1559 1674 1592 nocte
1695 1559 1917 1606 sequente.
1942 1546 1994 1592 Et

352 1629 500 1675 cubuit
529 1629 596 1675 illa
616 1644 738 1676 nocte
766 1646 865 1675 cum
893 1629 1002 1675 dicta
1030 1630 1278 1685 Katharina,
1310 1630 1586 1691 vigilavitque
1617 1645 1690 1689 per
1721 1642 1856 1676 totam
1892 1645 1992 1675 noc-

285 1720 297 1729 *
353 1726 462 1766 tenu
486 1713 556 1759 sed
575 1714 680 1758 nihil
711 1713 831 1767 vidit,
857 1729 1106 1774 quanquam
1140 1715 1293 1773 saepius
1321 1715 1600 1771 interrogaret
1631 1714 1766 1773 ipsam
1796 1713 1991 1760 Kathari—

406 1905 660 1955 Interroguee
683 1903 789 1942 s'elle
813 1903 917 1956 parla
932 1903 1045 1955 point
1065 1903 1315 1941 2¹11<atlierine
1340 1904 1386 1942 de
1408 1904 1459 1941 La
1485 1903 1676 1942 Rochelle
1695 1903 1745 1942 du
1780 1903 1848 1942 fait
1872 1903 1994 1942 d'aler

350 1976 371 2016 a
390 1975 424 2015 la
440 1976 597 2014 Chai-itt<
617 1990 625 2025 ;
651 1975 821 2030 respond
841 1988 918 2029 que
936 1974 1078 2015 ladicte
1100 1975 1313 2016 Katherine
1328 1988 1375 2015 ne
1394 1974 1460 2029 luy
1477 1974 1704 2016 conseilloit
1720 1975 1834 2028 point
1851 1974 1995 2031 qu'elle

350 2061 374 2099 y
396 2047 506 2094 alast,
530 2057 567 2086 et
585 2060 662 2101 que
684 2046 709 2086 il
732 2046 860 2086 faisoit
885 2056 972 2101 trop
998 2045 1103 2095 froit,
1130 2055 1168 2085 et
1193 2045 1337 2102 qu'elle
1360 2045 1504 2100 n’yroit
1524 2047 1652 2102 point.

404 2120 514 2165 Item,
538 2118 594 2159 dit
630 2119 649 2157 ἐι
680 2118 822 2158 ladicte
846 2118 1075 2167 katherine,
1099 2118 1167 2174 qui
1190 2117 1345 2159 vouloit
1365 2117 1443 2158 aler
1464 2117 1602 2159 devers
1629 2117 1663 2159 le
1691 2117 1768 2158 duc
1801 2118 1848 2158 de
1872 2119 1993 2159 Bour-

351 2203 511 2245 gongne
537 2203 638 2243 pour
652 2188 745 2229 faire
771 2190 874 2242 paix,
899 2190 965 2243 qui
989 2190 1055 2244 luy
1081 2189 1267 2230 sembloit
1285 2202 1361 2243 que
1390 2203 1441 2229 on
1468 2184 1532 2245 n'y
1562 2189 1783 2230 trouveroit
1808 2189 1922 2244 point
1943 2189 1991 2230 de

352 2262 456 2315 paix,
477 2275 516 2300 se
541 2274 584 2301 ce
607 2260 764 2301 n’estoit
789 2274 856 2316 par
876 2260 910 2301 le
927 2261 1022 2301 bout
1044 2261 1091 2301 de
1116 2260 1150 2301 la
1174 2260 1299 2302 lance.

406 2334 512 2380 Item,
530 2332 585 2372 dit
610 2332 752 2388 qu'elle
775 2332 969 2373 demande
992 2332 1011 2371 -21
1029 2332 1128 2373 celle
1153 2332 1365 2372 lx'atlierine
1387 2346 1426 2372 se
1445 2331 1544 2373 celle
1569 2331 1683 2373 dame
1702 2333 1837 2373 venoit
1858 2341 1990 2373 tontes

350 2403 404 2445 les
428 2418 551 2458 nny53
576 2413 613 2445 et
637 2417 739 2458 pour
763 2417 821 2452 ce,
842 2404 1075 2444 conclicroit
1099 2417 1192 2444 avec
1214 2397 1303 2443 elle.
1329 2403 1375 2442 Et
1398 2416 1423 2457 y
1444 2403 1611 2452 concha,
1635 2413 1672 2445 et
1693 2403 1809 2444 x’eilla
1830 2404 1990 2458 jusques

350 2475 370 2515 ἰι
393 2476 562 2530 ι1])·ιιυίῖ,
590 2485 628 2515 et
649 2489 697 2515 ne
721 2476 773 2515 vit
799 2475 880 2515 rien
901 2489 910 2523 ;
933 2484 970 2514 ct
992 2476 1080 2530 puis
1102 2474 1349 2515 s’endormit.
1373 2475 1419 2515 Et
1444 2483 1567 2530 quant
1591 2475 1675 2515 vint
1692 2488 1741 2516 au
1758 2475 1897 2523 mann,
1917 2474 1992 2516 elle

349 2547 541 2586 demanda
564 2545 670 2586 s’elle
693 2547 808 2586 estoit
830 2559 956 2587 venue
981 2560 989 2595 3
1018 2555 1054 2586 et
1079 2545 1147 2598 luy
1163 2546 1367 2601 respondit
1388 2544 1530 2601 qu'elle
1553 2546 1670 2586 estoit
1694 2558 1838 2592 venue,
1862 2544 1992 2586 etlors

348 2617 524 2657 dormoit
552 2617 694 2657 ladicte
714 2618 893 2668 Jehanne
923 2627 962 2656 et
984 2630 1031 2657 ne
1058 2616 1193 2657 l‘avoit
1217 2630 1293 2669 peu
1315 2615 1511 2657 esveillcr.
1539 2618 1587 2657 Et
1606 2616 1685 2657 lors
1707 2616 1774 2670 luy
1799 2615 1994 2657 demande

347 2688 453 2729 s'elle
469 2689 653 2729 vendroit
676 2689 792 2742 point
818 2687 1073 2734 l'andemain‚
1105 2698 1142 2729 et
1167 2688 1202 2727 la
1229 2688 1330 2728 dicte
1355 2688 1567 2728 Katherine
1593 2687 1661 2743 luy
1691 2687 1897 2743 respondit
1917 2701 1994 2743 que

348 2759 446 2801 ouil.
470 2761 574 2800 Pour
596 2759 764 2814 laquelle
787 2759 907 2800 chose
927 2759 1074 2801 dormit
1099 2758 1211 2800 icelle
1233 2759 1410 2808 Jehanne
1430 2759 1476 2799 de
1493 2760 1596 2813 jour,
1620 2758 1697 2799 afin
1720 2758 1864 2814 qu'elle
1878 2768 1993 2814 peust

347 2831 486 2871 veiller
507 2831 541 2871 la
561 2832 660 2871 nuit.
698 2831 743 2870 Et
777 2831 929 2871 concha
968 2830 1002 2870 la
1036 2831 1121 2870 nuit
1161 2831 1370 2871 ensuivant
1399 2843 1493 2871 avec
1527 2829 1667 2870 ladicte
1699 2830 1928 2878 Katherine,
1955 2839 1991 2869 et

349 2902 466 2940 veilla
487 2911 596 2942 toute
616 2901 653 2942 la
672 2902 783 2950 nuit3
808 2902 905 2942 mais
928 2914 976 2941 ne
1001 2901 1057 2942 vit
1080 2902 1180 2950 rien,
1213 2900 1399 2942 combien
1427 2914 1504 2957 que
1544 2911 1715 2942 souvent
1751 2900 1806 2941 lui
1828 2900 1989 2942 deman—

406 3091 432 3114 1.
458 3081 486 3115 C
503 3081 620 3126 ajoutc
638 3081 686 3113 de.
708 3101 749 3104 —
770 3090 805 3116 2.
831 3079 898 3113 AC
916 3092 925 3111 .·
941 3084 1081 3124 poterat.
