2099 3356
394 240 553 283 PRocfzs
587 252 643 282 DE
674 251 1028 282 CONDAMNATION
1063 251 1119 280 DE
1151 251 1316 293 JEANNE
1350 237 1476 280 D'ARC
1704 250 1756 293 39

114 355 190 398 ivit
207 353 257 398 ad
282 353 375 397 alia.
404 353 525 396 Dixit
552 364 752 410 praeterea
777 350 911 410 quod,
939 352 972 395 si
995 352 1083 409 ipsa
1108 362 1215 394 esset
1236 352 1280 393 in
1305 365 1398 394 uno
1429 365 1622 402 nemore,
1652 349 1760 393 bene

113 437 278 483 audiret
301 452 426 481 voces
453 437 674 480 venientes
701 434 753 480 ad
787 451 896 480 eam.
936 435 1056 479 Dixit
1092 436 1222 478 etiarn
1257 432 1375 492 quod
1417 432 1497 477 sibi
1536 432 1761 477 videbatur

112 537 200 566 esse
223 520 351 579 digna
372 536 470 574 vox,
490 532 531 564 et
555 519 687 564 credit
705 518 823 578 quod
844 518 994 563 eadem
1024 533 1105 562 vox
1126 529 1214 562 erat
1243 518 1369 561 missa
1392 532 1442 560 ex
1470 525 1479 542 ¹
1507 529 1622 574 parte
1650 517 1758 572 Dei;

114 618 154 650 et
192 617 420 663 postquam
453 603 617 648 audivit
653 616 716 647 ter
752 603 869 647 illam
910 618 1079 656 vocem,
1122 602 1328 659 cognovit
1370 599 1490 658 quod
1538 612 1627 644 erat
1674 615 1759 644 vox

112 688 266 746 angeli.
294 689 414 731 Dixit
437 688 568 731 etiam
610 686 729 745 quod
763 686 833 730 illa
866 701 951 730 vox
986 700 1155 743 semper
1188 683 1295 728 bene
1320 682 1553 728 custodivit
1591 698 1686 727 eam
1717 695 1759 727 et

110 771 226 832 quod
253 773 388 829 ipsam
415 787 565 815 vocem
605 771 713 814 bene
741 769 969 814 intellexit.

168 857 431 913 Interrogata
465 855 590 914 quale
623 854 940 899 documentum
973 853 1052 897 sibi
1092 851 1258 897 dicebat
1295 852 1365 896 illa
1391 868 1475 895 vox
1513 867 1589 910 pro
1622 852 1758 896 salute

111 940 266 984 animae
306 955 419 983 suae:
456 938 562 983 dixit
592 938 710 997 quod
751 937 898 982 docuit
933 953 1027 981 eam
1071 953 1114 981 se
1148 936 1255 981 bene
1290 951 1449 994 regere,
1486 935 1758 994 frequentare

108 1024 344 1077 ecclesiam,
385 1037 426 1067 et
469 1022 610 1067 eidem
652 1022 863 1079 Johannae
904 1021 1012 1066 dixit
1054 1021 1343 1065 necessarium
1382 1035 1472 1064 esse
1507 1019 1625 1078 quod
1673 1021 1759 1077 ipsa

107 1107 303 1164 Jobanna
339 1109 505 1151 veniret
543 1109 585 1150 in
620 1108 855 1151 Franciam.
900 1104 1165 1163 Addiditque
1199 1103 1369 1163 praefata
1404 1103 1604 1160 Johanna
1640 1103 1757 1162 quod

111 1191 381 1248 interrogans
415 1206 504 1234 non
528 1190 716 1244 haberet,
747 1206 822 1249 pro
857 1189 929 1233 illa
956 1189 1144 1261 vice-ab
1176 1190 1280 1247 ipsa,
1315 1189 1358 1231 in
1386 1203 1472 1246 qua
1510 1188 1648 1246 specie
1674 1203 1759 1230 vox

114 1275 183 1318 illa
208 1274 285 1318 sibi
312 1287 577 1333 apparuerat.
601 1274 794 1318 Ulterius
812 1272 1003 1318 confessa
1032 1272 1112 1317 fuit
1132 1271 1248 1331 quod
1272 1272 1340 1315 illa
1361 1287 1445 1315 vox
1470 1270 1549 1314 sibi
1577 1270 1758 1325 dicebat,

114 1358 175 1401 bis
196 1371 268 1402 aut
292 1370 354 1402 ter
385 1359 428 1401 in
464 1356 733 1401 hebdomade
759 1365 790 1411 ²,
814 1355 932 1415 quod
960 1354 1186 1414 oportebat
1212 1357 1348 1414 ipsam
1368 1353 1615 1412 Johann'am
1644 1369 1758 1398 rece-

113 1441 210 1486 dere
232 1455 272 1486 et
293 1443 441 1486 venire
463 1443 506 1485 in
531 1443 781 1495 Franciam3
822 1453 863 1484 et
890 1439 1007 1498 quod
1045 1452 1162 1498 pater
1193 1455 1295 1484 suus
1322 1438 1429 1482 nibil
1455 1439 1576 1482 scivit
1599 1437 1651 1482 de
1678 1453 1758 1482 suo

112 1541 292 1569 recessu.
324 1527 443 1569 Dixit
465 1527 593 1570 etiam
624 1524 742 1584 quod
770 1540 856 1568 vox
882 1523 1046 1568 dicebat
1081 1523 1159 1567 sibi
1190 1522 1308 1581 quod
1344 1523 1511 1566 veniret
1547 1523 1592 1565 in
1632 1522 1759 1565 Fran-

109 1611 233 1663 ciam,
257 1622 297 1653 et
326 1625 413 1653 non
446 1621 610 1668 poterat
641 1608 735 1667 plus
771 1607 922 1652 durare
953 1607 1027 1651 ubi
1052 1619 1165 1661 erat;
1206 1606 1413 1665 quodque
1451 1621 1535 1650 vox
1573 1605 1643 1649 illa
1678 1604 1758 1648 sibi

109 1692 271 1737 dicebat
295 1693 412 1751 quod
438 1693 595 1737 levaret
622 1692 918 1745 obsidionem,
947 1706 1090 1735 coram
1124 1692 1293 1735 civitate
1321 1689 1623 1734 Aurelianensi
1646 1691 1758 1747 posi-

109 1789 211 1821 tam.
243 1778 360 1821 Dixit
385 1778 566 1821 ulterius
593 1792 745 1820 vocem
774 1776 987 1835 praefatam
1015 1775 1094 1819 sibi
1115 1774 1269 1819 dixisse
1296 1773 1414 1833 quod
1442 1775 1530 1832 ipsa
1557 1773 1757 1830 Johanna

109 1861 186 1905 iret
215 1861 267 1905 ad
295 1860 614 1906 Robertum‘de
655 1860 943 1914 Baudricuria‚
981 1859 1094 1918 apud
1122 1857 1335 1918 oppidum
1369 1857 1421 1902 de
1463 1857 1754 1911 Vallecoloris,

110 1947 380 2003 capitaneum
407 1953 416 1978 ³
453 1945 554 1989 dicti
584 1945 662 1989 loci
687 1954 720 1998 4,
751 1957 792 1988 et
820 1946 907 2002 ipse
933 1943 1118 1988 traderet
1141 1942 1220 1987 sibi
1241 1955 1389 2001 gentes
1417 1958 1564 1986 secum
1587 1943 1718 1986 ituras
1741 1948 1774 1996 3‘

109 2042 148 2072 et
171 2031 259 2086 ipsa
279 2030 479 2085 johanna
504 2042 607 2073 tunc
629 2028 851 2088 respondit
875 2028 993 2087 quod
1021 2040 1108 2072 erat
1134 2043 1221 2071 una
1245 2041 1406 2085 pauper
1429 2026 1518 2070 filia
1541 2042 1637 2084 quae
1659 2041 1757 2069 nes-

108 2114 208 2157 ciret
235 2115 424 2171 equitare
455 2129 533 2157 nec
565 2113 719 2157 ducere
752 2129 965 2171 guerram.
996 2112 1117 2156 Dixit
1143 2112 1253 2155 ultra
1281 2108 1398 2170 quod
1428 2111 1503 2153 ivit
1536 2108 1587 2153 ad
1624 2125 1758 2153 avun-

108 2197 256 2241 culum
282 2213 428 2247 suum‚
452 2197 619 2256 sibique
646 2196 753 2241 dixit
777 2196 894 2255 quod
919 2195 1032 2254 apud
1058 2211 1160 2239 eum
1187 2194 1358 2239 volebat
1387 2209 1561 2237 manere
1589 2209 1661 2251 per
1684 2193 1759 2236 ali-

109 2281 224 2339 quod
248 2281 472 2325 modicum
498 2294 669 2339 tempus
687 2298 696 2334 ;
716 2293 757 2324 et
777 2280 834 2324 ibi
859 2281 1016 2323 mansit
1043 2280 1163 2337 quasi
1188 2294 1261 2336 per
1286 2290 1386 2322 octo
1414 2276 1533 2331 dies;
1563 2276 1757 2334 dixitque
1788 2293 1794 2305 ⁴

110 2377 211 2408 tunc
233 2365 406 2422 praefato
433 2365 652 2408 avunculo
673 2380 752 2408 suo
776 2363 894 2422 quod
923 2364 1149 2421 oportebat
1177 2364 1312 2421 ipsam
1347 2363 1406 2405 ire
1425 2360 1475 2405 ad
1504 2360 1755 2418 praedictum

109 2448 319 2507 oppidum
350 2448 402 2493 de
441 2448 745 2502 Vallecoloris;
775 2460 814 2491 et
845 2449 933 2506 ipse
961 2447 1202 2491 avunculus
1235 2448 1326 2503 ejus
1354 2445 1464 2488 illos
1495 2443 1616 2488 duxit
1641 2458 1753 2487 eam.

168 2534 275 2577 Item
303 2532 408 2576 dixit
429 2531 562 2590 quod,
595 2531 772 2590 quando
809 2533 897 2589 ipsa
918 2532 934 2556 ⁶
961 2533 1080 2574 venit
1106 2529 1158 2574 ad
1185 2538 1199 2563 7
1231 2528 1511 2587 saepedictum
1541 2526 1755 2586 oppidum

110 2616 160 2660 de
187 2616 478 2669 Vallecoloris‚
498 2618 585 2674 ipsa
605 2617 812 2673 cognovit
835 2615 1078 2659 Robertum
1097 2613 1148 2658 de
1171 2612 1460 2666 Baudricuria,
1488 2627 1589 2656 cum
1611 2624 1756 2655 tamen

107 2712 228 2745 antea
253 2716 478 2759 nunquam
500 2702 514 2724 ⁸
537 2699 714 2743 vidisset
735 2715 835 2743 eum
862 2707 876 2731 9
896 2717 906 2754 ;
931 2711 971 2742 et
1001 2699 1206 2756 cognovit
1227 2713 1302 2754 per
1328 2696 1444 2740 illam
1468 2711 1619 2740 vocem
1649 2712 1754 2754 prae-

107 2783 268 2828 dictum
292 2784 548 2837 Robertum,
577 2800 675 2827 nam
698 2799 782 2827 vox
803 2783 910 2827 dixit
936 2783 1014 2826 sibi
1043 2781 1160 2841 quod
1188 2783 1275 2840 ipse
1300 2792 1386 2824 erat
1408 2797 1418 2835 3
1449 2780 1644 2839 dixitque
1669 2781 1757 2837 ipsa

163 3043 191 3066 1.
215 3032 273 3076 Q:
294 3043 325 3066 α.
343 3053 384 3057 -
413 3043 445 3066 2.
465 3032 496 3066 A
524 3045 532 3065 .·
558 3032 745 3066 ebdomada.
763 3053 807 3057 —
829 3042 859 3076 3.
879 3031 947 3066 AC
965 3043 974 3065 .·
993 3033 1052 3075 qui
1076 3036 1147 3065 erat
1170 3031 1371 3076 capitaneus.
1392 3049 1438 3055 —-
1457 3038 1492 3071 4.
1513 3027 1579 3063 AC
1599 3041 1608 3061 .·
1630 3028 1753 3074 oppidi.

111 3110 155 3116 —-
179 3100 208 3134 5.
230 3091 388 3137 Cajoute
407 3097 499 3128 tuns.
521 3112 568 3117 ——
589 3092 621 3126 6.
642 3092 673 3126 A
695 3101 792 3126 ornet
811 3093 892 3139 ipsa.
914 3111 961 3117 -—
990 3101 1020 3136 7.
1041 3090 1071 3125 C
1092 3103 1100 3124 .·
1123 3090 1220 3136 apud.
1243 3110 1287 3115 —-
1304 3090 1337 3124 8.
1362 3089 1391 3122 A
1417 3102 1425 3122 .·
1450 3100 1618 3135 nunquam
1643 3093 1752 3122 antea.

114 3170 158 3175 —
185 3161 218 3195 9.
242 3151 274 3195 Q
291 3160 387 3185 omet
406 3163 490 3185 enm.
