2099 3356
373 186 532 230 PRoci-:s
565 199 622 230 DE
655 199 1011 232 CONDAMNATION
1040 202 1096 233 DE
1127 203 1294 246 JEANNE
1326 189 1455 234 D’ARc
1655 206 1735 250 231

92 300 117 343 ὰ
133 298 259 351 l'czbit‚
286 283 671 344 Ie'tommandement
693 310 882 344 comment
902 310 910 327 ¹
938 303 978 359 je
1000 301 1079 361 l’ay
1097 305 1215 361 prins
1226 319 1243 355 ,·
1265 307 1371 348 mais
1388 306 1429 362 je
1455 320 1502 348 ne
1520 321 1610 364 sqay
1630 307 1741 364 point

88 391 165 441 par
184 383 309 441 quelle
332 385 505 427 manie're
521 386 561 442 je
581 384 614 427 le
633 384 705 442 doy
733 385 863 428 lessier
880 393 910 428 ².
941 387 1053 429 Pour
1075 402 1127 439 ce,
1149 388 1277 445 plaise
1299 403 1393 433 vous
1417 390 1443 432 ci
1459 403 1544 447 moy
1572 388 1604 433 le
1622 392 1741 433 ensei-

86 481 200 524 gner.
232 482 252 505 »
276 465 327 509 Et
354 479 458 511 tunc
476 468 620 511 statim
642 469 839 512 veniunt.
863 469 989 523 Item,
1017 484 1063 513 ea
1085 469 1154 514 die
1173 479 1201 525 ³,
1227 470 1336 515 dixit
1353 471 1471 530 quod
1492 471 1740 530 frequenter

89 549 215 594 habet
235 565 363 604 nova,
393 566 466 609 per
485 566 610 595 voces
629 567 742 603 suas,
761 551 813 596 de
835 552 975 606 nobis,
1008 555 1211 613 episcopo
1233 556 1494 600 Belvacensi.

139 633 196 677 Et
213 635 472 692 interrogata
496 634 600 693 quid
622 634 701 679 sibi
720 633 869 680 dicunt
890 635 942 680 de
967 635 1091 681 nobis
1115 654 1122 681 :
1143 638 1363 697 respondit
1387 656 1395 683 ε
1432 658 1453 682 «
1483 641 1573 698 Ego
1595 639 1735 685 dicam

88 716 210 761 vobis
233 716 284 761 ad
312 730 491 776 partem.
525 734 545 758 »
574 719 682 763 Item
711 718 819 764 dixit
848 719 986 778 quod,
1024 721 1092 765 illa
1117 720 1200 775 die,
1231 734 1294 766 ter
1315 736 1521 768 venerant
1545 723 1596 768 ad
1620 739 1732 769 eam.

144 801 409 859 Interrogata
423 803 458 845 si
473 814 592 846 erant
609 804 655 846 in
679 818 845 848 camera
859 819 936 847 sua
957 821 964 848 :
984 804 1232 862 respondit4
1251 822 1260 850 ε
1281 822 1301 846 «
1324 806 1413 865 Ego
1437 806 1490 852 de
1511 807 1592 852 hoc
1612 807 1735 852 vobis

88 883 317 942 respondi3
344 897 488 929 tamen
517 901 598 944 ego
615 885 751 931 bene5
776 886 1002 931 audiebam
1024 903 1106 932 eas.
1128 905 1148 928 υ
1174 890 1282 933 Item
1306 889 1412 935 dixit
1436 891 1555 951 quod
1579 904 1735 936 sanctze

83 968 317 1013 Katharina
342 981 382 1013 et
402 970 638 1028 Margareta
657 969 860 1015 dixerunt
880 973 916 1015 ei
940 970 1125 1016 modum
1147 988 1235 1031 quo
1256 972 1382 1019 debet
1404 975 1663 1033 respondere
1682 976 1734 1021 de

85 1051 161 1096 illo
180 1051 342 1097 habitu.

140 1137 267 1191 Item,
290 1135 358 1181 die
382 1136 558 1188 sabbati,
584 1152 722 1181 xxlm.
742 1136 958 1192 februarii,
988 1138 1094 1184 dixit
1122 1140 1239 1198 quod
1269 1155 1351 1185 vox
1373 1141 1453 1185 sibi
1485 1141 1591 1186 dixit
1612 1144 1731 1202 quod

80 1220 357 1278 responderet
392 1220 606 1275 audacter,
641 1235 682 1266 et
715 1222 849 1281 quod,
885 1222 1062 1282 quando
1092 1226 1273 1268 surrexit
1307 1242 1328 1269 a
1364 1241 1538 1280 somno,
1581 1229 1732 1285 petivit

78 1304 311 1348 consilium
338 1305 417 1363 ipsi
443 1306 536 1349 voci
561 1305 613 1349 de
642 1306 723 1350 hoc
756 1305 873 1364 quod
896 1305 1075 1351 debebat
1102 1308 1360 1367 respondere
1387 1310 1430 1352 in
1456 1309 1633 1367 judicio,
1661 1310 1730 1355 di-

76 1403 174 1432 cens
199 1390 277 1446 ipsi
301 1390 396 1433 voci
420 1388 538 1447 quod
560 1402 721 1448 peteret
748 1390 980 1435 consilium
1009 1407 1030 1434 a
1052 1393 1248 1436 Domino
1263 1409 1273 1446 ;
1300 1406 1341 1437 et
1368 1408 1453 1437 vox
1473 1392 1583 1438 dixit
1608 1395 1728 1453 quod

76 1473 165 1531 ipsa
186 1472 464 1531 responderet
478 1472 691 1527 audacter,
715 1486 756 1518 et
782 1475 901 1518 Deus
925 1474 1145 1533 adjuvaret
1171 1491 1287 1520 earn.
1315 1502 1373 1508 ——
1395 1478 1523 1531 Item,
1544 1476 1695 1522 eadem
1712 1480 1728 1505 ⁶

75 1555 159 1610 die,
191 1558 451 1615 interrogata
475 1569 639 1611 utrum,
663 1569 896 1617 antequam
924 1560 1159 1617 requireret
1175 1575 1343 1614 vocem,
1363 1562 1452 1619 ipsa
1473 1574 1557 1605 vox
1573 1561 1728 1616 dixerit

69 1639 153 1684 'sibi
177 1641 321 1700 aliqua
345 1640 471 1686 verba
496 1654 505 1684 :
530 1640 753 1700 respondit
770 1641 896 1700 'quod
924 1658 1007 1687 vox
1034 1643 1175 1702 aliqua
1208 1643 1315 1688 dixit
1339 1660 1435 1703 quae
1467 1660 1557 1689 non
1579 1648 1727 1690 omnia

76 1724 310 1779 intellexit;
330 1724 416 1778 sed,
436 1737 669 1784 postquam
685 1726 915 1784 evigilavit,
939 1727 1152 1771 intellexit
1176 1727 1294 1786 quod
1312 1743 1395 1772 vox
1422 1727 1529 1773 dixit
1544 1730 1582 1772 ei
1606 1729 1725 1788 quod

72 1808 350 1867 responderet
372 1809 584 1854 audacter.
604 1811 785 1854 ——Item
804 1810 908 1854 dixit
923 1810 1056 1869 quod,
1078 1811 1147 1855 illa
1165 1824 1305 1865 nocte,
1329 1811 1549 1857 audiverat
1571 1828 1723 1858 vocem

72 1891 289 1936 dicentem
318 1909 325 1936 :
365 1910 385 1933 «
414 1893 646 1952 Responde
673 1893 886 1938 audacter.
915 1911 935 1935 »

65 2077 104 2130 je
127 2076 199 2130 l'ay
216 2077 324 2131 prins
336 2092 349 2124 ,·
372 2077 466 2117 mais
473 2077 511 2131 je
536 2091 671 2132 nessay
686 2078 792 2132 point
801 2084 871 2132 par
885 2078 1005 2133 quelle
1024 2079 1186 2119 muniere
1204 2079 1242 2133 je
1263 2079 1294 2119 le
1312 2080 1378 2135 doy
1398 2080 1536 2121 laisser.
1569 2083 1670 2121 Pour
1688 2096 1723 2122 ce

65 2148 179 2202 plaise
195 2162 283 2188 vous
303 2149 324 2188 ἁ
340 2139 424 2203 'moy
443 2149 661 2203 l'c'znseigner
686 2160 714 2189 7.
742 2167 759 2187 >³
785 2151 833 2190 Et
857 2160 1035 2190 tantoust
1058 2151 1107 2190 ilz
1132 2152 1339 2192 viennent.

123 2222 234 2269 stem,
259 2221 314 2260 dit
344 2221 489 2275 qu’elle
515 2235 534 2260 a
556 2231 727 2261 souvent
752 2222 976 2271 nouvelles,
1000 2237 1068 2276 par
1084 2237 1144 2262 ses
1157 2224 1265 2271 voix,
1291 2224 1339 2263 de
1358 2225 1646 2278 Monseigneur
1670 2225 1717 2265 de

71 2293 260 2332 Beauvces.

121 2365 169 2403 Et
194 2365 447 2418 interroguee
469 2364 588 2418 qu'ilz
613 2365 724 2404 dient
750 2365 797 2404 de
821 2364 889 2419 luy
914 2380 922 2404 t
957 2366 1129 2419 respond
1153 2380 1159 2404 :
1200 2383 1218 2402 «
1243 2368 1288 2416 Je
1319 2366 1355 2405 le
1380 2367 1491 2421 diray
1510 2367 1530 2406 a
1550 2381 1666 2417 vouS,
1694 2369 1713 2407 a

70 2446 175 2489 part.
206 2453 225 2473 »

120 2509 230 2554 Item,
256 2508 312 2548 dit
336 2508 453 2562 qu’ilz
478 2518 570 2548 sont
594 2508 819 2562 aujourduy
834 2522 984 2548 Venues
1006 2519 1114 2562 troys
1134 2508 1228 2548 foiz.

122 2581 378 2634 Interrogue'e
400 2594 440 2619 se
463 2580 512 2619 ilz
545 2581 717 2620 estoient
743 2594 793 2619 en
819 2595 857 2619 sa
883 2581 1070 2620 chambre
1096 2595 1103 2619 :
1128 2581 1302 2635 respond
1328 2596 1335 2620 :
1362 2598 1381 2619 ε(
1406 2583 1450 2631 Je
1473 2595 1572 2622 vous
1598 2595 1646 2622 en
1668 2596 1716 2636 ay

65 2652 292 2705 respondu3
319 2653 564 2691 toutesvoies
583 2653 619 2704 je
641 2652 697 2690 les
722 2665 794 2705 oys
816 2651 923 2691 bien.
954 2669 971 2688 »

114 2725 225 2772 Item,
253 2724 307 2763 dit
330 2737 407 2777 que
428 2725 577 2763 saincte
612 2724 827 2763 Katherine
861 2733 898 2762 et
920 2724 1068 2764 saincte
1101 2725 1341 2778 Marguerite
1364 2725 1430 2779 luy
1466 2735 1536 2765 ont
1571 2726 1627 2766 dit
1676 2726 1711 2766 la

67 2796 240 2834 maniere
260 2795 405 2849 qu'elle
427 2795 512 2835 doit
533 2796 751 2849 respondre
775 2795 822 2835 de
843 2795 990 2850 icelluy
1008 2796 1118 2835 habit
1139 2799 1167 2835 S.

119 2991 147 3015 1.
186 2980 274 3015 AC:
293 2993 425 3016 comme.
444 3002 488 3007 —
511 2992 547 3019 2,
573 2982 604 3015 A
637 2994 647 3016 .·
670 2981 814 3017 laissier.
838 3002 881 3007 —
907 2993 936 3027 3.
960 2982 989 3015 B
1008 2991 1106 3017 ornet
1124 2994 1158 3016 ea
1178 2982 1244 3017 die.
1266 3004 1312 3008 —
1332 2993 1366 3026 4.
1396 2982 1464 3018 AC
1491 2995 1501 3017 .·
1529 2983 1709 3030 respondet.

65 3059 111 3066 —
141 3051 172 3084 5.
200 3040 262 3076 BC
290 3053 300 3074 .·
322 3042 396 3075 hene
413 3053 469 3087 ego
482 3054 494 3082 ,·
515 3042 549 3086 Q
568 3050 665 3076 omet
694 3054 761 3087 ego.
793 3062 839 3066 —
869 3041 902 3076 6.
922 3042 954 3076 A
979 3054 988 3075 :
1009 3054 1057 3076 eil.
1093 3063 1135 3067 —
1172 3053 1204 3087 7.
1240 3043 1279 3084 U,
1312 3054 1355 3077 en
1384 3054 1503 3089 marge
1527 3055 1533 3077 :
1564 3043 1708 3078 Oraison

62 3099 261 3134 chrestienne
285 3099 322 3134 de
346 3099 377 3134 la
405 3100 543 3135 Pucelle.
566 3121 612 3126 —-
633 3102 666 3135 8.
699 3100 740 3144 U,
764 3101 826 3136 fol.
854 3112 911 3147 29,
934 3110 966 3135 r0
986 3110 1019 3136 et
1041 3111 1092 3136 νο.
