2099 3356
380 162 536 208 PRocizs
569 177 623 207 DE
656 177 1009 209 CONDAMNATION
1044 179 1100 208 DE
1130 179 1296 221 JEANNE
1328 165 1455 210 D’ARC
1663 179 1739 222 335

101 285 173 324 tas,
197 275 248 315 ob
273 275 450 329 ejusdem
473 275 627 315 domini
649 276 774 316 nostri
797 277 898 330 regis
920 276 1306 330 contemplationem
1332 278 1638 331 reverendaeque
1663 291 1749 316 ves-

99 356 168 386 trae
204 346 492 386 dominationis
532 346 710 387 favorem
744 355 960 396 vetustum,
1001 348 1224 402 gratissime
1258 350 1547 397 concessimus,
1585 348 1748 388 sinceris

99 417 271 458 zelantes
304 417 512 458 affectibus
546 418 774 458 reverendae
807 430 947 459 vestrae
972 421 1197 473 paternitati
1229 422 1268 460 in
1304 419 1472 475 singulis
1498 433 1568 474 pro
1599 418 1748 459 viribus

102 490 368 543 complacere.
404 491 554 529 Verum
589 503 708 543 super
740 490 902 530 materia
936 490 1145 545 principali
1181 490 1370 545 plurimas
1397 492 1746 532 consultationes¹

99 561 486 615 deliberationesqne
507 561 759 615 gravissimas
782 561 924 602 habere
941 564 1181 611 curavimus,
1202 563 1285 612 ubi,
1310 565 1472 604 materia
1495 564 1638 617 agitata
1657 563 1749 618 plu-

100 635 175 673 ries
201 632 403 687 liberaque
424 634 588 672 veritate
611 633 804 681 discussa,
829 646 898 687 per
923 647 995 674 nos
1027 633 1184 674 tandem
1211 637 1391 675 unanimi
1425 648 1622 675 consensu
1653 648 1752 675 con-

101 704 246 753 clusas,
271 705 310 744 in
330 706 485 758 scriptis
508 704 634 758 redigi
659 703 862 745 voluimus
887 704 1194 746 deliberationes
1219 717 1256 746 et
1278 707 1631 747 determinationes
1657 719 1749 747 nos-

101 786 194 824 tras,
222 788 318 830 quas
339 776 486 830 praefati
519 776 703 816 doctores
725 786 762 816 et
783 776 951 825 alumni,
981 776 1084 830 apud
1111 779 1287 830 ejusdem
1317 777 1470 817 domini
1498 780 1621 818 nostri
1647 791 1750 818 sere-

102 847 267 887 nitatem
302 856 525 901 vestraeque
559 849 790 888 reverentiae
827 848 1080 902 praesentiam
1115 859 1351 896 remeantQS,
1381 849 1550 889 fideliter
1586 850 1751 890 exhibe-

102 919 210 959 bunt.
243 921 392 960 Caetera
417 919 536 958 etiam
565 932 636 973 pro
662 928 770 973 parte
799 930 931 959 nostra
965 934 1164 974 exponere
1197 922 1404 969 curabunt,
1434 934 1522 975 quie
1543 923 1751 975 continget

101 993 219 1032 latius
244 990 456 1045 explicare,
476 991 599 1030 veluti
624 993 670 1030 ad
698 990 863 1045 plenum
887 1002 1023 1031 tenore
1049 1005 1122 1032 suo
1150 993 1459 1032 manifestabunt
1489 993 1628 1033 litterae
1654 1007 1750 1046 quas

107 1077 212 1103 nunc
246 1063 456 1117 dirigimus
485 1063 614 1102 eidem
651 1062 819 1103 domino
852 1073 988 1103 nostro
1019 1065 1115 1117 regi,
1145 1077 1313 1118 quarum
1344 1065 1460 1118 copia
1490 1066 1749 1118 praesentibus

104 1133 318 1175 interclusa
346 1144 417 1174 est.
443 1135 556 1188 Ipsos
577 1144 711 1174 tamen
737 1135 921 1175 doctores
940 1137 1121 1189 egregios
1146 1137 1230 1190 qui,
1256 1138 1453 1190 personis,
1478 1137 1664 1190 periculis
1685 1146 1751 1177 aut

102 1205 305 1247 laboribus
328 1220 409 1246 non
436 1217 656 1260 parcentes,
685 1206 724 1245 in
753 1207 824 1246 hac
849 1206 941 1246 fidei
968 1208 1128 1247 materia
1149 1208 1307 1248 elabore
1332 1221 1411 1247 non
1435 1209 1643 1257 desistunt,
1669 1222 1752 1249 ves-

102 1289 159 1319 tra
191 1278 382 1332 suscipiat
413 1279 631 1318 reverentia
669 1279 891 1332 specialiter
924 1281 1221 1319 recommissos.
1249 1279 1310 1318 Ad
1341 1281 1458 1333 hujus
1487 1281 1751 1321 nihilominus

104 1350 252 1404 incepti
283 1350 416 1404 operis
444 1348 691 1390 celeberrimi
720 1349 957 1390 indefessam
992 1360 1164 1404 paternae
1196 1350 1368 1391 soler-tite
1406 1364 1541 1391 curam
1572 1364 1752 1405 perseve-

107 1423 206 1462 ranti
239 1435 359 1476 opera
389 1423 656 1471 intendentes,
686 1434 912 1476 quousque,
943 1424 1163 1462 secundum
1196 1423 1435 1476 exigentiam
1471 1424 1651 1473 rationis,
1684 1436 1753 1478 per

108 1494 351 1535 offensarum
369 1495 608 1548 condignam
630 1494 921 1548 reparationem
942 1495 1075 1534 divina
1101 1495 1302 1547 majestate
1319 1495 1481 1549 placata,
1509 1495 1600 1535 fidei
1619 1495 1755 1536 ortho-

106 1566 219 1607 doxae
244 1566 385 1606 veritas
424 1565 573 1606 illibata
596 1566 793 1620 persistat,
821 1576 858 1605 et
882 1575 1006 1606 cesset
1040 1568 1175 1620 iniqua
1210 1567 1520 1621 scandalosaque
1548 1567 1757 1608 aedificatio

107 1639 369 1693 populorum,
392 1648 438 1678 ut
460 1638 620 1678 tandem
656 1639 841 1692 princeps
872 1648 1094 1691 pastorum,
1127 1650 1218 1677 cum
1255 1639 1497 1692 apparuerit,
1530 1640 1755 1679 reverendae

104 1719 243 1749 vestrae
267 1707 453 1763 pastorali
479 1708 744 1749 sollicitudini
770 1707 1141 1749 immarcescibilem
1164 1710 1302 1763 gloriae
1325 1721 1515 1749 coronam
1541 1711 1754 1751 retribuere

103 1780 302 1836 dignetur.
347 1780 548 1835 Scriptum
585 1781 771 1830 Parisius,
809 1782 847 1820 in
896 1790 1030 1820 nostra
1073 1782 1384 1835 congregatione
1420 1781 1610 1835 generali,
1647 1783 1752 1836 apud

104 1853 291 1893 Sanctum
328 1853 574 1894 Bernardum
603 1853 838 1893 solemniter
871 1853 1079 1902 celebrata,
1107 1853 1168 1892 die
1205 1865 1292 1893 x1111
1328 1855 1474 1893 mensis
1510 1855 1617 1903 maii,
1645 1868 1751 1894 anno

105 1925 271 1965 Domini
291 1924 508 1965 millesimo
526 1925 676 1965 CCCC.
696 1925 843 1964 XXXI.
863 1926 992 1964 Vestri
1015 1927 1158 1964 Rector
1180 1933 1216 1964 et
1234 1926 1482 1965 Universitas
1504 1926 1623 1965 studii
1648 1926 1754 1965 Pari-

105 1998 260 2037 siensis.
291 2014 309 2034 »
335 1997 400 2037 Sic
425 1997 626 2052 signatum
655 2012 661 2036 :
693 2014 711 2035 ε(
738 1998 918 2037 HEBERT.
949 2014 966 2033 »

190 2141 285 2181 ITEM
316 2153 517 2187 SEQU1TUR
546 2152 810 2181 DELIBERATIO
849 2142 1156 2181 UNIVERSITATIS
1185 2152 1315 2180 sTan
1354 2141 1600 2182 PAfflsiENsis
1621 2150 1634 2168 2
1663 2156 1670 2180 :

165 2278 183 2298 ε(
226 2262 268 2300 ln
307 2262 472 2301 nomine
513 2262 696 2310 Domini,
735 2274 866 2300 amen.
904 2262 1032 2313 Hujus
1070 2262 1276 2314 praesentis
1310 2260 1461 2313 publici
1499 2262 1755 2300 instrumenti

107 2343 244 2373 tenore
266 2335 420 2373 cunctis
439 2343 568 2387 pateat
597 2333 803 2373 evidenter
827 2343 864 2372 et
880 2334 931 2372 sit
955 2343 1095 2372 notum
1119 2333 1243 2386 quod,
1262 2345 1367 2371 anno
1390 2333 1567 2385 ejusdem
1589 2333 1755 2372 Domini

107 2405 324 2445 millesimo
348 2406 745 2459 quadringentesimo
780 2406 984 2444 tricesimo
1020 2405 1165 2457 primo,
1203 2404 1420 2443 indictione
1452 2417 1572 2452 nona,
1607 2405 1755 2443 mensis

102 2489 198 2515 vero
219 2477 352 2529 aprilis
377 2477 440 2516 die
469 2489 565 2516 xxrx
577 2487 608 2526 4,
636 2478 727 2516 sede
760 2476 1028 2529 apostolicas,
1064 2486 1104 2514 ut
1132 2478 1331 2523 asseritur,
1357 2485 1513 2529 pastore
1533 2486 1690 2514 carente
1712 2482 1750 2523 53

106 2549 208 2587 alma
232 2550 499 2588 Universitate
519 2549 636 2588 studii
658 2549 887 2587 Parisiensis
909 2548 1013 2601 apud
1033 2548 1223 2587 Sanctum
1250 2548 1493 2586 Bernardum
1519 2559 1638 2600 super
1659 2547 1756 2586 duo-

108 2619 180 2658 bus
204 2620 381 2659 articulis
405 2620 640 2659 solemniter
664 2630 883 2659 convocata
909 2629 947 2658 et
976 2629 1240 2672 congregata3
1274 2631 1446 2672 quorum
1475 2619 1636 2672 quidem
1663 2620 1757 2658 arti-

102 2691 286 2731 culorum
308 2693 460 2745 primus
490 2702 527 2730 et
559 2692 789 2745 principalis
823 2701 905 2730 erat
938 2691 985 2729 ad
1019 2691 1265 2730 audiendum
1309 2690 1458 2729 litteras
1493 2681 1543 2729 et*
1567 2691 1753 2743 quiedam

110 2764 374 2817 proponenda
401 2777 472 2817 pro
498 2773 605 2817 parte
627 2763 945 2803 christianissimi
973 2764 1164 2816 principis
1186 2763 1341 2801 domini
1364 2762 1489 2801 nostri
1513 2764 1614 2815 regis
1636 2775 1680 2801 ac
1697 2763 1758 2801 sui

108 2835 283 2883 consilii,
307 2845 344 2874 et
369 2835 631 2875 dominorum
657 2835 850 2887 judicum,
875 2834 914 2872 in
944 2833 1048 2873 facto
1083 2845 1290 2886 processus
1321 2833 1529 2887 cujusdam
1560 2834 1754 2881 mulieris,

165 3026 192 3049 1.
216 3014 247 3049 Α
268 3025 364 3050 omct
386 3016 654 3051 consultnlitmcs.
698 3036 738 3039 —
773 3025 804 3048 2.
826 3014 889 3048 AB
909 3026 953 3048 en
978 3025 1098 3059 marge
1125 3026 1130 3047 z
1161 3013 1367 3048 Delibcratio
1392 3014 1634 3048 Unz'vcrsilalis
1655 3013 1760 3048 sludt'i

116 3075 333 3109 l’arisicnsis.
358 3096 400 3099 —
429 3086 460 3120 3,
487 3076 516 3110 C
539 3087 547 3108 .·
569 3073 850 3120 ‹zrrhirpl‘scopali.
882 3094 923 3098 w
943 3083 975 3116 4.
999 3073 1061 3117 Q:
1083 3082 1161 3108 xix.
1190 3094 1235 3098 —
1258 3084 1287 3117 5.
1305 3073 1338 3117 Q
1359 3085 1368 3106 .·
1389 3078 1536 3108 vacante.
