2099 3356
325 78 457 140 ‘ZLK
480 73 582 134 §.ak-X
624 120 628 125 ·
675 76 755 119 ia(

371 224 530 268 PROCI'ES
564 239 618 268 DE
652 237 1006 268 CONDAMNATION
1041 237 1097 266 DE
1129 236 1294 278 JEANNE
1327 222 1452 264 D’ARC
1651 233 1726 277 123

91 341 151 384 vit
174 338 307 398 quod,
334 339 367 382 si
393 340 447 382 ita
472 339 524 382 sit
546 337 662 396 quod
694 337 875 382 ducatur
896 337 1095 389 parisius,
1114 335 1230 394 quod
1251 336 1338 392 ipsa
1365 334 1515 378 habeat
1546 332 1728 391 duplum
1790 351 1809 374 ,ι
1851 345 1854 353 ·

88 425 270 467 istorum
293 423 723 480 interrogatoriorum
753 434 792 465 et
810 435 1119 478 responsorum
1145 427 1154 444 ¹
1183 421 1291 477 epis,
1315 431 1363 462 ut
1386 420 1473 475 ipsa
1496 416 1631 461 tradat
1649 416 1730 459 illis

89 506 140 551 de
167 507 367 559 parisius,
392 521 437 550 ac
462 507 594 564 possit
616 507 674 549 eis
690 505 828 550 dicere
850 517 857 544 ε
886 521 905 545 (ε
931 504 1035 548 Ecce
1056 503 1239 561 qualiter
1250 502 1311 546 fui
1335 503 1596 558 interrogata
1617 498 1729 557 apud

90 590 435 646 Rothomagum‚
456 600 496 632 et
518 590 818 647 responsiones
841 603 956 632 meas
975 603 1025 642 »3
1049 600 1091 631 et
1112 586 1358 644 utamplius
1383 586 1470 643 ipsa
1493 599 1581 628 non
1607 598 1731 627 vexe-

89 686 159 718 tur
177 672 228 717 de
256 685 319 717 tot
337 673 635 732 petitionibus.

146 758 272 811 Item,
312 759 412 816 quia
452 756 613 801 dixerat
633 755 751 815 quod
793 772 886 807 nos,
929 757 1153 814 episcopus
1185 753 1427 812 praedictus‚
1460 751 1731 812 ponebamus

92 857 170 886 nos
199 843 244 885 in
264 857 423 899 magno
451 840 658 899 periculo,
680 840 827 898 gallice
873 856 916 883 en
933 848 1057 896 grant·
1081 839 1263 895 dangier,
1289 837 1340 881 de
1362 836 1568 896 ponendo
1596 837 1731 894 ipsam

90 927 133 969 in
158 940 343 978 causam,
371 926 631 982 interrogata
659 923 740 968 fuit
775 923 879 982 quid
908 923 990 967 hoc
1034 935 1135 973 erat,
1162 935 1203 965 et
1232 923 1274 965 in
1321 937 1410 979 quo
1432 920 1622 979 periculo
1645 920 1734 963 sive

92 1009 293 1066 dangerio
318 1008 586 1066 ponebamus
620 1024 699 1051 nos
721 1009 850 1065 ipsos,
881 1019 968 1051 tam
989 1021 1068 1050 nos
1095 1021 1224 1063 quam
1251 1004 1335 1048 alii.
1361 1002 1598 1061 Respondit
1615 1002 1733 1061 quod

96 1095 185 1151 ipsa
206 1092 367 1136 dixerat
379 1092 518 1146 nobis,
552 1093 754 1150 episcopo
776 1090 979 1150 praedicto
1005 1107 1013 1133 :
1048 1108 1066 1130 ‹<
1086 1091 1176 1134 Vos
1188 1089 1327 1133 dicitis
1346 1087 1463 1147 quod
1489 1089 1588 1132 estis
1610 1102 1734 1131 meus

88 1175 215 1234 judex
238 1194 250 1230 3
277 1192 358 1233 ego
398 1178 542 1220 nescio
568 1177 601 1219 si
632 1191 708 1220 vos
729 1176 820 1219 sitis
846 1193 856 1229 3
900 1174 972 1219 sed
994 1173 1192 1218 advisetis
1221 1173 1329 1216 bene
1349 1171 1469 1230 quod
1494 1187 1582 1215 non
1622 1165 1736 1214 male

90 1258 300 1318 iudicetis,
318 1262 418 1319 quia
442 1262 657 1318 poneretis
683 1276 759 1303 vos
778 1261 821 1303 in
850 1275 1011 1317 magno
1037 1257 1255 1316 dangerio.
1287 1258 1337 1300 Et
1358 1271 1438 1313 ego
1453 1254 1627 1299 adverto
1655 1270 1731 1298 vos

89 1343 140 1388 ad
162 1344 293 1388 finem
314 1344 448 1403 quod,
471 1346 505 1388 si
533 1345 651 1388 Deus
678 1360 755 1388 vos
794 1343 893 1388 inde
917 1345 1108 1401 castiget,
1130 1358 1209 1401 ego
1231 1341 1339 1385 facio
1364 1339 1559 1384 debitum
1582 1355 1732 1383 meum

89 1427 140 1471 de
158 1427 341 1472 dicendo
359 1428 496 1472 vobis.
517 1445 536 1468 »

144 1513 406 1570 Interrogata
427 1512 551 1571 quale
579 1526 641 1556 est
669 1511 776 1556 illud
802 1512 1062 1570 periculum,
1087 1512 1175 1554 sive
1194 1510 1447 1567 dangerium
1471 1521 1479 1552 ἰ
1511 1507 1732 1565 respondit

87 1596 203 1654 quod
226 1609 370 1640 sancta
398 1596 633 1640 Katharina
667 1596 744 1639 sibi
783 1595 887 1639 dixit
921 1594 1039 1654 quod
1066 1596 1154 1653 ipsa
1187 1593 1358 1637 haberet
1383 1607 1634 1636 succursum
1657 1608 1667 1645 3
1693 1603 1733 1634 et

86 1681 174 1739 ipsa
196 1683 329 1724 nescit
348 1682 381 1724 si
404 1680 485 1725 hoc
507 1681 585 1724 erit
604 1681 647 1723 in
672 1679 854 1724 essendo
877 1679 1050 1723 liberata
1069 1694 1090 1723 a
1115 1693 1291 1731 carcere,
1313 1677 1396 1730 vel,
1426 1674 1603 1735 quando
1624 1687 1735 1719 esset

139 1874 232 1912 Item
255 1874 419 1926 requist,
434 1886 474 1912 se
495 1873 594 1911 ainsi
611 1882 669 1911 est
690 1871 835 1925 qu'elle
857 1872 934 1911 soit
955 1872 1096 1910 menee
1115 1872 1134 1908 a
1152 1870 1276 1917 Paris,
1292 1868 1439 1922 qu'elle
1458 1868 1510 1907 ait
1529 1867 1565 1906 le
1585 1866 1733 1905 double

85 1945 133 1984 de
157 1958 217 1984 ses
239 1946 562 1998 interrogatoires
598 1954 635 1983 et
659 1957 890 1997 responceS,
918 1943 1024 1982 enfin
1060 1941 1205 1996 qu'elle
1243 1941 1279 1980 le
1316 1940 1433 1980 baille
1467 1941 1486 1978 a
1527 1938 1641 1978 ceulx
1685 1939 1733 1977 de

88 2017 208 2064 Paris,
236 2027 273 2055 et
293 2016 380 2056 leur
396 2018 530 2070 puisse
551 2017 635 2055 dire
663 2031 670 2054 :
703 2032 721 2052 «
751 2017 862 2068 Vecy
883 2028 1044 2054 comme
1064 2014 1138 2066 j’ay
1160 2013 1508 2065 este'interroguee
1530 2013 1549 2050 a
1572 2013 1734 2058 Rouen,

87 2098 125 2127 et
146 2102 229 2128 mes
242 2102 454 2142 responces
475 2105 493 2125 ³>
511 2098 569 2137 ;et
590 2088 735 2142 qu'elie
766 2101 815 2127 ne
834 2088 911 2126 soit
932 2087 1020 2140 plus
1040 2085 1241 2125 travaillee
1263 2085 1311 2124 de
1329 2094 1412 2123 tant
1433 2085 1480 2123 de
1502 2084 1732 2122 demandes.

142 2162 414 2213 Interroguee‚
438 2174 542 2214 pour
565 2174 609 2199 ce
631 2160 774 2214 qu’elle
792 2161 901 2198 avoit
930 2159 987 2198 dit
1005 2172 1082 2212 que
1099 2159 1384 2209 monseigneur
1406 2157 1454 2195 de
1480 2157 1657 2195 Beauvez
1691 2168 1735 2193 ce

90 2233 251 2271 mectoit
268 2246 315 2271 en
342 2220 489 2285 danger
507 2232 554 2270 de
573 2232 608 2270 la
630 2233 794 2271 meictre
809 2245 856 2270 en
883 2244 1016 2277 cause,
1034 2244 1109 2283 que
1122 2240 1135 2256 2
1158 2229 1331 2277 c’estoit‚
1348 2238 1385 2267 et
1403 2227 1494 2281 quel
1514 2226 1678 2279 danger,
1699 2235 1736 2264 et

89 2313 171 2343 tant
194 2305 241 2343 de
261 2305 550 2357 monseigneur
573 2304 620 2343 de
639 2305 817 2342 Beauvez
847 2316 924 2356 que
945 2303 1013 2341 des
1034 2313 1163 2341 autres
1182 2316 1190 2340 2
1211 2300 1401 2354 respond,
1426 2312 1502 2353 que
1528 2309 1537 2333 3
1564 2298 1734 2344 desum,

90 2386 126 2415 et
147 2385 218 2423 est,
240 2376 381 2429 qu'elle
408 2377 484 2414 dist
502 2377 521 2414 a
553 2376 839 2428 monseigneur
872 2375 919 2413 de
936 2376 1141 2413 Beauvez:
1172 2390 1190 2409 «
1221 2374 1332 2412 Vous
1370 2372 1494 2410 dictes
1530 2385 1606 2424 que
1635 2383 1736 2409 vous

90 2458 191 2487 estes
205 2462 303 2487 mon
324 2449 431 2500 juge,
458 2449 494 2499 je
513 2461 561 2486 ne
583 2461 673 2500 scay
695 2460 859 2486 sevous
882 2446 1009 2485 l'estes
1034 2461 1042 2495 3
1071 2446 1168 2484 mais
1184 2446 1338 2484 advisez
1352 2444 1443 2482 bien
1462 2457 1540 2496 que
1562 2444 1733 2495 nejuge‘s

90 2520 184 2568 mal,
200 2533 276 2573 que
297 2534 397 2559 vous
419 2534 519 2558 vous
542 2521 724 2558 mectries
746 2532 795 2557 en
828 2528 942 2571 grant
961 2518 1109 2569 danger
1130 2532 1138 2565 3
1170 2527 1208 2556 et
1228 2531 1330 2555 vous
1364 2529 1412 2554 en
1435 2515 1625 2562 advertis,
1656 2514 1733 2553 afin

69 2605 165 2651 ‘que
181 2606 221 2631 se
243 2602 377 2631 nostre
414 2593 610 2644 Seigneur
651 2605 751 2639 vous
787 2604 835 2629 en
859 2591 1022 2637 chame,
1050 2603 1127 2643 que
1155 2591 1190 2641 je
1208 2588 1280 2627 fais
1320 2602 1416 2627 mon
1437 2587 1604 2627 debvoir
1632 2586 1733 2625 dele

89 2671 190 2696 vous
215 2658 312 2697 dite.
337 2674 356 2694 ))

142 2730 397 2783 Interroguee
418 2729 510 2783 quel
544 2738 600 2768 est
625 2742 668 2768 ce
690 2728 789 2782 peril
814 2742 867 2767 ou
897 2728 1044 2780 danger
1071 2740 1079 2766 2
1104 2726 1276 2779 respond
1303 2739 1380 2779 que
1410 2726 1559 2764 saincte
1590 2725 1734 2764 Kathe-

89 2801 172 2839 rine
194 2801 261 2854 luy
286 2815 305 2840 a
329 2801 385 2840 dit
407 2801 551 2854 qu⁷elle
571 2801 698 2839 auroit
720 2814 899 2848 secours,
924 2809 962 2838 et
992 2799 1136 2852 qu’elle
1161 2812 1210 2837 ne
1232 2799 1326 2847 scait
1351 2811 1391 2836 se
1414 2812 1457 2836 ce
1482 2811 1565 2843 sera
1590 2798 1610 2835 a
1634 2806 1733 2835 estre

92 2872 262 2911 de'livree
281 2873 329 2911 de
356 2873 391 2911 la
419 2873 571 2925 prison,
595 2886 647 2911 ou
679 2882 799 2925 quant
827 2871 901 2910 elle
930 2873 1050 2910 seroit
1074 2885 1121 2909 au
1156 2872 1375 2923 jugement,
1410 2869 1466 2907 s'il
1500 2883 1524 2921 y
1549 2868 1734 2907 vendroit

143 3084 173 3107 1.
195 3073 224 3108 C
254 3086 264 3107 .·
289 3076 554 3120 responsi0nmn;
582 3074 679 3108 ΑΒΕ
704 3085 749 3108 en
776 3084 897 3118 marge
920 3086 927 3107 ;
951 3073 1036 3107 Petit
1064 3073 1200 3119 duplum
1232 3073 1491 3118 responsionum,
1510 3077 1544 3104 ul
1577 3070 1731 3104 Parisizts

91 3133 252 3166 ostendere
267 3135 381 3179 possit.
403 3155 446 3157 —
468 3144 502 3168 2.
523 3133 592 3167 Ms.
615 3144 714 3179 quar.
732 3154 774 3158 -—
794 3143 825 3178 3.
848 3133 917 3167 Ms.
941 3144 1040 3179 quar.
