2099 3356
303 184 306 185 ⁷
354 164 511 207 PROCf-:s
544 178 597 206 DE
628 177 979 207 CONDAMNATION
1014 178 1070 207 DE
1101 179 1267 219 JEANNE
1300 164 1428 209 D'ARC
1633 168 1711 222 189

72 275 197 320 illum
225 275 380 330 adhuc,
419 275 558 320 donec
593 276 798 334 placuerit
842 276 1038 320 Domino
1067 289 1243 331 nostro,
1278 290 1333 332 et,
1356 279 1390 321 si
1423 279 1479 321 ita
1522 279 1575 322 sit
1599 277 1719 336 quod

73 371 268 417 oporteat
288 374 382 402 eam
407 358 503 403 duci
525 375 662 418 usque
686 360 729 403 in
759 358 970 416 judicium
1001 373 1042 403 et
1063 376 1157 403 eam
1195 360 1382 419 spoliari,
1412 362 1500 419 ipsa
1541 363 1720 419 requirit

71 442 263 487 dominis
299 442 588 486 ecclesiasticis
624 455 672 486 ut
702 441 806 486 dent
833 444 870 486 ei
893 443 1071 500 gratiam
1097 443 1282 487 habendi
1321 460 1455 487 unam
1497 445 1717 488 camisiam

72 525 329 569 muliebrem
367 539 408 569 et
434 542 575 569 unum
613 527 876 584 capitegium
923 527 966 569 in
1010 527 1146 584 capite
1185 543 1296 581 suo3
1337 529 1438 586 quia
1491 527 1719 586 praediligit

75 610 186 653 mori
204 625 336 668 quam
358 625 554 653 revocare
588 608 631 653 id
658 608 775 668 quod
819 610 1039 654 Dominus
1082 623 1228 654 noster
1278 611 1377 655 fecit
1403 611 1482 655 sibi
1518 611 1626 655 fieri.
1669 613 1719 655 Et

75 691 207 737 credit
227 692 408 737 firmiter
448 692 567 752 quod
591 694 810 737 Dominus
834 706 980 737 noster
1001 710 1090 737 non
1116 696 1336 751 permittet
1363 711 1458 738 eam
1490 697 1636 739 venire
1664 697 1720 739 ita

77 775 210 830 basse,
241 777 348 835 quin
376 776 528 821 habeat
554 792 805 821 succursum
837 792 859 819 a
886 777 982 820 Deo
1011 777 1119 820 bene
1151 779 1238 821 cito
1275 790 1317 821 et
1342 794 1416 836 per
1443 779 1717 823 miraculum.

77 886 135 890 —
160 861 285 913 Item,
307 859 457 904 eadem
478 859 562 913 die,
592 862 868 919 interrogata,
898 861 1000 917 quia
1039 859 1146 904 dixit
1173 860 1292 919 quod
1326 874 1492 918 caperet
1522 861 1719 907 habitum

76 942 350 997 muliebrem,
396 942 640 988 dummodo
685 945 1006 1002 permitteretur
1044 943 1176 998 abire,
1215 957 1364 989 utrum
1409 945 1491 989 hoc
1540 946 1721 1005 placeret

74 1027 193 1071 Deo:
225 1026 461 1085 respondit,
488 1029 521 1070 si
556 1026 728 1071 daretur
754 1026 833 1070 sibi
861 1027 1031 1070 licentia
1058 1028 1103 1070 in
1132 1027 1282 1072 habitu
1322 1028 1540 1083 muliebri,
1565 1031 1652 1088 ipsa
1678 1046 1721 1074 se

75 1123 253 1168 poneret
279 1112 364 1155 cito
382 1111 427 1154 in
456 1109 601 1154 habitu
627 1110 754 1164 virili,
784 1123 825 1154 et
842 1110 997 1155 faceret
1025 1110 1131 1155 illud
1165 1111 1284 1170 quod
1316 1111 1398 1157 fuit
1430 1112 1509 1157 sibi
1538 1130 1721 1172 praecep-

74 1207 170 1239 tum
188 1210 261 1253 per
277 1195 526 1239 Dominum
552 1207 776 1248 nostrum3
801 1210 878 1239 nec
906 1194 1061 1239 faceret
1085 1211 1162 1253 pro
1184 1196 1326 1254 aliqua
1353 1213 1395 1240 re
1424 1199 1719 1254 juramentum

75 1279 182 1336 quin
201 1295 244 1322 se
262 1290 443 1322 armaret
469 1290 510 1321 et
539 1282 729 1336 ponere&
754 1279 798 1322 in
833 1278 982 1322 habitu
1006 1279 1133 1332 virili,
1161 1295 1237 1337 pro
1273 1279 1470 1324 faciendo
1517 1281 1720 1339 placitum

75 1364 164 1405 sive
197 1362 472 1406 voluntatem
499 1362 682 1405 Domini
702 1362 852 1405 nostri.

136 1524 254 1566 XVI.
301 1540 320 1563 «
351 1524 478 1573 ITEM,
522 1522 633 1567 dicta
659 1523 856 1580 Johanna
899 1536 1117 1582 perantea,
1156 1538 1251 1583 post
1272 1527 1364 1582 ejus
1391 1527 1650 1584 captionem,
1681 1528 1726 1570 in

77 1620 216 1651 castro
231 1606 283 1650 de
304 1608 544 1651 Beaurevoir
564 1619 605 1651 et
632 1606 844 1652 Attrebati
870 1617 900 1661 ¹,
926 1607 1084 1666 pluries
1103 1608 1184 1652 fuit
1209 1611 1376 1653 monita
1399 1611 1615 1654 caritative
1650 1626 1723 1668 per

77 1691 244 1735 nobiles
268 1704 308 1735 et
332 1689 543 1735 notabiles
564 1707 766 1750 personas
787 1692 1016 1750 utriusque
1037 1708 1162 1736 sexus
1183 1691 1375 1737 deserere
1404 1693 1602 1737 habiturn
1624 1695 1722 1737 viri-

76 1774 176 1829 lem,
195 1787 237 1819 et
254 1787 391 1819 vestes
405 1791 484 1819 suo
504 1776 624 1818 sexui
640 1791 850 1834 congruas
874 1788 915 1819 et
936 1775 1135 1820 decentes
1158 1792 1391 1821 resumere.
1417 1777 1552 1830 Quod
1577 1779 1725 1821 omni-

76 1875 135 1903 no
150 1858 286 1903 facere
313 1861 543 1912 recusavit,
565 1872 606 1903 et
626 1858 784 1913 adhuc,
808 1873 856 1904 ut
877 1859 1131 1918 praedictum
1150 1873 1227 1911 est,
1254 1874 1576 1919 perseveranter
1606 1877 1723 1905 recu-

75 1955 154 1995 sat,
190 1955 231 1986 et
270 1955 419 1986 caetera
446 1959 574 2001 opera
612 1942 745 1987 facere
784 1944 905 1987 sexui
930 1943 1131 1987 muliebri
1159 1946 1480 1996 convenientia,
1510 1946 1554 1988 in
1580 1947 1725 1989 omni-

78 2026 171 2080 bus,
192 2027 334 2070 virum
358 2028 493 2085 magis
516 2043 559 2071 se
578 2043 731 2085 gerens
755 2043 887 2086 quarn
910 2027 1154 2072 mulierem.
1194 2046 1214 2068 »

137 2110 156 2130 *
179 2109 246 2154 Ad
272 2110 387 2154 hunc
410 2119 424 2136 ²
464 2110 713 2165 articulum,
744 2110 974 2170 respondet
1001 2111 1202 2168 Johanna
1238 2111 1372 2171 quod,
1414 2113 1625 2157 Attrebati
1650 2121 1660 2145 ³
1684 2126 1725 2157 et

80 2195 123 2237 in
151 2206 287 2238 castro
315 2193 366 2238 de
401 2196 654 2247 Beaurevoir,
684 2194 767 2238 fuit
798 2194 906 2239 bene
938 2197 1105 2240 monita
1138 2212 1284 2254 capere
1319 2196 1516 2241 habitum
1565 2197 1724 2242 mulie-

82 2277 230 2332 brem3
256 2294 388 2336 quem
406 2291 508 2322 tunc
531 2280 756 2333 recusavit,
786 2292 827 2322 et
860 2278 999 2323 adhuc
1032 2293 1211 2324 recusat.
1235 2281 1300 2334 Et,
1329 2296 1545 2339 quantum
1574 2281 1624 2325 ad
1646 2281 1726 2325 alia

81 2377 207 2419 opera
235 2361 477 2416 muliebria,
501 2361 603 2406 dicit
625 2361 744 2421 quod
772 2376 873 2406 sunt
894 2364 993 2406 satis
1019 2363 1111 2406 aliae
1139 2364 1340 2408 mulieres
1381 2381 1457 2423 pro
1483 2365 1548 2408 his
1569 2364 1725 2408 facien-

81 2443 159 2488 dis.

131 2624 148 2642 '⁵'
168 2623 301 2672 Quoad
332 2624 514 2664 decimum
540 2629 680 2664 sextum
707 2639 714 2663 :
739 2625 912 2679 respond
934 2639 1027 2679 que,
1051 2641 1071 2664 a
1101 2628 1217 2665 Arras
1241 2636 1279 2666 et
1310 2628 1564 2676 Beaurevoir‚
1589 2641 1608 2666 a
1633 2627 1724 2667 bien

79 2697 160 2734 este
191 2698 449 2736 amonnestee
484 2696 531 2735 de
571 2697 739 2750 prandre
776 2698 884 2736 habit
927 2698 974 2736 de
1010 2697 1172 2745 femme,
1211 2708 1248 2737 et
1287 2698 1336 2737 l'a
1359 2699 1487 2738 refuse
1518 2709 1554 2738 et
1597 2699 1725 2739 refuse

80 2781 241 2807 encore.
276 2770 322 2807 Et
371 2778 493 2822 quant
532 2782 608 2807 aux
640 2779 770 2808 autres
804 2783 963 2808 oeuvres
994 2770 1042 2808 de
1066 2769 1230 2818 femme,
1270 2771 1328 2809 dit
1371 2785 1448 2824 que
1475 2771 1498 2809 il
1531 2785 1555 2824 y
1580 2785 1600 2810 a
1621 2773 1725 2810 asse's

91 2849 221 2878 autres
241 2840 407 2879 femmes
428 2854 532 2893 pour
555 2854 598 2879 ce
616 2839 712 2879 faire
729 2849 758 2879 4.

134 3023 163 3046 1.
188 3013 284 3047 ABC
308 3025 318 3047 .·
340 3014 526 3048 Attrabati.
546 3034 593 3039 —
612 3025 643 3048 2.
663 3015 695 3048 A
724 3026 735 3048 .-
752 3014 915 3048 decimum
934 3020 1073 3049 sextum.
1103 3036 1149 3040 -
1178 3026 1210 3060 3.
1232 3015 1319 3050 BC:
1340 3016 1526 3050 Attrabati.
1544 3037 1592 3042 —
1620 3027 1654 3059 4.
1682 3016 1725 3058 U,

82 3070 148 3106 fol.
182 3073 240 3115 28,
266 3082 309 3108 r0.
