2099 3356
390 214 546 257 PRoci'zs
580 228 635 256 DE
667 227 1016 256 CONDAMNATION
1052 228 1107 255 DE
1139 228 1306 268 JEANNE
1340 213 1467 256 D’Aizc
1670 213 1745 254 181

165 327 264 372 *Ad
288 328 403 371 hunc
434 337 442 352 ¹
476 326 724 379 articulum,
763 324 994 383 respondet
1024 325 1225 381 Johanna
1257 325 1376 384 quod
1415 341 1458 368 se
1486 324 1612 369 refert
1634 323 1684 367 ad
1710 339 1758 366 ea

103 428 201 471 quae
226 427 354 469 super
382 410 464 454 hoc
487 410 587 454 alias
615 408 851 468 respondit.
881 409 932 452 Et
965 408 1072 452 dixit
1107 408 1225 467 quod
1254 408 1305 453 de
1341 409 1436 461 hoc,
1474 406 1671 451 videlicet
1699 406 1751 449 de

106 494 241 540 tribus
265 496 408 553 pueris
427 492 649 546 habendis,
673 492 724 536 de
753 492 835 536 hoc
851 508 941 536 non
962 508 1006 536 se
1030 493 1215 549 jactavit.

169 580 250 623 Die
272 578 399 632 lunae,
425 592 503 622 XII.
535 578 694 630 martii,
722 578 982 634 interrogata
1005 578 1040 620 si
1064 591 1190 620 voces
1212 591 1301 620 sure
1328 588 1590 620 vocaverunt
1619 583 1632 600 ²
1658 591 1752 618 eam

100 663 242 722 filiam
268 663 360 715 Dei,
390 674 463 705 aut
478 661 620 719 filiam
650 660 844 713 Ecclesiae,
867 675 942 703 seu
957 660 1099 718 filiam
1131 676 1187 702 (ιιι
1224 669 1351 718 grant
1381 676 1471 704 cuer
1488 677 1498 713 ;
1535 658 1757 717 respondit

110 745 228 805 quod
255 759 354 789 ante
375 745 636 789 levationem
661 742 902 787 obsidionis
930 743 1268 796 Aurelianensis,
1297 756 1336 786 et
1356 742 1523 801 depost,
1548 741 1756 786 omnibus

110 828 261 873 diebus
279 828 438 887 quibus
468 827 624 871 locutae
650 826 828 870 fuerunt
853 826 950 879 sibi,
981 826 1138 884 pluries
1176 839 1441 870 vocaverunt
1478 841 1570 869 eam
1609 826 1759 879 solmn-

111 929 207 956 uam
232 913 436 965 Puellam,
453 912 595 969 filiam
618 911 710 954 Dei.

168 1051 264 1093 XII.
298 1068 317 1087 «
343 1051 466 1102 ITEM,
488 1062 528 1093 et
551 1061 598 1093 ut
620 1049 775 1092 melius
796 1061 836 1092 et
860 1049 1049 1106 apertius
1073 1056 1083 1079 '³
1108 1047 1219 1091 dicta
1241 1047 1439 1104 Jolianna
1461 1046 1760 1104 aggrederetur

109 1133 638 1193 propositum,·requisivit
661 1148 682 1175 a
710 1132 823 1175 dicto
851 1132 1075 1189 capitaneo
1095 1130 1175 1174 sibi
1198 1131 1289 1174 fieri
1312 1144 1448 1175 vestes
1476 1130 1631 1183 viriles,
1659 1146 1759 1174 cum

107 1220 237 1261 armis
263 1216 581 1261 conformibus,
608 1215 744 1269 Quod
769 1215 907 1259 dictus
932 1217 1197 1274 capitaneus,
1235 1215 1335 1258 licet
1372 1213 1532 1258 invitus
1578 1227 1619 1257 et
1657 1230 1760 1257 cum

110 1318 265 1360 magna
290 1301 616 1346 abominatione
638 1310 671 1353 4,
705 1299 881 1343 tandem
920 1300 1122 1358 petitioni
1157 1298 1280 1343 dictae
1321 1298 1533 1354 Johannae
1562 1299 1760 1356 'acquies-

109 1402 224 1439 cens,
245 1385 360 1430 fecit.
392 1386 585 1444 Ipsisque
607 1383 795 1428 vestibus
819 1397 860 1428 et
887 1385 1017 1427 armis
1047 1383 1274 1434 fabricatis,
1307 1383 1561 1441 compositis
1587 1394 1628 1426 et
1660 1397 1761 1425 con-

109 1470 247 1523 fectis,
274 1468 473 1527 praedicta
499 1468 715 1525 Johanna,
758 1470 917 1525 rejecto
945 1480 987 1511 et
1023 1467 1169 1510 relicto
1205 1467 1330 1510 omni
1363 1465 1510 1509 habitu
1540 1465 1759 1518 muliebri,

112 1555 247 1599 tonsis
272 1552 432 1610 capillis
456 1554 501 1595 in
524 1550 765 1595 rotundum
798 1550 848 1594 ad
881 1550 1065 1595 modum
1100 1566 1387 1608 mangonum,
1418 1550 1609 1602 camisia,
1648 1549 1763 1592 brac-

109 1639 168 1681 cis
195 1643 224 1688 5,
245 1638 450 1695 gippone,
479 1635 622 1693 caligis
655 1635 786 1678 simul
818 1636 989 1690 junctis,
1026 1635 1166 1692 longis
1191 1646 1232 1677 et
1260 1633 1398 1691 ligatis
1425 1632 1540 1676 dicto
1577 1633 1759 1690 gipponi

103 1737 211 1764 ⁴acum
246 1735 306 1763 xx
339 1719 568 1777 aguilletis,
594 1717 857 1762 sotularibus
891 1718 985 1761 altis
1025 1717 1185 1761 deforis
1224 1717 1430 1775 laqueatis
1450 1718 1481 1770 ⁶,
1512 1730 1631 1760 curta
1661 1715 1762 1760 roba

112 1821 249 1863 usque
290 1803 342 1848 ad
382 1819 513 1861 genu,
555 1802 621 1846 vel
656 1803 834 1852 circiter,
875 1803 1052 1860 capucio
1091 1800 1249 1855 deciso,
1288 1802 1424 1845 ocreis
1450 1817 1524 1844 seu
1556 1800 1762 1844 liousellis

110 1889 280 1941 strictis,
306 1886 534 1931 calcaribus
550 1887 705 1944 longis,
728 1902 844 1940 ense,
871 1885 1024 1944 dagua,
1054 1886 1199 1937 lorica,
1223 1885 1366 1928 lancea
1379 1898 1420 1928 et
1443 1886 1606 1927 caeteris
1626 1900 1762 1927 arma-

111 1975 235 2027 turis,
266 1988 386 2016 more
415 1971 650 2015 hominum
675 1980 688 2004 7
708 1987 948 2025 armorum,
977 1987 1020 2014 se
1039 1970 1182 2014 induit
1203 1982 1245 2014 et
1268 1971 1473 2022 armavit3
1502 1982 1542 2012 et
1575 1985 1677 2012 cum
1702 1970 1762 2012 eis

110 2056 218 2100 facta
243 2071 408 2114 guerrae
434 2056 638 2108 exercuit,
668 2070 857 2099 asserens
877 2070 936 2104 se,
962 2056 1005 2097 in
1031 2054 1129 2107 hoc,
1153 2052 1410 2097 mandatum
1440 2053 1522 2096 Dei
1549 2068 1622 2110 per
1646 2068 1762 2095 reve-

111 2141 293 2184 lationes
319 2139 398 2183 sibi
422 2138 548 2183 factas
570 2138 820 2196 adimplere,
851 2151 892 2182 et
920 2154 969 2182 ex
994 2151 1110 2197 parte
1134 2138 1215 2181 Dei
1244 2137 1333 2181 haec
1354 2136 1505 2180 facere.
1540 2155 1559 2177 »

171 2223 295 2267 **Ad
322 2223 438 2267 bunc
457 2225 471 2248 S
491 2221 1004 2280 articulum,respondet⁹
1029 2221 1141 2266 dicta
1157 2221 1357 2278 Johanna
1374 2230 1407 2246 ¹⁰
1429 2219 1547 2279 quod
1573 2236 1616 2263 se
1638 2219 1762 2263 refert

111 2307 162 2352 ad
189 2324 236 2352 ea
261 2323 360 2366 quae
381 2323 509 2366 super
535 2307 618 2351 hoc
641 2306 741 2350 alias
768 2305 1009 2365 respondit.

163 2523 324 2570 *Quoad
346 2521 598 2569 undecimum,
620 2521 662 2560 de
683 2521 807 2574 pueris
829 2520 1002 2559 habendis
1021 2520 1067 2558 ab
1091 2534 1146 2567 ea,
1172 2534 1205 2559 se
1226 2519 1337 2573 refert
1354 2518 1402 2557 ad
1417 2528 1442 2545 ¹¹
1475 2531 1514 2557 ea
1547 2532 1629 2571 quse
1657 2524 1765 2571 super

112 2594 172 2632 hoc
190 2593 285 2632 alias
309 2593 384 2647 ipsa
409 2593 588 2647 respondi!
614 2603 657 2631 ¹2.

163 2665 205 2683 **
227 2664 361 2713 Quoad
377 2664 631 2704 duodecimum
647 2671 755 2717 snper
776 2663 961 2702 habilibus
975 2669 1006 2702 et
1024 2663 1232 2720 armaturis
1253 2662 1427 2701 habendis
1442 2677 1452 2701 .·
1472 2662 1655 2716 respondet
1671 2661 1766 2715 qnod

112 2751 144 2776 se
166 2737 275 2790 refert
294 2737 342 2775 ad
362 2751 402 2776 ea
425 2751 505 2791 quae
525 2743 632 2790 super
656 2736 717 2775 hoc
736 2735 830 2775 alias
862 2735 1055 2789 respondit.

169 2951 241 2981 LA
262 2959 272 2980 :
295 2946 444 2980 undecim
461 2947 554 2991 (sic).
576 2967 622 2971 —-
639 2957 669 2980 2.
691 2946 755 2979 AB
778 2958 787 2979 :
808 2950 1016 2979 vocaverant.
1033 2966 1080 2969 ——
1095 2955 1125 2989 3.
1139 2945 1171 2978 A
1188 2957 1197 2977 .·
1213 2946 1336 2990 aptius.
1361 2965 1404 2968 -—
1426 2954 1454 2986 4.
1477 2943 1572 2977 ABC
1587 2956 1596 2976 .·
1620 2943 1766 2976 alvhoms-

118 3007 263 3039 natione.
287 3026 330 3032 —
358 3017 385 3048 5.
405 3005 501 3039 ABC
518 3018 527 3039 .·
546 3005 685 3039 In'achis.
709 3026 754 3030 —
773 3004 806 3039 6.
830 3004 864 3048 Q
882 3005 999 3050 ajoutc
1015 3009 1057 3038 et.
1074 3025 1117 3028 —
1151 3015 1183 3049 7.
1206 3004 1240 3047 Q
1257 3016 1266 3037 :
1297 3003 1454 3036 hominis.
1476 3023 1522 3028 —
1543 3004 1575 3035 8.
1599 3002 1630 3035 A
1655 3015 1664 3035 .·
1681 3002 1764 3035 ‹leri-

120 3077 209 3098 mum
232 3066 325 3109 (sic).
345 3085 391 3090 —
410 3076 444 3110 9.
462 3066 496 3109 Q
511 3077 521 3098 .·
545 3065 722 3110 respondit.
747 3085 789 3089 ——
818 3075 870 3098 ro.
894 3065 925 3097 A
947 3073 1046 3098 oniet
1066 3063 1150 3097 dista
1165 3063 1330 3107 Johanna.
1348 3084 1393 3087 ——
1410 3074 1462 3097 11.
1483 3062 1550 3096 Ms.
1567 3062 1619 3095 ab.
1640 3083 1669 3085 -ν
1705 3072 1759 3096 12.

125 3124 249 3166 U,s01.
273 3135 314 3169 27
331 3133 382 3159 νο.
