2099 3356
371 193 528 237 PRoc'Es
561 207 616 235 DE
649 204 1002 236 CONDAMNArioN
1037 204 1091 232 DE
1122 203 1285 245 JEANNE
1324 189 1450 232 D'ARC
1655 203 1730 244 173

94 307 251 351 locutae
274 306 354 350 sibi
385 324 391 350 z
417 304 635 365 respondit
657 303 774 364 quod
799 305 871 356 sic,
898 315 939 346 et
967 301 1023 365 ibi
1046 318 1112 346 eas
1142 312 1150 327 ¹
1181 301 1345 346 audivit
1372 319 1382 355 3
1411 300 1482 345 sed
1509 300 1613 359 quid
1634 313 1737 344 tunc

92 389 170 434 sibi
190 389 392 434 dixerunt
415 397 446 442 ²,
475 390 622 432 nescit.
649 414 707 418 --
734 388 912 440 Iterum,
935 402 980 429 ea
999 385 1082 438 die,
1110 387 1370 443 interrogata
1395 386 1427 427 si
1453 383 1615 442 aliquid
1637 398 1740 442 pro—

91 475 302 517 miserunt
319 472 444 524 ei‚ibi
470 472 535 515 vel
551 471 648 515 alibi
674 469 924 528 :respondit
944 469 1062 528 quod
1088 485 1177 512 non
1200 468 1393 512 fecerunt
1419 467 1498 511 sibi
1518 466 1695 524 aliquod
1726 475 1734 497 ³

90 559 353 616 promissum
379 557 460 599 nisi
485 555 536 599 de
561 555 731 599 licentia
756 553 939 597 Domini
968 554 1118 596 nostri.

151 641 275 694 Item,
317 638 385 683 die
409 638 586 692 sabbati,
621 652 726 681 xvrl.
750 638 909 690 martii,
954 637 1215 693 interrogata
1239 636 1270 678 si
1299 636 1483 678 matrina
1517 650 1608 686 sua,
1640 650 1737 692 quae

93 721 310 765 viditFata
328 736 403 765 seu
422 720 565 763 fatales
590 720 818 771 Dominas,
845 729 1070 775 reputetur
1089 718 1258 774 sapiens
1292 716 1451 759 mulier
1478 733 1485 758 :
1520 713 1741 773 respondit

95 803 213 863 quod
238 817 411 848 tenetur
437 816 477 847 et
498 815 718 862 reputatur
743 801 855 846 bona
880 813 920 844 et
954 800 1084 858 proba
1122 800 1292 853 mulier,
1322 812 1362 843 et
1384 815 1473 852 ηομ
1493 798 1638 842 divina
1665 813 1740 842 seu

96 887 306 946 sortilega.
330 913 385 918 —
405 888 568 931 Iterum
592 885 739 929 eadem
763 883 846 934 die,
865 885 1123 941 interrogata
1139 884 1189 936 si,
1219 895 1316 926 ante
1341 881 1457 926 diem
1487 879 1741 938 hujusmodi

96 971 306 1015 decimam
333 973 561 1029 septimam
595 970 751 1022 martii,
788 966 985 1011 credebat
1024 966 1141 1025 quod
1185 965 1329 1010 fatales
1369 967 1573 1010 Dominae
1603 976 1742 1009 essent

96 1055 274 1113 maligni
292 1055 466 1113 spiritus
494 1071 501 1098 :
530 1052 750 1112 respondit
774 1050 887 1110 quod
916 1050 967 1094 de
1006 1051 1087 1094 hoc
1112 1049 1324 1094 nesciebat
1346 1048 1590 1108 aliquid.—
1613 1049 1738 1101 Item,

95 1155 141 1182 ea
160 1147 175 1171 4
203 1137 270 1182 die
294 1138 460 1182 decima
478 1139 674 1196 septima,
703 1137 958 1193 interrogata
986 1136 1020 1178 si
1040 1133 1203 1193 aliquid
1228 1135 1307 1177 scit
1321 1133 1371 1177 de
1395 1133 1459 1176 his
1480 1134 1555 1191 qui
1584 1144 1739 1181 errant,

94 1222 243 1281 gallice
257 1224 429 1282 quivont
447 1238 493 1266 en
512 1221 636 1274 l’erre,
658 1236 758 1264 cum
772 1221 882 1263 Fatis
910 1218 1159 1276 :respondit
1187 1217 1304 1276 quod
1327 1216 1378 1261 de
1405 1217 1486 1260 hoc
1515 1231 1742 1275 nunquam

97 1306 194 1350 fecit
222 1322 298 1350 nec
331 1306 453 1350 scivit
472 1304 727 1363 quidquam.
774 1304 887 1347 Bene
928 1301 1092 1346 audivit
1123 1295 1244 1360 loqui
1278 1300 1396 1359 quod
1425 1300 1563 1344 ibatur
1590 1302 1634 1343 in
1675 1298 1743 1342 die

98 1391 222 1448 jovis,
249 1389 322 1434 sed
354 1391 397 1433 in
424 1389 504 1433 boc
525 1405 613 1432 non
632 1386 778 1440 credit,
810 1388 901 1431 imo
923 1385 1042 1445 quod
1068 1398 1130 1429 est
1150 1385 1441 1443 sortilegium.

156 1541 228 1583 VI.
259 1541 426 1593 «ITEM,
455 1538 564 1583 dicta
614 1538 814 1594 Johanna
847 1537 971 1580 solita
1013 1535 1284 1594 frequentare
1324 1534 1461 1578 dictos
1492 1534 1662 1578 fontem
1701 1546 1743 1578 et

99 1623 311 1678 arborem,
335 1636 377 1668 et
405 1624 560 1680 saepius
598 1634 754 1675 nocte3
783 1620 1002 1664 interdum
1040 1619 1091 1664 de
1113 1619 1197 1672 die,
1226 1620 1420 1662 maxime
1448 1618 1567 1662 horis
1594 1618 1751 1676 quibus

100 1709 143 1751 in
172 1708 345 1752 ecclesia
383 1706 619 1751 celebratur
655 1704 856 1749 divinum
906 1704 1119 1756 officium,
1173 1716 1222 1747 ut
1258 1703 1347 1747 sola
1389 1714 1496 1746 esset
1526 1719 1536 1755 ;
1572 1714 1613 1745 et
1644 1701 1748 1745 cho-

97 1792 298 1836 reizando
320 1798 329 1824 5
354 1790 608 1835 circumibat
633 1791 648 1815 ⁶
674 1789 842 1833 fontem
881 1800 923 1832 et
953 1787 1151 1831 arborem
1174 1786 1398 1846 praedictos
1422 1804 1432 1841 ;
1462 1785 1746 1844 postmodum

99 1877 228 1920 ramis
251 1875 444 1933 ejusdem
466 1874 628 1919 arboris
676 1873 798 1931 plura
832 1886 942 1916 serta
972 1872 1097 1916 variis
1119 1870 1261 1915 herbis
1286 1882 1326 1914 et
1350 1869 1544 1923 floribus,
1576 1870 1747 1929 propria

101 1976 234 2004 manu
252 1959 460 2013 confecta,
485 1957 767 2017 appendebat,
782 1955 968 2000 dicendo
989 1968 1031 1999 et
1052 1955 1282 2008 cantando,
1302 1967 1399 1998 ante
1423 1967 1464 1998 et
1484 1966 1594 2012 post,
1616 1966 1749 1997 certas

101 2044 321 2088 cantiones
347 2055 389 2087 et
409 2043 598 2086 carmina
622 2058 722 2086 cum
751 2042 874 2084 certis
908 2038 1274 2092 invocationibus,
1312 2038 1542 2096 sortilegiis
1576 2050 1617 2080 et
1659 2037 1750 2080 aliis

102 2126 321 2170 maleficiis
342 2144 352 2180 ;
399 2142 495 2184 quae
516 2124 694 2184 quidem
722 2136 831 2168 serta
856 2132 888 2177 7,
909 2122 1048 2181 {mane
1068 2134 1276 2181 sequente
1301 2123 1334 2175 ὃ,
1377 2120 1539 2165 ibidem
1568 2121 1750 2164 minime

104 2210 440 2269 reperiebantur.
456 2228 477 2252 »

163 2294 264 2338 *Ad
282 2294 398 2339 hunc
421 2302 436 2327 9
458 2293 705 2346 articulum,
732 2291 800 2336 die
822 2291 1036 2351 praedicta‚
1065 2291 1268 2335 vicesima
1288 2291 1470 2349 septima
1486 2289 1644 2343 martii,
1670 2304 1752 2332 res-

107 2377 260 2437 pondit
281 2377 400 2436 quod
428 2394 470 2421 se
492 2376 617 2441 refert
638 2376 690 2420 ad
714 2376 840 2420 aliam
861 2376 1188 2434 responsionem
1211 2374 1311 2418 alias
1344 2390 1418 2432 per
1441 2390 1534 2417 eam
1565 2373 1717 2416 factam
1739 2389 1750 2426 3

106 2475 147 2506 et
175 2474 327 2506 caetera
352 2462 396 2505 in
423 2460 605 2505 articulo
632 2472 836 2504 contenta
862 2472 1001 2517 negat.

159 2678 176 2697 *
195 2678 328 2726 Quoad
355 2682 510 2723 sextum,
546 2690 578 2716 se
602 2675 711 2731 refert
728 2674 776 2716 ad
808 2675 924 2715 aliam
952 2674 1215 2730 responsionem
1234 2681 1299 2728 per
1321 2687 1399 2713 eam
1425 2672 1566 2726 sartam
1585 2685 1598 2719 ‚·
1627 2676 1754 2711 cadem

113 2749 274 2797 negatw.

166 2997 193 3020 1.
218 2985 249 3020 A
283 2998 292 3019 .·
315 2996 367 3019 eds
390 2986 446 3019 ihi.
478 3006 521 3010 ——
546 2994 576 3019 2.
597 2986 626 3019 A
649 2997 658 3018 .·
678 2984 837 3018 dixerunt
857 2984 933 3017 silvi.
962 3004 1007 3008 ——
1041 2993 1070 3027 3.
1100 2983 1134 3026 Q
1151 2994 1160 3015 .·
1187 2981 1331 3027 aliquid.
1354 3002 1395 3005 —
1420 2991 1453 3023 4.
1476 2980 1508 3014 A
1537 2992 1545 3013 .·
1566 2979 1687 3013 cadem.
1714 2999 1756 3002 -κ

116 3055 145 3088 5.
165 3045 233 3080 AC
255 3045 481 3090 :coreizanda
496 3065 541 3069 —
556 3044 589 3079 6.
610 3044 707 3078 ABC
728 3043 922 3078 mirantium.
949 3063 993 3068 —
1016 3054 1046 3087 7.
1072 3042 1104 3086 Q
1123 3051 1221 3076 omet
1241 3046 1339 3075 serta.
1359 3062 1402 3065 —
1421 3042 1453 3073 ὅ.
1476 3039 1541 3073 AC
1566 3051 1574 3072 .·
1595 3039 1754 3084 sequenli.

114 3125 159 3129 —
179 3105 257 3150 9.A
276 3109 440 3138 :sextunu
463 3125 508 3129 —
535 3116 587 3139 10.
611 3104 652 3146 U,
682 3104 743 3138 fol.
768 3113 824 3148 27,
844 3112 895 3136 vc.
