2099 3356
316 165 403 210 270
500 182 507 186 -
598 153 752 198 mzoctss
784 168 841 198 DE
873 167 1226 199 coNDAMNArioN
1259 167 1316 198 DE
1346 168 1512 211 JEANNE
1545 156 1672 200 D'Anc

940 351 1052 387 JOVIS
1087 351 1126 378 V.
1166 351 1317 378 APRILIS
1339 349 1366 378 ¹.

374 477 438 529 Et,
469 474 537 519 die
565 477 671 532 jovis
698 478 912 534 sequenti,
941 492 1037 535 quse
1063 476 1146 521 fuit
1171 478 1323 536 quinta
1344 475 1447 521 dicti
1476 478 1635 522 mensis
1662 477 1958 536 aprili5‚sche-

315 559 463 603 dulam
491 567 505 584 ²
535 573 728 604 nostram
763 561 1097 618 requisitoriam‚
1133 576 1220 604 una
1241 577 1341 604 cum
1360 561 1445 618 jam
1477 559 1601 605 dictis
1630 560 1956 616 assertionibus,

314 643 397 686 illis
423 641 671 687 doctoribus
683 656 724 686 et
747 644 849 687 viris
870 645 1013 702 peritis
1033 652 1064 699 ³,
1094 660 1204 703 quos
1225 645 1268 687 in
1288 644 1366 688 hac
1388 643 1494 689 urbe
1515 660 1774 689 noveramus
1796 644 1954 699 adesse,

315 727 631 771 transmisimus
658 726 736 770 sub
759 727 835 772 hac
857 727 993 772 forma
1020 745 1029 771 t

369 851 388 872 α
432 837 518 875 Nos
538 846 569 883 4,
621 837 773 884 Petrus,
818 835 1075 875 miseratione
1131 835 1267 874 divina
1335 835 1587 874 Belvacensis
1647 836 1876 890 episcopus,
1921 846 1959 876 et

312 908 514 956 Johannes
540 907 733 960 Magistri,
760 908 931 946 vicarius
957 907 1226 960 inquisitoris,
1253 920 1323 946 vos
1366 906 1466 956 talis,
1491 911 1562 946 etc.
1608 920 1795 961 rogamus
1825 921 1896 946 vos
1921 917 1959 947 et

314 979 556 1032 requirimus
581 988 791 1033 quatenus,
816 979 855 1017 in
902 978 1080 1018 favorem
1122 978 1230 1027 fidei,
1267 978 1367 1018 infra
1397 979 1503 1018 diem
1545 979 1678 1018 martis
1717 979 1957 1032 proximam,

315 1050 414 1089 detis
442 1050 556 1089 nobis
578 1051 727 1103 scripto
749 1059 787 1089 et
820 1050 892 1089 sub
926 1050 1057 1104 sigillo
1073 1060 1204 1089 vestro
1229 1050 1383 1089 salubre
1405 1050 1621 1089 consilium
1643 1064 1762 1103 super
1780 1051 1961 1090 assertio-

318 1121 434 1160 nibus
464 1122 562 1161 infra
597 1122 819 1170 annotatis;
853 1131 986 1161 utrum
1007 1121 1210 1170 videlicet,
1233 1121 1422 1161 omnibus
1462 1122 1620 1161 attentis
1645 1132 1682 1161 et
1703 1122 1962 1161 consideratis

316 1207 359 1232 ac
383 1194 500 1233 etiam
523 1194 569 1233 ad
596 1194 767 1233 invicem
790 1194 1043 1247 comparatis,
1063 1193 1138 1233 illae
1176 1203 1243 1233 aut
1261 1207 1397 1232 earum
1420 1193 1564 1248 aliquae
1587 1194 1663 1232 sint
1684 1204 1820 1233 contra
1840 1193 1960 1233 fidem

317 1265 598 1314 orthodoxam,
619 1275 684 1304 aut
707 1266 744 1304 in
764 1279 807 1304 ea
826 1275 1020 1318 suspectae
1042 1275 1178 1304 contra
1218 1279 1366 1304 sacram
1393 1266 1653 1318 Scripturam,
1678 1275 1813 1305 contra
1834 1265 1961 1305 deter-

317 1337 578 1376 minationem
601 1349 861 1376 sacrosanctze
881 1337 1074 1376 Romanae
1094 1336 1296 1400 Ecclesiae,
1314 1346 1449 1376 contra
1467 1337 1840 1377 determinationem
1866 1337 1961 1376 doc-

316 1417 447 1448 torum
467 1409 514 1448 ab
536 1409 711 1448 Ecclesia
733 1409 1044 1462 approbatorum
1080 1408 1152 1463 [et]
1183 1409 1407 1448 sanctiones
1443 1410 1670 1458 canonicas,
1698 1408 1958 1457 scandalosae,

315 1482 551 1529 temeraria),
574 1482 627 1520 rei
646 1480 816 1534 publicae
840 1480 1063 1528 turbativae,
1089 1481 1309 1534 injuriosae,
1341 1479 1576 1520 criminibus
1593 1481 1800 1530 involutae,
1824 1490 1962 1520 contra

315 1552 444 1591 bonos
461 1567 607 1601 mores,
634 1566 701 1592 seu
728 1553 999 1606 quovismodo
1017 1552 1244 1601 oflensivae3
1282 1561 1348 1592 aut
1372 1552 1467 1606 quid
1500 1553 1548 1592 de
1577 1552 1790 1606 praedictis,
1810 1552 1960 1604 judicio

316 1623 424 1672 fidei,
446 1626 555 1664 venit
588 1624 819 1664 dicendum.
854 1625 1055 1677 Scriptum
1080 1625 1142 1663 die
1175 1625 1293 1677 joviS,
1325 1625 1461 1677 quinta
1481 1623 1616 1678 aprilis
1639 1634 1730 1677 post
1760 1624 1907 1663 Pascha
1930 1633 1959 1674 5,

315 1703 421 1728 anno
449 1690 612 1729 Domini
638 1690 1007 1739 M.CCCC.XXXJ.
1040 1706 1058 1726 ›>

560 1912 653 1939 ITEM
676 1902 691 1927 ⁶
712 1911 913 1943 SEQUITUR
930 1911 1062 1939 TENOR
1082 1911 1355 1940 ASSERTIONUM
1376 1911 1662 1940 PRAEDICTARUM
1684 1908 1714 1938 7.

1132 2034 1150 2076 Ι

378 2176 397 2198 «
431 2159 491 2203 ET
518 2172 666 2213 PRIMO,
699 2157 897 2217 quaedam
924 2157 1104 2202 foemina
1131 2157 1234 2202 dicit
1266 2169 1307 2202 et
1339 2157 1522 2202 affirmat
1548 2157 1684 2216 quod,
1719 2158 1824 2203 dum
1853 2170 1962 2202 esset

315 2244 449 2286 aetatis
487 2258 702 2286 annorum
738 2241 943 2285 tredecim
971 2241 1038 2285 vel
1068 2242 1245 2295 eocirca,
1276 2242 1364 2298 ipsa
1390 2242 1478 2285 suis
1507 2241 1642 2285 oculis
1670 2241 1962 2299 corporalibus

315 2319 634 2364 viditsanctum
653 2319 909 2362 Michaelem
933 2335 1027 2362 eam
1063 2319 1378 2371 consolantem,
1395 2331 1435 2362 et
1465 2318 1730 2378 quandoque
1763 2331 1961 2362 sanctum

318 2401 578 2456 Gabrielem,
613 2404 654 2446 in
681 2402 820 2461 effigIe
843 2402 1052 2460 corporali
1080 2414 1330 2461 apparentes
1354 2403 1385 2446 ⁸.
1418 2400 1664 2460 Aliquando
1692 2403 1821 2446 etiam
1855 2401 1962 2446 vidit

370 2598 399 2622 1.
422 2587 475 2621 En
491 2598 611 2633 marge
632 2587 674 2621 de
695 2586 762 2621 AC
777 2598 787 2620 :
802 2586 885 2620 Ben
899 2596 1019 2632 marge
1032 2585 1144 2630 :Jovis
1156 2586 1312 2631 sequenti.
1328 2604 1377 2611 -
1391 2595 1423 2620 2.
1440 2585 1472 2620 A
1498 2597 1507 2619 .·
1522 2586 1708 2627 scedulam;
1722 2586 1752 2621 (J
1768 2598 1778 2620 .·
1800 2585 1958 2622 sedulam.

318 2667 361 2672 —-
382 2657 413 2691 3.
429 2647 460 2681 A
477 2656 573 2681 ornet
592 2648 777 2687 peritis.--
792 2657 827 2688 4.
849 2645 878 2680 C
892 2656 937 2679 en
953 2656 1073 2691 marge
1089 2656 1097 2679 :
1120 2646 1186 2679 Hic
1201 2646 1385 2679 mittuntur
1404 2645 1559 2680 schedula:
1579 2645 1759 2680 doctoribus
1772 2658 1845 2681 cum
1859 2658 1964 2680 asser-

317 2706 474 2740 tionibus.
498 2727 541 2730 —
567 2717 599 2749 5,
629 2706 658 2740 C
678 2715 776 2740 omct
797 2705 964 2751 Scriptum
979 2706 1031 2738 die
1042 2706 1145 2750 jovis,
1166 2706 1283 2750 quinta
1298 2704 1419 2751 aprilis
1430 2710 1502 2751 post
1524 2704 1658 2740 Pascha.
1681 2726 1725 2730 ——-
1744 2705 1777 2740 6.
1799 2705 1895 2741 ABC
1915 2717 1958 2740 en

318 2776 459 2811 marge:
481 2765 587 2799 Tetwr
612 2766 829 2799 assertionum
843 2764 1095 2810 pradictarnm.
1112 2784 1158 2788 —
1180 2774 1210 2809 7.
1227 2765 1257 2797 A
1278 2763 1309 2798 la
1330 2764 1468 2798 minute
1489 2763 1670 2808 francaise,
1693 2764 1892 2811 lorsqu’elle
1910 2764 1962 2799 fut

317 2824 491 2870 produite,
505 2825 587 2858 erait
606 2825 692 2870 joint
709 2836 755 2857 un
772 2823 903 2858 feuillet
920 2824 962 2857 de
977 2824 1192 2857 corrections
1206 2835 1271 2857 aux
1288 2824 1400 2857 douze
1417 2823 1553 2858 articles
1565 2823 1786 2858 resumantla
1802 2824 1962 2859 doctrine

318 2884 361 2918 de
381 2884 527 2930 Jeanne.
549 2884 617 2918 Ces
630 2884 845 2918 corrections
860 2883 989 2917 etaient
1011 2883 1053 2917 de
1075 2883 1107 2916 la
1130 2883 1225 2916 main
1252 2884 1294 2916 de
1316 2883 1496 2917 Manchon
1515 2892 1548 2917 et
1567 2894 1611 2918 ne
1629 2883 1746 2918 furent
1767 2896 1826 2930 pas
1847 2893 1962 2919 toutes

320 2943 517 2978 effectue'es.
538 2944 598 2978 On
618 2955 661 2978 en
691 2953 854 2977 trouvera
873 2943 905 2976 le
937 2950 1031 2976 texte
1053 2943 1140 2976 dans
1178 2941 1209 2977 le
1241 2942 1356 2976 Procbs
1391 2943 1426 2976 de
1455 2942 1726 2977 Re'tmln'titation.
1762 2943 1844 2978 Bien
1879 2943 1963 2990 qu'il

318 3003 460 3049 s'agisse
478 3003 593 3049 plutot
614 3002 843 3043 d'omissions
864 3001 1078 3036 volontaires
1098 3013 1166 3048 que
1186 3002 1229 3035 de
1250 3002 1436 3045 variantes,
1461 3013 1509 3037 on
1529 3014 1548 3036 a
1569 3014 1628 3037 cru
1647 3003 1769 3037 devoir
1783 3003 1831 3037 les
1845 3014 1963 3049 repro—

319 3062 418 3096 duirc
439 3063 479 3096 ici
502 3075 545 3096 en
565 3071 677 3096 notes.
696 3083 739 3086 —
759 3061 792 3095 8.
825 3061 851 3095 Β
869 3072 913 3095 en
932 3071 1053 3107 marge
1077 3073 1083 3094 :
1107 3061 1326 3095 Assar-tiones.

2096 427 2099 430 .
2092 391 2099 406 .-
2086 254 2099 371 &uu-⁶..
