<?xml version="1.0" encoding="UTF-8"?>
<!DOCTYPE html PUBLIC "-//W3C//DTD XHTML 1.0 Transitional//EN"
    "http://www.w3.org/TR/xhtml1/DTD/xhtml1-transitional.dtd">
<html xmlns="http://www.w3.org/1999/xhtml" xml:lang="en" lang="en">
 <head>
  <title>
</title>
<meta http-equiv="Content-Type" content="text/html;charset=utf-8" />
  <meta name='ocr-system' content='tesseract 3.04.00' />
  <meta name='ocr-capabilities' content='ocr_page ocr_carea ocr_par ocr_line ocrx_word'/>
</head>
<body>
  <div class='ocr_page' id='page_1' title='image "./procsdecondamn01cham_0211.png"; bbox 0 0 2099 3356; ppageno 0'>
   <div class='ocr_carea' id='block_1_1' title="bbox 330 214 1704 270">
    <p class='ocr_par' dir='ltr' id='par_1_1' title="bbox 330 214 1704 270">
     <span class='ocr_line' id='line_1_1' title="bbox 330 214 1704 270; baseline 0.001 -13"><span class='ocrx_word' id='word_1_1' title='bbox 330 214 489 257; x_wconf 70' lang='lat' dir='ltr'>PRoci&#39;zs</span> <span class='ocrx_word' id='word_1_2' title='bbox 530 228 587 257; x_wconf 83' lang='lat' dir='ltr'>DE</span> <span class='ocrx_word' id='word_1_3' title='bbox 628 228 982 258; x_wconf 83' lang='lat' dir='ltr'>CONDAMNATION</span> <span class='ocrx_word' id='word_1_4' title='bbox 1024 228 1080 258; x_wconf 86' lang='lat' dir='ltr'>DE</span> <span class='ocrx_word' id='word_1_5' title='bbox 1112 230 1276 270; x_wconf 75' lang='lat' dir='ltr'>JEANNE</span> <span class='ocrx_word' id='word_1_6' title='bbox 1311 215 1441 259; x_wconf 79' lang='lat' dir='ltr'>D&#39;ARc</span> <span class='ocrx_word' id='word_1_7' title='bbox 1630 219 1704 260; x_wconf 84' lang='lat'>161</span> 
     </span>
    </p>
   </div>
   <div class='ocr_carea' id='block_1_2' title="bbox 54 325 1713 970">
    <p class='ocr_par' dir='ltr' id='par_1_2' title="bbox 54 325 1713 970">
     <span class='ocr_line' id='line_1_2' title="bbox 54 325 1712 381; baseline 0.002 -12"><span class='ocrx_word' id='word_1_8' title='bbox 54 325 260 381; x_wconf 87' lang='lat' dir='ltr'>Johanne</span> <span class='ocrx_word' id='word_1_9' title='bbox 289 327 419 380; x_wconf 71' lang='lat' dir='ltr'>Valde,</span> <span class='ocrx_word' id='word_1_10' title='bbox 451 326 576 371; x_wconf 87' lang='lat' dir='ltr'>fratre</span> <span class='ocrx_word' id='word_1_11' title='bbox 605 325 870 370; x_wconf 88' lang='lat' dir='ltr'>Ysambardo</span> <span class='ocrx_word' id='word_1_12' title='bbox 895 326 946 370; x_wconf 92' lang='lat' dir='ltr'>de</span> <span class='ocrx_word' id='word_1_13' title='bbox 968 328 1106 381; x_wconf 84' lang='lat' dir='ltr'>Petra,</span> <span class='ocrx_word' id='word_1_14' title='bbox 1130 327 1181 371; x_wconf 90' lang='lat' dir='ltr'>de</span> <span class='ocrx_word' id='word_1_15' title='bbox 1197 327 1347 372; x_wconf 80' lang='lat' dir='ltr'>ordine</span> <span class='ocrx_word' id='word_1_16' title='bbox 1372 329 1568 372; x_wconf 84' lang='lat' dir='ltr'>Fratrum</span> <span class='ocrx_word' id='word_1_17' title='bbox 1604 330 1712 372; x_wconf 69' lang='lat' dir='ltr'>Prae-</span> 
     </span>
     <span class='ocr_line' id='line_1_3' title="bbox 55 407 1710 470; baseline 0.002 -18"><span class='ocrx_word' id='word_1_18' title='bbox 55 407 326 463; x_wconf 89' lang='lat' dir='ltr'>dicatorum;</span> <span class='ocrx_word' id='word_1_19' title='bbox 350 409 659 454; x_wconf 77' lang='lat' dir='ltr'>-Guillelmo</span> <span class='ocrx_word' id='word_1_20' title='bbox 686 409 884 454; x_wconf 77' lang='lat' dir='ltr'>Brolbster</span> <span class='ocrx_word' id='word_1_21' title='bbox 910 418 917 434; x_wconf 87' lang='lat'>¹</span> <span class='ocrx_word' id='word_1_22' title='bbox 941 422 982 454; x_wconf 91' lang='lat' dir='ltr'>et</span> <span class='ocrx_word' id='word_1_23' title='bbox 997 410 1197 466; x_wconf 87' lang='lat' dir='ltr'>Johanne</span> <span class='ocrx_word' id='word_1_24' title='bbox 1213 410 1264 454; x_wconf 92' lang='lat' dir='ltr'>de</span> <span class='ocrx_word' id='word_1_25' title='bbox 1285 413 1456 455; x_wconf 77' lang='lat' dir='ltr'>Hanton</span> <span class='ocrx_word' id='word_1_26' title='bbox 1475 419 1504 465; x_wconf 82' lang='lat'>²,</span> <span class='ocrx_word' id='word_1_27' title='bbox 1537 411 1710 470; x_wconf 89' lang='lat' dir='ltr'>presby-</span> 
     </span>
     <span class='ocr_line' id='line_1_4' title="bbox 59 491 1713 551; baseline 0.002 -16"><span class='ocrx_word' id='word_1_28' title='bbox 59 492 180 535; x_wconf 90' lang='lat' dir='ltr'>teris:</span> <span class='ocrx_word' id='word_1_29' title='bbox 201 491 452 550; x_wconf 71' lang='lat' dir='ltr'>saepedictus</span> <span class='ocrx_word' id='word_1_30' title='bbox 469 500 478 524; x_wconf 82' lang='lat'><em>³</em></span> <span class='ocrx_word' id='word_1_31' title='bbox 496 493 717 549; x_wconf 77' lang='lat' dir='ltr'>Joliannes</span> <span class='ocrx_word' id='word_1_32' title='bbox 729 493 780 537; x_wconf 90' lang='lat' dir='ltr'>de</span> <span class='ocrx_word' id='word_1_33' title='bbox 797 494 1002 544; x_wconf 89' lang='lat' dir='ltr'>Estiveto,</span> <span class='ocrx_word' id='word_1_34' title='bbox 1021 494 1294 538; x_wconf 88' lang='lat' dir='ltr'>ecclesiarum</span> <span class='ocrx_word' id='word_1_35' title='bbox 1309 496 1552 551; x_wconf 81' lang='lat' dir='ltr'>Bajocensis</span> <span class='ocrx_word' id='word_1_36' title='bbox 1567 508 1608 539; x_wconf 87' lang='lat' dir='ltr'>et</span> <span class='ocrx_word' id='word_1_37' title='bbox 1620 495 1713 539; x_wconf 88' lang='lat' dir='ltr'>Bel-</span> 
     </span>
     <span class='ocr_line' id='line_1_5' title="bbox 59 576 1712 636; baseline 0.002 -18"><span class='ocrx_word' id='word_1_38' title='bbox 59 576 248 619; x_wconf 85' lang='lat' dir='ltr'>vacensis</span> <span class='ocrx_word' id='word_1_39' title='bbox 274 577 521 629; x_wconf 89' lang='lat' dir='ltr'>canonicus,</span> <span class='ocrx_word' id='word_1_40' title='bbox 541 589 769 634; x_wconf 90' lang='lat' dir='ltr'>promotor</span> <span class='ocrx_word' id='word_1_41' title='bbox 792 577 834 620; x_wconf 91' lang='lat' dir='ltr'>in</span> <span class='ocrx_word' id='word_1_42' title='bbox 859 576 935 620; x_wconf 84' lang='lat' dir='ltr'>bac</span> <span class='ocrx_word' id='word_1_43' title='bbox 957 593 1079 620; x_wconf 87' lang='lat' dir='ltr'>causa</span> <span class='ocrx_word' id='word_1_44' title='bbox 1101 593 1123 620; x_wconf 88' lang='lat' dir='ltr'>a</span> <span class='ocrx_word' id='word_1_45' title='bbox 1140 577 1291 621; x_wconf 68' lang='lat' dir='ltr'>nobis4</span> <span class='ocrx_word' id='word_1_46' title='bbox 1313 577 1558 636; x_wconf 87' lang='lat' dir='ltr'>deputatus,</span> <span class='ocrx_word' id='word_1_47' title='bbox 1588 595 1712 622; x_wconf 89' lang='lat' dir='ltr'>com-</span> 
     </span>
     <span class='ocr_line' id='line_1_6' title="bbox 61 658 1711 718; baseline 0.002 -17"><span class='ocrx_word' id='word_1_48' title='bbox 61 674 209 717; x_wconf 85' lang='lat' dir='ltr'>parens</span> <span class='ocrx_word' id='word_1_49' title='bbox 234 660 275 702; x_wconf 92' lang='lat' dir='ltr'>in</span> <span class='ocrx_word' id='word_1_50' title='bbox 303 658 465 715; x_wconf 88' lang='lat' dir='ltr'>judicio</span> <span class='ocrx_word' id='word_1_51' title='bbox 510 676 657 703; x_wconf 87' lang='lat' dir='ltr'>coram</span> <span class='ocrx_word' id='word_1_52' title='bbox 704 659 846 714; x_wconf 91' lang='lat' dir='ltr'>nobis,</span> <span class='ocrx_word' id='word_1_53' title='bbox 892 662 937 703; x_wconf 91' lang='lat' dir='ltr'>in</span> <span class='ocrx_word' id='word_1_54' title='bbox 967 662 1191 718; x_wconf 65' lang='lat' dir='ltr'>praesentia</span> <span class='ocrx_word' id='word_1_55' title='bbox 1235 661 1359 706; x_wconf 81' lang='lat' dir='ltr'>dictae</span> <span class='ocrx_word' id='word_1_56' title='bbox 1406 662 1632 718; x_wconf 78' lang='lat' dir='ltr'>Johannae,</span> <span class='ocrx_word' id='word_1_57' title='bbox 1667 663 1711 705; x_wconf 90' lang='lat' dir='ltr'>in</span> 
     </span>
     <span class='ocr_line' id='line_1_7' title="bbox 62 741 1712 804; baseline 0.002 -19"><span class='ocrx_word' id='word_1_58' title='bbox 62 741 218 786; x_wconf 89' lang='lat' dir='ltr'>eodem</span> <span class='ocrx_word' id='word_1_59' title='bbox 244 742 338 786; x_wconf 89' lang='lat' dir='ltr'>loco</span> <span class='ocrx_word' id='word_1_60' title='bbox 384 758 527 787; x_wconf 88' lang='lat' dir='ltr'>coram</span> <span class='ocrx_word' id='word_1_61' title='bbox 579 744 702 787; x_wconf 91' lang='lat' dir='ltr'>nobis</span> <span class='ocrx_word' id='word_1_62' title='bbox 741 743 952 798; x_wconf 78' lang='lat' dir='ltr'>adductae,</span> <span class='ocrx_word' id='word_1_63' title='bbox 991 744 1227 803; x_wconf 87' lang='lat' dir='ltr'>quamdam</span> <span class='ocrx_word' id='word_1_64' title='bbox 1273 745 1634 804; x_wconf 82' lang='lat' dir='ltr'>supplicationem</span> <span class='ocrx_word' id='word_1_65' title='bbox 1671 759 1712 789; x_wconf 93' lang='lat' dir='ltr'>et</span> 
     </span>
     <span class='ocr_line' id='line_1_8' title="bbox 67 826 1710 885; baseline 0.003 -17"><span class='ocrx_word' id='word_1_66' title='bbox 67 837 309 883; x_wconf 83' lang='lat' dir='ltr'>requestam</span> <span class='ocrx_word' id='word_1_67' title='bbox 357 829 581 884; x_wconf 81' lang='lat' dir='ltr'>proposuit</span> <span class='ocrx_word' id='word_1_68' title='bbox 622 826 763 871; x_wconf 77' lang='lat' dir='ltr'>verbis</span> <span class='ocrx_word' id='word_1_69' title='bbox 797 828 973 885; x_wconf 84' lang='lat' dir='ltr'>gallicis,</span> <span class='ocrx_word' id='word_1_70' title='bbox 1021 829 1143 884; x_wconf 87' lang='lat' dir='ltr'>cujus</span> <span class='ocrx_word' id='word_1_71' title='bbox 1191 841 1330 882; x_wconf 87' lang='lat' dir='ltr'>tenor,</span> <span class='ocrx_word' id='word_1_72' title='bbox 1384 830 1609 873; x_wconf 85' lang='lat' dir='ltr'>translatus</span> <span class='ocrx_word' id='word_1_73' title='bbox 1666 831 1710 873; x_wconf 89' lang='lat' dir='ltr'>in</span> 
     </span>
     <span class='ocr_line' id='line_1_9' title="bbox 66 908 1081 970; baseline 0.003 -18"><span class='ocrx_word' id='word_1_74' title='bbox 66 909 272 963; x_wconf 84' lang='lat' dir='ltr'>latinum,</span> <span class='ocrx_word' id='word_1_75' title='bbox 299 908 352 953; x_wconf 94' lang='lat' dir='ltr'>de</span> <span class='ocrx_word' id='word_1_76' title='bbox 380 909 510 954; x_wconf 83' lang='lat' dir='ltr'>verbo</span> <span class='ocrx_word' id='word_1_77' title='bbox 538 910 589 954; x_wconf 89' lang='lat' dir='ltr'>ad</span> <span class='ocrx_word' id='word_1_78' title='bbox 616 911 796 955; x_wconf 81' lang='lat' dir='ltr'>verbum</span> <span class='ocrx_word' id='word_1_79' title='bbox 820 912 1016 970; x_wconf 85' lang='lat' dir='ltr'>sequitur</span> <span class='ocrx_word' id='word_1_80' title='bbox 1044 920 1052 945; x_wconf 71' lang='lat'>5</span> <span class='ocrx_word' id='word_1_81' title='bbox 1074 929 1081 955; x_wconf 91' lang='lat'>:</span> 
     </span>
    </p>
   </div>
   <div class='ocr_carea' id='block_1_3' title="bbox 60 1122 1718 2896">
    <p class='ocr_par' dir='ltr' id='par_1_3' title="bbox 60 1122 1718 2896">
     <span class='ocr_line' id='line_1_10' title="bbox 117 1122 1709 1178; baseline 0.003 -19"><span class='ocrx_word' id='word_1_82' title='bbox 117 1137 135 1157; x_wconf 85' lang='lat'>«</span> <span class='ocrx_word' id='word_1_83' title='bbox 170 1122 336 1160; x_wconf 81' lang='lat' dir='ltr'>Domini</span> <span class='ocrx_word' id='word_1_84' title='bbox 357 1122 434 1160; x_wconf 90' lang='lat' dir='ltr'>mei</span> <span class='ocrx_word' id='word_1_85' title='bbox 456 1124 486 1170; x_wconf 76' lang='lat'>6,</span> <span class='ocrx_word' id='word_1_86' title='bbox 512 1122 727 1161; x_wconf 76' lang='lat' dir='ltr'>reverende</span> <span class='ocrx_word' id='word_1_87' title='bbox 746 1132 856 1176; x_wconf 89' lang='lat' dir='ltr'>pater</span> <span class='ocrx_word' id='word_1_88' title='bbox 874 1123 914 1162; x_wconf 92' lang='lat' dir='ltr'>in</span> <span class='ocrx_word' id='word_1_89' title='bbox 946 1123 1122 1170; x_wconf 83' lang='lat' dir='ltr'>Christo,</span> <span class='ocrx_word' id='word_1_90' title='bbox 1149 1133 1187 1162; x_wconf 92' lang='lat' dir='ltr'>et</span> <span class='ocrx_word' id='word_1_91' title='bbox 1214 1138 1301 1172; x_wconf 83' lang='lat' dir='ltr'>vos,</span> <span class='ocrx_word' id='word_1_92' title='bbox 1330 1125 1489 1172; x_wconf 83' lang='lat' dir='ltr'>vicarie,</span> <span class='ocrx_word' id='word_1_93' title='bbox 1515 1134 1709 1178; x_wconf 87' lang='lat' dir='ltr'>quantum</span> 
     </span>
     <span class='ocr_line' id='line_1_11' title="bbox 60 1193 1712 1249; baseline 0.002 -18"><span class='ocrx_word' id='word_1_94' title='bbox 60 1193 109 1232; x_wconf 91' lang='lat' dir='ltr'>ad</span> <span class='ocrx_word' id='word_1_95' title='bbox 132 1193 235 1232; x_wconf 89' lang='lat' dir='ltr'>istud</span> <span class='ocrx_word' id='word_1_96' title='bbox 258 1193 509 1247; x_wconf 83' lang='lat' dir='ltr'>singulariter</span> <span class='ocrx_word' id='word_1_97' title='bbox 532 1195 748 1233; x_wconf 79' lang='lat' dir='ltr'><strong>commisse</strong></span> <span class='ocrx_word' id='word_1_98' title='bbox 777 1208 797 1233; x_wconf 86' lang='lat' dir='ltr'>a</span> <span class='ocrx_word' id='word_1_99' title='bbox 828 1195 996 1234; x_wconf 90' lang='lat' dir='ltr'>domino</span> <span class='ocrx_word' id='word_1_100' title='bbox 1028 1196 1267 1249; x_wconf 89' lang='lat' dir='ltr'>Inquisitore</span> <span class='ocrx_word' id='word_1_101' title='bbox 1293 1195 1537 1235; x_wconf 75' lang='lat' dir='ltr'>deviantium</span> <span class='ocrx_word' id='word_1_102' title='bbox 1562 1197 1600 1234; x_wconf 85' lang='lat' dir='ltr'>in</span> <span class='ocrx_word' id='word_1_103' title='bbox 1635 1196 1712 1235; x_wconf 89' lang='lat' dir='ltr'>fide</span> 
     </span>
     <span class='ocr_line' id='line_1_12' title="bbox 62 1264 1712 1321; baseline 0.002 -18"><span class='ocrx_word' id='word_1_104' title='bbox 62 1264 271 1313; x_wconf 87' lang='lat' dir='ltr'>catholica,</span> <span class='ocrx_word' id='word_1_105' title='bbox 298 1265 473 1304; x_wconf 88' lang='lat' dir='ltr'>stabilito</span> <span class='ocrx_word' id='word_1_106' title='bbox 496 1274 534 1304; x_wconf 89' lang='lat' dir='ltr'>et</span> <span class='ocrx_word' id='word_1_107' title='bbox 557 1266 748 1319; x_wconf 84' lang='lat' dir='ltr'>deputato</span> <span class='ocrx_word' id='word_1_108' title='bbox 786 1280 855 1319; x_wconf 89' lang='lat' dir='ltr'>per</span> <span class='ocrx_word' id='word_1_109' title='bbox 891 1276 1021 1306; x_wconf 85' lang='lat' dir='ltr'>totum</span> <span class='ocrx_word' id='word_1_110' title='bbox 1054 1281 1224 1319; x_wconf 81' lang='lat' dir='ltr'>regnum</span> <span class='ocrx_word' id='word_1_111' title='bbox 1257 1268 1457 1306; x_wconf 82' lang='lat' dir='ltr'>Franciae:</span> <span class='ocrx_word' id='word_1_112' title='bbox 1501 1282 1592 1321; x_wconf 86' lang='lat' dir='ltr'>ego,</span> <span class='ocrx_word' id='word_1_113' title='bbox 1621 1282 1712 1321; x_wconf 92' lang='lat' dir='ltr'>pro-</span> 
     </span>
     <span class='ocr_line' id='line_1_13' title="bbox 63 1337 1712 1393; baseline 0.002 -18"><span class='ocrx_word' id='word_1_114' title='bbox 63 1345 196 1376; x_wconf 89' lang='lat' dir='ltr'>motor</span> <span class='ocrx_word' id='word_1_115' title='bbox 217 1350 262 1375; x_wconf 88' lang='lat' dir='ltr'>ex</span> <span class='ocrx_word' id='word_1_116' title='bbox 286 1346 395 1390; x_wconf 89' lang='lat' dir='ltr'>parte</span> <span class='ocrx_word' id='word_1_117' title='bbox 420 1337 539 1376; x_wconf 79' lang='lat' dir='ltr'>vestri</span> <span class='ocrx_word' id='word_1_118' title='bbox 560 1339 802 1377; x_wconf 87' lang='lat' dir='ltr'>commissus</span> <span class='ocrx_word' id='word_1_119' title='bbox 824 1348 862 1377; x_wconf 84' lang='lat' dir='ltr'>et</span> <span class='ocrx_word' id='word_1_120' title='bbox 886 1338 1091 1378; x_wconf 84' lang='lat' dir='ltr'>ordinatus</span> <span class='ocrx_word' id='word_1_121' title='bbox 1113 1348 1128 1374; x_wconf 93' lang='lat'>7</span> <span class='ocrx_word' id='word_1_122' title='bbox 1151 1339 1190 1377; x_wconf 93' lang='lat' dir='ltr'>in</span> <span class='ocrx_word' id='word_1_123' title='bbox 1216 1339 1289 1378; x_wconf 89' lang='lat' dir='ltr'>hac</span> <span class='ocrx_word' id='word_1_124' title='bbox 1311 1353 1442 1387; x_wconf 87' lang='lat' dir='ltr'>causa,</span> <span class='ocrx_word' id='word_1_125' title='bbox 1468 1349 1557 1393; x_wconf 91' lang='lat' dir='ltr'>post</span> <span class='ocrx_word' id='word_1_126' title='bbox 1588 1349 1712 1378; x_wconf 89' lang='lat' dir='ltr'>certas</span> 
     </span>
     <span class='ocr_line' id='line_1_14' title="bbox 64 1406 1710 1464; baseline 0.003 -18"><span class='ocrx_word' id='word_1_127' title='bbox 64 1406 370 1447; x_wconf 82' lang='lat' dir='ltr'>informationes</span> <span class='ocrx_word' id='word_1_128' title='bbox 395 1418 432 1448; x_wconf 89' lang='lat' dir='ltr'>et</span> <span class='ocrx_word' id='word_1_129' title='bbox 453 1409 801 1462; x_wconf 83' lang='lat' dir='ltr'>interrogationes,</span> <span class='ocrx_word' id='word_1_130' title='bbox 827 1424 894 1463; x_wconf 91' lang='lat' dir='ltr'>per</span> <span class='ocrx_word' id='word_1_131' title='bbox 914 1424 986 1449; x_wconf 87' lang='lat' dir='ltr'>vos</span> <span class='ocrx_word' id='word_1_132' title='bbox 1014 1420 1052 1449; x_wconf 93' lang='lat' dir='ltr'>et</span> <span class='ocrx_word' id='word_1_133' title='bbox 1073 1424 1117 1449; x_wconf 82' lang='lat' dir='ltr'>ex</span> <span class='ocrx_word' id='word_1_134' title='bbox 1145 1420 1254 1464; x_wconf 86' lang='lat' dir='ltr'>parte</span> <span class='ocrx_word' id='word_1_135' title='bbox 1284 1413 1403 1450; x_wconf 80' lang='lat' dir='ltr'>vestri</span> <span class='ocrx_word' id='word_1_136' title='bbox 1434 1411 1567 1460; x_wconf 86' lang='lat' dir='ltr'>factas,</span> <span class='ocrx_word' id='word_1_137' title='bbox 1606 1412 1710 1460; x_wconf 90' lang='lat' dir='ltr'>dico,</span> 
     </span>
     <span class='ocr_line' id='line_1_15' title="bbox 64 1479 1714 1536; baseline 0.003 -18"><span class='ocrx_word' id='word_1_138' title='bbox 64 1479 221 1519; x_wconf 86' lang='lat' dir='ltr'>affirmo</span> <span class='ocrx_word' id='word_1_139' title='bbox 261 1490 299 1519; x_wconf 93' lang='lat' dir='ltr'>et</span> <span class='ocrx_word' id='word_1_140' title='bbox 329 1494 515 1534; x_wconf 83' lang='lat' dir='ltr'>propono</span> <span class='ocrx_word' id='word_1_141' title='bbox 538 1481 767 1530; x_wconf 87' lang='lat' dir='ltr'>Johannam</span> <span class='ocrx_word' id='word_1_142' title='bbox 800 1482 864 1521; x_wconf 92' lang='lat' dir='ltr'>hic</span> <span class='ocrx_word' id='word_1_143' title='bbox 889 1492 1127 1535; x_wconf 70' lang='lat' dir='ltr'>praesentem</span> <span class='ocrx_word' id='word_1_144' title='bbox 1162 1492 1200 1522; x_wconf 90' lang='lat' dir='ltr'>et</span> <span class='ocrx_word' id='word_1_145' title='bbox 1229 1483 1415 1532; x_wconf 79' lang='lat' dir='ltr'>delatam,</span> <span class='ocrx_word' id='word_1_146' title='bbox 1444 1497 1515 1536; x_wconf 90' lang='lat' dir='ltr'>pro</span> <span class='ocrx_word' id='word_1_147' title='bbox 1549 1497 1714 1536; x_wconf 88' lang='lat' dir='ltr'>respon-</span> 
     </span>
     <span class='ocr_line' id='line_1_16' title="bbox 65 1551 1709 1609; baseline 0.003 -20"><span class='ocrx_word' id='word_1_148' title='bbox 65 1551 199 1590; x_wconf 88' lang='lat' dir='ltr'>dendo</span> <span class='ocrx_word' id='word_1_149' title='bbox 222 1551 320 1590; x_wconf 91' lang='lat' dir='ltr'>illud</span> <span class='ocrx_word' id='word_1_150' title='bbox 342 1553 451 1605; x_wconf 91' lang='lat' dir='ltr'>quod</span> <span class='ocrx_word' id='word_1_151' title='bbox 465 1552 511 1591; x_wconf 88' lang='lat' dir='ltr'>ab</span> <span class='ocrx_word' id='word_1_152' title='bbox 533 1566 577 1591; x_wconf 91' lang='lat' dir='ltr'>ea</span> <span class='ocrx_word' id='word_1_153' title='bbox 598 1553 765 1592; x_wconf 82' lang='lat' dir='ltr'>voluero</span> <span class='ocrx_word' id='word_1_154' title='bbox 780 1563 926 1607; x_wconf 85' lang='lat' dir='ltr'>petere,</span> <span class='ocrx_word' id='word_1_155' title='bbox 955 1554 1085 1593; x_wconf 84' lang='lat' dir='ltr'>dicere</span> <span class='ocrx_word' id='word_1_156' title='bbox 1099 1564 1136 1593; x_wconf 88' lang='lat' dir='ltr'>et</span> <span class='ocrx_word' id='word_1_157' title='bbox 1154 1568 1382 1607; x_wconf 89' lang='lat' dir='ltr'>proponere</span> <span class='ocrx_word' id='word_1_158' title='bbox 1403 1565 1540 1594; x_wconf 87' lang='lat' dir='ltr'>contra</span> <span class='ocrx_word' id='word_1_159' title='bbox 1566 1556 1709 1609; x_wconf 83' lang='lat' dir='ltr'>ipsam,</span> 
     </span>
     <span class='ocr_line' id='line_1_17' title="bbox 63 1625 1711 1680; baseline 0.003 -19"><span class='ocrx_word' id='word_1_160' title='bbox 63 1632 230 1676; x_wconf 86' lang='lat' dir='ltr'>tangens</span> <span class='ocrx_word' id='word_1_161' title='bbox 258 1633 295 1662; x_wconf 89' lang='lat' dir='ltr'>et</span> <span class='ocrx_word' id='word_1_162' title='bbox 317 1637 564 1663; x_wconf 88' lang='lat' dir='ltr'>concernens</span> <span class='ocrx_word' id='word_1_163' title='bbox 589 1625 820 1678; x_wconf 68' lang='lat' dir='ltr'>praedictam</span> <span class='ocrx_word' id='word_1_164' title='bbox 839 1625 960 1664; x_wconf 92' lang='lat' dir='ltr'>fidem</span> <span class='ocrx_word' id='word_1_165' title='bbox 984 1641 992 1674; x_wconf 83' lang='lat'>3</span> <span class='ocrx_word' id='word_1_166' title='bbox 1019 1635 1057 1664; x_wconf 93' lang='lat' dir='ltr'>et</span> <span class='ocrx_word' id='word_1_167' title='bbox 1078 1626 1243 1665; x_wconf 89' lang='lat' dir='ltr'>intendo</span> <span class='ocrx_word' id='word_1_168' title='bbox 1266 1626 1448 1679; x_wconf 85' lang='lat' dir='ltr'>probare,</span> <span class='ocrx_word' id='word_1_169' title='bbox 1473 1628 1504 1665; x_wconf 92' lang='lat' dir='ltr'>si</span> <span class='ocrx_word' id='word_1_170' title='bbox 1527 1641 1630 1680; x_wconf 89' lang='lat' dir='ltr'>opus</span> <span class='ocrx_word' id='word_1_171' title='bbox 1647 1629 1711 1675; x_wconf 91' lang='lat' dir='ltr'>sit,</span> 
     </span>
     <span class='ocr_line' id='line_1_18' title="bbox 65 1696 1713 1753; baseline 0.003 -20"><span class='ocrx_word' id='word_1_172' title='bbox 65 1709 134 1748; x_wconf 91' lang='lat' dir='ltr'>per</span> <span class='ocrx_word' id='word_1_173' title='bbox 158 1696 464 1749; x_wconf 88' lang='lat' dir='ltr'>protestationes</span> <span class='ocrx_word' id='word_1_174' title='bbox 487 1706 526 1735; x_wconf 91' lang='lat' dir='ltr'>et</span> <span class='ocrx_word' id='word_1_175' title='bbox 549 1696 622 1735; x_wconf 90' lang='lat' dir='ltr'>sub</span> <span class='ocrx_word' id='word_1_176' title='bbox 640 1697 1010 1750; x_wconf 85' lang='lat' dir='ltr'>protestationibus,</span> <span class='ocrx_word' id='word_1_177' title='bbox 1031 1707 1068 1736; x_wconf 91' lang='lat' dir='ltr'>et</span> <span class='ocrx_word' id='word_1_178' title='bbox 1090 1698 1136 1737; x_wconf 87' lang='lat' dir='ltr'>ad</span> <span class='ocrx_word' id='word_1_179' title='bbox 1152 1697 1251 1737; x_wconf 89' lang='lat' dir='ltr'>fines</span> <span class='ocrx_word' id='word_1_180' title='bbox 1267 1708 1304 1737; x_wconf 91' lang='lat' dir='ltr'>et</span> <span class='ocrx_word' id='word_1_181' title='bbox 1322 1699 1606 1738; x_wconf 90' lang='lat' dir='ltr'>conclusiones</span> <span class='ocrx_word' id='word_1_182' title='bbox 1631 1699 1713 1753; x_wconf 93' lang='lat' dir='ltr'>ple-</span> 
     </span>
     <span class='ocr_line' id='line_1_19' title="bbox 63 1766 1708 1824; baseline 0.003 -19"><span class='ocrx_word' id='word_1_183' title='bbox 63 1767 151 1805; x_wconf 89' lang='lat' dir='ltr'>nius</span> <span class='ocrx_word' id='word_1_184' title='bbox 182 1766 395 1806; x_wconf 84' lang='lat' dir='ltr'>declaratas</span> <span class='ocrx_word' id='word_1_185' title='bbox 427 1768 466 1806; x_wconf 90' lang='lat' dir='ltr'>in</span> <span class='ocrx_word' id='word_1_186' title='bbox 509 1768 650 1807; x_wconf 91' lang='lat' dir='ltr'>codice</span> <span class='ocrx_word' id='word_1_187' title='bbox 686 1782 807 1822; x_wconf 90' lang='lat' dir='ltr'>quem</span> <span class='ocrx_word' id='word_1_188' title='bbox 847 1783 978 1808; x_wconf 90' lang='lat' dir='ltr'>coram</span> <span class='ocrx_word' id='word_1_189' title='bbox 1022 1769 1152 1819; x_wconf 77' lang='lat' dir='ltr'>vobis,</span> <span class='ocrx_word' id='word_1_190' title='bbox 1176 1770 1374 1823; x_wconf 83' lang='lat' dir='ltr'>judicibus</span> <span class='ocrx_word' id='word_1_191' title='bbox 1409 1772 1448 1809; x_wconf 90' lang='lat' dir='ltr'>in</span> <span class='ocrx_word' id='word_1_192' title='bbox 1483 1772 1555 1810; x_wconf 87' lang='lat' dir='ltr'>hac</span> <span class='ocrx_word' id='word_1_193' title='bbox 1583 1781 1708 1824; x_wconf 87' lang='lat' dir='ltr'>parte,</span> 
     </span>
     <span class='ocr_line' id='line_1_20' title="bbox 63 1838 1712 1894; baseline 0.003 -17"><span class='ocrx_word' id='word_1_194' title='bbox 63 1838 232 1878; x_wconf 82' lang='lat' dir='ltr'>exhibeo</span> <span class='ocrx_word' id='word_1_195' title='bbox 251 1849 287 1878; x_wconf 91' lang='lat' dir='ltr'>et</span> <span class='ocrx_word' id='word_1_196' title='bbox 308 1839 435 1886; x_wconf 87' lang='lat' dir='ltr'>trado,</span> <span class='ocrx_word' id='word_1_197' title='bbox 457 1849 593 1879; x_wconf 83' lang='lat' dir='ltr'>contra</span> <span class='ocrx_word' id='word_1_198' title='bbox 615 1840 763 1880; x_wconf 86' lang='lat' dir='ltr'>dictam</span> <span class='ocrx_word' id='word_1_199' title='bbox 782 1841 1025 1890; x_wconf 86' lang='lat' dir='ltr'>Johannam,</span> <span class='ocrx_word' id='word_1_200' title='bbox 1044 1841 1158 1889; x_wconf 87' lang='lat' dir='ltr'>facta,</span> <span class='ocrx_word' id='word_1_201' title='bbox 1176 1843 1261 1894; x_wconf 87' lang='lat' dir='ltr'>jura</span> <span class='ocrx_word' id='word_1_202' title='bbox 1279 1853 1316 1881; x_wconf 87' lang='lat' dir='ltr'>et</span> <span class='ocrx_word' id='word_1_203' title='bbox 1336 1843 1508 1882; x_wconf 85' lang='lat' dir='ltr'>rationes</span> <span class='ocrx_word' id='word_1_204' title='bbox 1539 1843 1712 1882; x_wconf 87' lang='lat' dir='ltr'>declara-</span> 
     </span>
     <span class='ocr_line' id='line_1_21' title="bbox 62 1911 1714 1968; baseline 0.003 -19"><span class='ocrx_word' id='word_1_205' title='bbox 62 1920 118 1949; x_wconf 89' lang='lat' dir='ltr'>tas</span> <span class='ocrx_word' id='word_1_206' title='bbox 140 1921 177 1949; x_wconf 92' lang='lat' dir='ltr'>et</span> <span class='ocrx_word' id='word_1_207' title='bbox 199 1921 407 1950; x_wconf 88' lang='lat' dir='ltr'>contentas</span> <span class='ocrx_word' id='word_1_208' title='bbox 430 1912 470 1950; x_wconf 85' lang='lat' dir='ltr'>in</span> <span class='ocrx_word' id='word_1_209' title='bbox 492 1911 668 1951; x_wconf 84' lang='lat' dir='ltr'>articulis</span> <span class='ocrx_word' id='word_1_210' title='bbox 686 1913 841 1965; x_wconf 91' lang='lat' dir='ltr'>scriptis</span> <span class='ocrx_word' id='word_1_211' title='bbox 863 1922 901 1952; x_wconf 88' lang='lat' dir='ltr'>et</span> <span class='ocrx_word' id='word_1_212' title='bbox 925 1913 1162 1966; x_wconf 87' lang='lat' dir='ltr'>specificatis</span> <span class='ocrx_word' id='word_1_213' title='bbox 1184 1914 1223 1952; x_wconf 92' lang='lat' dir='ltr'>in</span> <span class='ocrx_word' id='word_1_214' title='bbox 1249 1915 1337 1967; x_wconf 89' lang='lat' dir='ltr'>ipso</span> <span class='ocrx_word' id='word_1_215' title='bbox 1362 1915 1515 1954; x_wconf 90' lang='lat' dir='ltr'>codice.</span> <span class='ocrx_word' id='word_1_216' title='bbox 1547 1917 1595 1954; x_wconf 88' lang='lat' dir='ltr'>Et</span> <span class='ocrx_word' id='word_1_217' title='bbox 1621 1929 1714 1968; x_wconf 90' lang='lat' dir='ltr'>sup-</span> 
     </span>
     <span class='ocr_line' id='line_1_22' title="bbox 62 1981 1714 2038; baseline 0.004 -18"><span class='ocrx_word' id='word_1_218' title='bbox 62 1981 168 2034; x_wconf 88' lang='lat' dir='ltr'>plico</span> <span class='ocrx_word' id='word_1_219' title='bbox 194 1982 307 2021; x_wconf 88' lang='lat' dir='ltr'>vobis</span> <span class='ocrx_word' id='word_1_220' title='bbox 326 1993 363 2021; x_wconf 92' lang='lat' dir='ltr'>et</span> <span class='ocrx_word' id='word_1_221' title='bbox 385 1984 545 2036; x_wconf 87' lang='lat' dir='ltr'>requiro</span> <span class='ocrx_word' id='word_1_222' title='bbox 568 1993 764 2037; x_wconf 85' lang='lat' dir='ltr'>quatenus</span> <span class='ocrx_word' id='word_1_223' title='bbox 794 1983 944 2023; x_wconf 83' lang='lat' dir='ltr'>faciatis</span> <span class='ocrx_word' id='word_1_224' title='bbox 970 1986 1096 2038; x_wconf 85' lang='lat' dir='ltr'>ipsam</span> <span class='ocrx_word' id='word_1_225' title='bbox 1126 1986 1352 2034; x_wconf 88' lang='lat' dir='ltr'>Johannam</span> <span class='ocrx_word' id='word_1_226' title='bbox 1394 1988 1519 2035; x_wconf 75' lang='lat' dir='ltr'>iurare</span> <span class='ocrx_word' id='word_1_227' title='bbox 1541 1997 1578 2026; x_wconf 93' lang='lat' dir='ltr'>et</span> <span class='ocrx_word' id='word_1_228' title='bbox 1612 1986 1714 2026; x_wconf 89' lang='lat' dir='ltr'>affir—</span> 
     </span>
     <span class='ocr_line' id='line_1_23' title="bbox 63 2054 1714 2113; baseline 0.004 -21"><span class='ocrx_word' id='word_1_229' title='bbox 63 2067 168 2093; x_wconf 88' lang='lat' dir='ltr'>mare</span> <span class='ocrx_word' id='word_1_230' title='bbox 189 2054 296 2107; x_wconf 89' lang='lat' dir='ltr'>quod</span> <span class='ocrx_word' id='word_1_231' title='bbox 322 2055 406 2107; x_wconf 88' lang='lat' dir='ltr'>ipsa</span> <span class='ocrx_word' id='word_1_232' title='bbox 428 2055 688 2108; x_wconf 86' lang='lat' dir='ltr'>respondebit</span> <span class='ocrx_word' id='word_1_233' title='bbox 705 2055 752 2094; x_wconf 91' lang='lat' dir='ltr'>ad</span> <span class='ocrx_word' id='word_1_234' title='bbox 785 2065 971 2095; x_wconf 86' lang='lat' dir='ltr'>contenta</span> <span class='ocrx_word' id='word_1_235' title='bbox 1005 2057 1044 2095; x_wconf 90' lang='lat' dir='ltr'>in</span> <span class='ocrx_word' id='word_1_236' title='bbox 1067 2057 1182 2096; x_wconf 89' lang='lat' dir='ltr'>dictis</span> <span class='ocrx_word' id='word_1_237' title='bbox 1205 2058 1378 2097; x_wconf 80' lang='lat' dir='ltr'>articulis</span> <span class='ocrx_word' id='word_1_238' title='bbox 1407 2068 1444 2098; x_wconf 84' lang='lat' dir='ltr'>et</span> <span class='ocrx_word' id='word_1_239' title='bbox 1465 2060 1506 2097; x_wconf 88' lang='lat' dir='ltr'>in</span> <span class='ocrx_word' id='word_1_240' title='bbox 1531 2059 1714 2113; x_wconf 89' lang='lat' dir='ltr'>quolibet</span> 
     </span>
     <span class='ocr_line' id='line_1_24' title="bbox 63 2126 1711 2185; baseline 0.004 -21"><span class='ocrx_word' id='word_1_241' title='bbox 63 2139 202 2165; x_wconf 91' lang='lat' dir='ltr'>eorum</span> <span class='ocrx_word' id='word_1_242' title='bbox 228 2126 531 2179; x_wconf 81' lang='lat' dir='ltr'>particulariter,</span> <span class='ocrx_word' id='word_1_243' title='bbox 553 2141 623 2180; x_wconf 90' lang='lat' dir='ltr'>per</span> <span class='ocrx_word' id='word_1_244' title='bbox 644 2128 721 2166; x_wconf 91' lang='lat' dir='ltr'>hoc</span> <span class='ocrx_word' id='word_1_245' title='bbox 742 2128 849 2181; x_wconf 92' lang='lat' dir='ltr'>quod</span> <span class='ocrx_word' id='word_1_246' title='bbox 875 2128 999 2167; x_wconf 86' lang='lat' dir='ltr'>credit</span> <span class='ocrx_word' id='word_1_247' title='bbox 1020 2138 1086 2167; x_wconf 90' lang='lat' dir='ltr'>aut</span> <span class='ocrx_word' id='word_1_248' title='bbox 1106 2143 1186 2168; x_wconf 89' lang='lat' dir='ltr'>non</span> <span class='ocrx_word' id='word_1_249' title='bbox 1206 2130 1331 2169; x_wconf 91' lang='lat' dir='ltr'>credit</span> <span class='ocrx_word' id='word_1_250' title='bbox 1352 2145 1360 2177; x_wconf 90' lang='lat'>;</span> <span class='ocrx_word' id='word_1_251' title='bbox 1388 2141 1425 2169; x_wconf 90' lang='lat' dir='ltr'>et</span> <span class='ocrx_word' id='word_1_252' title='bbox 1445 2131 1484 2169; x_wconf 88' lang='lat' dir='ltr'>in</span> <span class='ocrx_word' id='word_1_253' title='bbox 1514 2145 1606 2170; x_wconf 87' lang='lat' dir='ltr'>casu</span> <span class='ocrx_word' id='word_1_254' title='bbox 1631 2145 1711 2185; x_wconf 88' lang='lat' dir='ltr'>quo</span> 
     </span>
     <span class='ocr_line' id='line_1_25' title="bbox 62 2197 1714 2257; baseline 0.005 -22"><span class='ocrx_word' id='word_1_255' title='bbox 62 2198 187 2249; x_wconf 86' lang='lat' dir='ltr'>jurare</span> <span class='ocrx_word' id='word_1_256' title='bbox 216 2208 253 2236; x_wconf 86' lang='lat' dir='ltr'>et</span> <span class='ocrx_word' id='word_1_257' title='bbox 277 2197 472 2237; x_wconf 83' lang='lat' dir='ltr'>affirmare</span> <span class='ocrx_word' id='word_1_258' title='bbox 507 2198 632 2246; x_wconf 87' lang='lat' dir='ltr'>nolet,</span> <span class='ocrx_word' id='word_1_259' title='bbox 663 2199 874 2247; x_wconf 87' lang='lat' dir='ltr'>recusabit,</span> <span class='ocrx_word' id='word_1_260' title='bbox 898 2210 963 2238; x_wconf 82' lang='lat' dir='ltr'>aut</span> <span class='ocrx_word' id='word_1_261' title='bbox 985 2200 1073 2253; x_wconf 83' lang='lat' dir='ltr'>plus</span> <span class='ocrx_word' id='word_1_262' title='bbox 1105 2215 1224 2254; x_wconf 89' lang='lat' dir='ltr'>quam</span> <span class='ocrx_word' id='word_1_263' title='bbox 1259 2202 1371 2241; x_wconf 91' lang='lat' dir='ltr'>decet</span> <span class='ocrx_word' id='word_1_264' title='bbox 1406 2203 1574 2251; x_wconf 83' lang='lat' dir='ltr'>differet,</span> <span class='ocrx_word' id='word_1_265' title='bbox 1607 2214 1714 2257; x_wconf 86' lang='lat' dir='ltr'>post-</span> 
     </span>
     <span class='ocr_line' id='line_1_26' title="bbox 65 2269 1712 2327; baseline 0.004 -20"><span class='ocrx_word' id='word_1_266' title='bbox 65 2282 184 2322; x_wconf 88' lang='lat' dir='ltr'>quam</span> <span class='ocrx_word' id='word_1_267' title='bbox 208 2270 311 2308; x_wconf 88' lang='lat' dir='ltr'>istud</span> <span class='ocrx_word' id='word_1_268' title='bbox 332 2269 460 2308; x_wconf 88' lang='lat' dir='ltr'>facere</span> <span class='ocrx_word' id='word_1_269' title='bbox 486 2270 560 2308; x_wconf 90' lang='lat' dir='ltr'>sibi</span> <span class='ocrx_word' id='word_1_270' title='bbox 586 2271 855 2323; x_wconf 62' lang='lat' dir='ltr'>praeceperitis</span> <span class='ocrx_word' id='word_1_271' title='bbox 889 2281 926 2310; x_wconf 91' lang='lat' dir='ltr'>et</span> <span class='ocrx_word' id='word_1_272' title='bbox 959 2272 1006 2310; x_wconf 91' lang='lat' dir='ltr'>de</span> <span class='ocrx_word' id='word_1_273' title='bbox 1032 2272 1109 2311; x_wconf 84' lang='lat' dir='ltr'>hoc</span> <span class='ocrx_word' id='word_1_274' title='bbox 1146 2283 1343 2312; x_wconf 86' lang='lat' dir='ltr'>summata</span> <span class='ocrx_word' id='word_1_275' title='bbox 1370 2288 1440 2327; x_wconf 91' lang='lat' dir='ltr'>per</span> <span class='ocrx_word' id='word_1_276' title='bbox 1474 2289 1546 2313; x_wconf 83' lang='lat' dir='ltr'>vos</span> <span class='ocrx_word' id='word_1_277' title='bbox 1575 2275 1712 2323; x_wconf 85' lang='lat' dir='ltr'>fuerit,</span> 
     </span>
     <span class='ocr_line' id='line_1_27' title="bbox 65 2341 1716 2397; baseline 0.004 -18"><span class='ocrx_word' id='word_1_278' title='bbox 65 2351 272 2393; x_wconf 89' lang='lat' dir='ltr'>reputetur</span> <span class='ocrx_word' id='word_1_279' title='bbox 300 2351 488 2395; x_wconf 88' lang='lat' dir='ltr'>tanquam</span> <span class='ocrx_word' id='word_1_280' title='bbox 511 2341 702 2381; x_wconf 90' lang='lat' dir='ltr'>deficiens</span> <span class='ocrx_word' id='word_1_281' title='bbox 721 2352 759 2381; x_wconf 90' lang='lat' dir='ltr'>et</span> <span class='ocrx_word' id='word_1_282' title='bbox 777 2352 993 2382; x_wconf 85' lang='lat' dir='ltr'>contumax</span> <span class='ocrx_word' id='word_1_283' title='bbox 1018 2344 1058 2381; x_wconf 92' lang='lat' dir='ltr'>in</span> <span class='ocrx_word' id='word_1_284' title='bbox 1080 2358 1149 2382; x_wconf 88' lang='lat' dir='ltr'>sua</span> <span class='ocrx_word' id='word_1_285' title='bbox 1182 2347 1420 2397; x_wconf 79' lang='lat' dir='ltr'>praesentia3</span> <span class='ocrx_word' id='word_1_286' title='bbox 1447 2356 1499 2393; x_wconf 87' lang='lat' dir='ltr'>et,</span> <span class='ocrx_word' id='word_1_287' title='bbox 1527 2361 1593 2385; x_wconf 93' lang='lat' dir='ltr'>sua</span> <span class='ocrx_word' id='word_1_288' title='bbox 1616 2362 1716 2386; x_wconf 93' lang='lat' dir='ltr'>con-</span> 
     </span>
     <span class='ocr_line' id='line_1_28' title="bbox 65 2413 1716 2469; baseline 0.005 -19"><span class='ocrx_word' id='word_1_289' title='bbox 65 2413 239 2451; x_wconf 88' lang='lat' dir='ltr'>tumacia</span> <span class='ocrx_word' id='word_1_290' title='bbox 259 2414 458 2466; x_wconf 83' lang='lat' dir='ltr'>exigente,</span> <span class='ocrx_word' id='word_1_291' title='bbox 483 2413 704 2453; x_wconf 86' lang='lat' dir='ltr'>declaretur</span> <span class='ocrx_word' id='word_1_292' title='bbox 740 2416 1088 2454; x_wconf 81' lang='lat' dir='ltr'>excommunicata</span> <span class='ocrx_word' id='word_1_293' title='bbox 1118 2430 1191 2469; x_wconf 90' lang='lat' dir='ltr'>pro</span> <span class='ocrx_word' id='word_1_294' title='bbox 1225 2416 1434 2456; x_wconf 88' lang='lat' dir='ltr'>manifesta</span> <span class='ocrx_word' id='word_1_295' title='bbox 1475 2418 1641 2458; x_wconf 88' lang='lat' dir='ltr'>offensa.</span> <span class='ocrx_word' id='word_1_296' title='bbox 1667 2421 1716 2458; x_wconf 88' lang='lat' dir='ltr'>Et</span> 
     </span>
     <span class='ocr_line' id='line_1_29' title="bbox 67 2483 1717 2542; baseline 0.005 -20"><span class='ocrx_word' id='word_1_297' title='bbox 67 2483 230 2523; x_wconf 90' lang='lat' dir='ltr'>ulterius</span> <span class='ocrx_word' id='word_1_298' title='bbox 255 2498 324 2537; x_wconf 87' lang='lat' dir='ltr'>per</span> <span class='ocrx_word' id='word_1_299' title='bbox 344 2498 416 2523; x_wconf 85' lang='lat' dir='ltr'>vos</span> <span class='ocrx_word' id='word_1_300' title='bbox 438 2485 512 2524; x_wconf 88' lang='lat' dir='ltr'>sibi</span> <span class='ocrx_word' id='word_1_301' title='bbox 536 2486 760 2538; x_wconf 81' lang='lat' dir='ltr'>assignetur</span> <span class='ocrx_word' id='word_1_302' title='bbox 781 2495 910 2525; x_wconf 89' lang='lat' dir='ltr'>certus</span> <span class='ocrx_word' id='word_1_303' title='bbox 934 2496 972 2525; x_wconf 91' lang='lat' dir='ltr'>et</span> <span class='ocrx_word' id='word_1_304' title='bbox 993 2486 1122 2526; x_wconf 83' lang='lat' dir='ltr'>brevis</span> <span class='ocrx_word' id='word_1_305' title='bbox 1148 2488 1230 2527; x_wconf 90' lang='lat' dir='ltr'>dies</span> <span class='ocrx_word' id='word_1_306' title='bbox 1252 2502 1324 2541; x_wconf 92' lang='lat' dir='ltr'>pro</span> <span class='ocrx_word' id='word_1_307' title='bbox 1347 2490 1646 2542; x_wconf 84' lang='lat' dir='ltr'>respondendo,</span> <span class='ocrx_word' id='word_1_308' title='bbox 1671 2502 1717 2531; x_wconf 93' lang='lat' dir='ltr'>ut</span> 
     </span>
     <span class='ocr_line' id='line_1_30' title="bbox 67 2554 1717 2612; baseline 0.005 -18"><span class='ocrx_word' id='word_1_309' title='bbox 67 2554 220 2594; x_wconf 89' lang='lat' dir='ltr'>dictum</span> <span class='ocrx_word' id='word_1_310' title='bbox 242 2565 314 2603; x_wconf 90' lang='lat' dir='ltr'>est,</span> <span class='ocrx_word' id='word_1_311' title='bbox 330 2556 377 2595; x_wconf 90' lang='lat' dir='ltr'>ad</span> <span class='ocrx_word' id='word_1_312' title='bbox 399 2556 528 2595; x_wconf 88' lang='lat' dir='ltr'>dictos</span> <span class='ocrx_word' id='word_1_313' title='bbox 550 2557 754 2605; x_wconf 80' lang='lat' dir='ltr'>articulos,</span> <span class='ocrx_word' id='word_1_314' title='bbox 779 2571 871 2596; x_wconf 92' lang='lat' dir='ltr'>cum</span> <span class='ocrx_word' id='word_1_315' title='bbox 893 2559 1146 2598; x_wconf 83' lang='lat' dir='ltr'>intimatione</span> <span class='ocrx_word' id='word_1_316' title='bbox 1172 2560 1296 2612; x_wconf 88' lang='lat' dir='ltr'>quod,</span> <span class='ocrx_word' id='word_1_317' title='bbox 1330 2561 1360 2598; x_wconf 90' lang='lat' dir='ltr'>si</span> <span class='ocrx_word' id='word_1_318' title='bbox 1384 2561 1430 2600; x_wconf 83' lang='lat' dir='ltr'>ad</span> <span class='ocrx_word' id='word_1_319' title='bbox 1453 2561 1542 2601; x_wconf 90' lang='lat' dir='ltr'>illos</span> <span class='ocrx_word' id='word_1_320' title='bbox 1559 2572 1624 2602; x_wconf 85' lang='lat' dir='ltr'>aut</span> <span class='ocrx_word' id='word_1_321' title='bbox 1645 2563 1717 2602; x_wconf 87' lang='lat' dir='ltr'>ali-</span> 
     </span>
     <span class='ocr_line' id='line_1_31' title="bbox 69 2628 1718 2682; baseline 0.005 -17"><span class='ocrx_word' id='word_1_322' title='bbox 69 2640 169 2680; x_wconf 89' lang='lat' dir='ltr'>quos</span> <span class='ocrx_word' id='word_1_323' title='bbox 190 2641 330 2666; x_wconf 89' lang='lat' dir='ltr'>eorum</span> <span class='ocrx_word' id='word_1_324' title='bbox 351 2641 434 2666; x_wconf 89' lang='lat' dir='ltr'>non</span> <span class='ocrx_word' id='word_1_325' title='bbox 466 2628 706 2681; x_wconf 84' lang='lat' dir='ltr'>respondeat</span> <span class='ocrx_word' id='word_1_326' title='bbox 727 2628 827 2667; x_wconf 85' lang='lat' dir='ltr'>infra</span> <span class='ocrx_word' id='word_1_327' title='bbox 852 2629 958 2668; x_wconf 90' lang='lat' dir='ltr'>diem</span> <span class='ocrx_word' id='word_1_328' title='bbox 986 2630 1234 2682; x_wconf 71' lang='lat' dir='ltr'>prcedictam,</span> <span class='ocrx_word' id='word_1_329' title='bbox 1261 2645 1333 2670; x_wconf 88' lang='lat' dir='ltr'>vos</span> <span class='ocrx_word' id='word_1_330' title='bbox 1369 2633 1554 2672; x_wconf 90' lang='lat' dir='ltr'>tenebitis</span> <span class='ocrx_word' id='word_1_331' title='bbox 1587 2634 1718 2674; x_wconf 92' lang='lat' dir='ltr'>dictos</span> 
     </span>
     <span class='ocr_line' id='line_1_32' title="bbox 62 2698 1714 2759; baseline 0.005 -22"><span class='ocrx_word' id='word_1_332' title='bbox 62 2698 246 2738; x_wconf 89' lang='lat' dir='ltr'>articulos</span> <span class='ocrx_word' id='word_1_333' title='bbox 268 2699 329 2738; x_wconf 87' lang='lat' dir='ltr'>vel</span> <span class='ocrx_word' id='word_1_334' title='bbox 349 2699 576 2745; x_wconf 88' lang='lat' dir='ltr'>articulum,</span> <span class='ocrx_word' id='word_1_335' title='bbox 596 2714 676 2739; x_wconf 92' lang='lat' dir='ltr'>non</span> <span class='ocrx_word' id='word_1_336' title='bbox 700 2714 916 2754; x_wconf 91' lang='lat' dir='ltr'>responsos</span> <span class='ocrx_word' id='word_1_337' title='bbox 945 2701 1005 2740; x_wconf 78' lang='lat' dir='ltr'>vel</span> <span class='ocrx_word' id='word_1_338' title='bbox 1028 2716 1109 2740; x_wconf 90' lang='lat' dir='ltr'>non</span> <span class='ocrx_word' id='word_1_339' title='bbox 1142 2716 1379 2756; x_wconf 87' lang='lat' dir='ltr'>responsum</span> <span class='ocrx_word' id='word_1_340' title='bbox 1412 2718 1481 2757; x_wconf 92' lang='lat' dir='ltr'>per</span> <span class='ocrx_word' id='word_1_341' title='bbox 1505 2719 1607 2754; x_wconf 87' lang='lat' dir='ltr'>eam,</span> <span class='ocrx_word' id='word_1_342' title='bbox 1643 2720 1714 2759; x_wconf 92' lang='lat' dir='ltr'>pro</span> 
     </span>
     <span class='ocr_line' id='line_1_33' title="bbox 64 2769 1716 2826; baseline 0.005 -18"><span class='ocrx_word' id='word_1_343' title='bbox 64 2769 297 2809; x_wconf 66' lang='lat' dir='ltr'>confes-satis</span> <span class='ocrx_word' id='word_1_344' title='bbox 321 2781 386 2810; x_wconf 87' lang='lat' dir='ltr'>aut</span> <span class='ocrx_word' id='word_1_345' title='bbox 407 2771 648 2819; x_wconf 85' lang='lat' dir='ltr'>confessato,</span> <span class='ocrx_word' id='word_1_346' title='bbox 674 2772 774 2811; x_wconf 88' lang='lat' dir='ltr'>sicut</span> <span class='ocrx_word' id='word_1_347' title='bbox 796 2773 895 2824; x_wconf 86' lang='lat' dir='ltr'>jura,</span> <span class='ocrx_word' id='word_1_348' title='bbox 936 2773 1076 2826; x_wconf 82' lang='lat' dir='ltr'>stylus,</span> <span class='ocrx_word' id='word_1_349' title='bbox 1115 2788 1210 2813; x_wconf 90' lang='lat' dir='ltr'>usus</span> <span class='ocrx_word' id='word_1_350' title='bbox 1247 2785 1284 2814; x_wconf 86' lang='lat' dir='ltr'>et</span> <span class='ocrx_word' id='word_1_351' title='bbox 1319 2778 1548 2816; x_wconf 90' lang='lat' dir='ltr'>communis</span> <span class='ocrx_word' id='word_1_352' title='bbox 1583 2777 1716 2817; x_wconf 90' lang='lat' dir='ltr'>obser-</span> 
     </span>
     <span class='ocr_line' id='line_1_34' title="bbox 70 2842 710 2896; baseline 0 -17"><span class='ocrx_word' id='word_1_353' title='bbox 70 2842 200 2880; x_wconf 83' lang='lat' dir='ltr'>vantia</span> <span class='ocrx_word' id='word_1_354' title='bbox 218 2842 360 2881; x_wconf 91' lang='lat' dir='ltr'>volunt</span> <span class='ocrx_word' id='word_1_355' title='bbox 381 2852 418 2881; x_wconf 88' lang='lat' dir='ltr'>et</span> <span class='ocrx_word' id='word_1_356' title='bbox 444 2844 662 2896; x_wconf 88' lang='lat' dir='ltr'>requirunt.</span> <span class='ocrx_word' id='word_1_357' title='bbox 694 2860 710 2879; x_wconf 70' lang='lat' dir='ltr'>n</span> 
     </span>
    </p>
   </div>
   <div class='ocr_carea' id='block_1_4' title="bbox 83 2953 1445 2969">
    <p class='ocr_par' dir='ltr' id='par_1_4' title="bbox 83 2953 1445 2969">
     <span class='ocr_line' id='line_1_35' title="bbox 83 2953 1445 2969; baseline 0 387"><span class='ocrx_word' id='word_1_358' title='bbox 83 2953 1445 2969; x_wconf 95' lang='lat' dir='ltr'> </span> 
     </span>
    </p>
   </div>
   <div class='ocr_carea' id='block_1_5' title="bbox 71 3023 1717 3137">
    <p class='ocr_par' dir='ltr' id='par_1_5' title="bbox 71 3023 1717 3137">
     <span class='ocr_line' id='line_1_36' title="bbox 125 3023 1717 3076; baseline 0.006 -20"><span class='ocrx_word' id='word_1_359' title='bbox 125 3032 154 3056; x_wconf 95' lang='lat'>1.</span> <span class='ocrx_word' id='word_1_360' title='bbox 184 3023 240 3057; x_wconf 92' lang='lat' dir='ltr'>A:</span> <span class='ocrx_word' id='word_1_361' title='bbox 259 3023 455 3058; x_wconf 77' lang='lat' dir='ltr'>Browster?</span> <span class='ocrx_word' id='word_1_362' title='bbox 477 3045 522 3049; x_wconf 91' lang='lat'><strong>—</strong></span> <span class='ocrx_word' id='word_1_363' title='bbox 549 3035 580 3059; x_wconf 82' lang='lat'>2.</span> <span class='ocrx_word' id='word_1_364' title='bbox 614 3025 668 3060; x_wconf 81' lang='lat' dir='ltr'>C:</span> <span class='ocrx_word' id='word_1_365' title='bbox 689 3026 856 3061; x_wconf 67' lang='lat' dir='ltr'>Ham‘lou.</span> <span class='ocrx_word' id='word_1_366' title='bbox 881 3048 926 3052; x_wconf 97' lang='lat'><strong>—</strong></span> <span class='ocrx_word' id='word_1_367' title='bbox 955 3037 983 3071; x_wconf 81' lang='lat'>3.</span> <span class='ocrx_word' id='word_1_368' title='bbox 1017 3028 1047 3062; x_wconf 88' lang='lat' dir='ltr'><em>A</em></span> <span class='ocrx_word' id='word_1_369' title='bbox 1081 3029 1200 3075; x_wconf 83' lang='lat' dir='ltr'>ajoute</span> <span class='ocrx_word' id='word_1_370' title='bbox 1231 3029 1398 3064; x_wconf 78' lang='lat' dir='ltr'>dominus.</span> <span class='ocrx_word' id='word_1_371' title='bbox 1432 3052 1478 3055; x_wconf 97' lang='lat'><strong>—</strong></span> <span class='ocrx_word' id='word_1_372' title='bbox 1507 3041 1541 3073; x_wconf 75' lang='grc'>4.</span> <span class='ocrx_word' id='word_1_373' title='bbox 1570 3034 1603 3076; x_wconf 65' lang='lat' dir='ltr'><em>Q</em></span> <span class='ocrx_word' id='word_1_374' title='bbox 1620 3042 1717 3067; x_wconf 82' lang='lat' dir='ltr'>omct</span> 
     </span>
     <span class='ocr_line' id='line_1_37' title="bbox 71 3081 1715 3137; baseline 0.008 -24"><span class='ocrx_word' id='word_1_375' title='bbox 71 3081 213 3116; x_wconf 83' lang='lat' dir='ltr'>anobis.</span> <span class='ocrx_word' id='word_1_376' title='bbox 240 3101 287 3108; x_wconf 79' lang='lat'>—-</span> <span class='ocrx_word' id='word_1_377' title='bbox 311 3093 340 3126; x_wconf 84' lang='lat'>5.</span> <span class='ocrx_word' id='word_1_378' title='bbox 364 3084 394 3117; x_wconf 85' lang='lat' dir='ltr'><em>A</em></span> <span class='ocrx_word' id='word_1_379' title='bbox 415 3084 532 3130; x_wconf 84' lang='lat' dir='ltr'>ajoute</span> <span class='ocrx_word' id='word_1_380' title='bbox 554 3086 589 3118; x_wconf 84' lang='lat' dir='ltr'>in</span> <span class='ocrx_word' id='word_1_381' title='bbox 608 3085 692 3120; x_wconf 76' lang='lat' dir='ltr'>hunc</span> <span class='ocrx_word' id='word_1_382' title='bbox 712 3086 858 3121; x_wconf 78' lang='lat' dir='ltr'>modum.</span> <span class='ocrx_word' id='word_1_383' title='bbox 881 3105 923 3111; x_wconf 87' lang='lat'>——</span> <span class='ocrx_word' id='word_1_384' title='bbox 946 3086 978 3121; x_wconf 77' lang='lat'>6.</span> <span class='ocrx_word' id='word_1_385' title='bbox 1004 3087 1070 3122; x_wconf 81' lang='lat' dir='ltr'>AC</span> <span class='ocrx_word' id='word_1_386' title='bbox 1086 3099 1130 3122; x_wconf 86' lang='lat' dir='ltr'>en</span> <span class='ocrx_word' id='word_1_387' title='bbox 1152 3100 1273 3135; x_wconf 85' lang='lat' dir='ltr'>marge</span> <span class='ocrx_word' id='word_1_388' title='bbox 1295 3101 1301 3123; x_wconf 93' lang='lat'>:</span> <span class='ocrx_word' id='word_1_389' title='bbox 1326 3090 1480 3136; x_wconf 64' lang='lat' dir='ltr'>Reqzteslaez</span> <span class='ocrx_word' id='word_1_390' title='bbox 1502 3093 1715 3137; x_wconf 67' lang='lat' dir='ltr'>promotor-is.</span> 
     </span>
    </p>
   </div>
   <div class='ocr_carea' id='block_1_6' title="bbox 74 3141 1611 3242">
    <p class='ocr_par' dir='ltr' id='par_1_6' title="bbox 74 3141 1611 3242">
     <span class='ocr_line' id='line_1_38' title="bbox 74 3141 464 3189; baseline 0.005 -14"><span class='ocrx_word' id='word_1_391' title='bbox 74 3159 119 3164; x_wconf 81' lang='lat'>—</span> <span class='ocrx_word' id='word_1_392' title='bbox 139 3151 171 3185; x_wconf 81' lang='lat'>7.</span> <span class='ocrx_word' id='word_1_393' title='bbox 196 3141 226 3176; x_wconf 91' lang='lat' dir='ltr'>C</span> <span class='ocrx_word' id='word_1_394' title='bbox 247 3154 257 3176; x_wconf 93' lang='lat'><em>:</em></span> <span class='ocrx_word' id='word_1_395' title='bbox 277 3141 464 3189; x_wconf 78' lang='lat' dir='ltr'>deputatus.</span> 
     </span>
     <span class='ocr_line' id='line_1_39' title="bbox 202 3201 1611 3242; baseline 0.007 -12"><span class='ocrx_word' id='word_1_396' title='bbox 202 3201 327 3231; x_wconf 61' lang='lat' dir='ltr'>Pnocss</span> <span class='ocrx_word' id='word_1_397' title='bbox 351 3211 391 3232; x_wconf 82' lang='lat' dir='ltr'>DE</span> <span class='ocrx_word' id='word_1_398' title='bbox 414 3203 541 3242; x_wconf 68' lang='lat' dir='ltr'>JEANNE</span> <span class='ocrx_word' id='word_1_399' title='bbox 564 3204 680 3234; x_wconf 78' lang='lat' dir='ltr'>D&#39;ARC.</span> <span class='ocrx_word' id='word_1_400' title='bbox 1580 3221 1611 3240; x_wconf 82' lang='lat'>11</span> 
     </span>
    </p>
   </div>
  </div>
 </body>
</html>
