2099 3356
385 170 464 211 116
660 168 818 212 PRocizs
850 183 906 211 DE
939 181 1294 212 CONDAMNAT1ON
1328 182 1384 212 DE
1415 182 1582 225 JEANNE
1615 169 1741 214 D’ARc

378 298 478 326 nem
500 297 574 327 seu
605 280 923 326 documentum
965 282 1160 326 virorum
1188 281 1571 327 ecclesiasticorum
1608 284 1682 341 qui
1722 295 1841 328 erant
1874 284 1958 329 illlc
1988 294 2019 339 ¹,

377 378 419 410 et
446 382 520 424 per
542 367 716 424 signum
750 381 937 410 coronae.

430 450 694 508 Interrogata
721 449 902 508 qualiter
929 449 1007 493 viri
1042 450 1312 494 ecclesiastici
1360 451 1577 495 sciverunt
1627 450 1747 509 quod
1780 463 1868 495 erat
1904 468 2020 496 unus

371 533 548 592 angelus
578 550 585 577 :
608 532 829 592 respondit
877 532 996 592 quod
1017 534 1231 578 sciverunt
1253 533 1335 578 hoc
1363 550 1436 592 per
1455 535 1680 579 scientiam
1710 550 1848 590 suam,
1871 547 1912 579 et
1939 551 2014 593 per

377 618 459 662 hoc
474 616 591 676 quod
610 629 730 661 erant
756 616 912 660 clerici.

434 703 699 760 Interrogata
732 700 784 745 de
807 717 896 745 uno
931 700 1148 745 sacerdote
1181 701 1488 746 concubinario
1515 714 1555 746 et
1597 701 1648 746 de
1687 718 1777 746 uno
1810 702 1973 761 scypho
2003 710 2017 728 ²

381 785 560 845 perdito,
583 802 693 845 quos
720 785 941 830 dicebatur
965 785 1172 830 indicasse
1200 803 1211 840 ;
1247 784 1467 844 respondit
1500 784 1620 844 quod
1648 784 1699 830 de
1721 784 1926 830 omnibus
1950 785 2016 829 his

380 870 489 914 nihil
511 872 588 914 scit
610 886 686 914 nec
712 886 906 928 unquam
934 869 1100 914 audivit
1124 869 1259 929 loqui.

433 955 697 1012 Interrogata
744 966 910 1008 utrum,
952 953 1126 1012 quando
1155 955 1232 997 ivit
1267 952 1347 997 ad3
1382 953 1527 998 villam
1578 954 1878 1006 Parisiensem,
1925 953 2014 1011 ipsa

374 1037 570 1082 habuerit
592 1053 664 1096 per
685 1037 1202 1081 revelationem⁴suarum
1225 1053 1382 1081 vocum
1399 1036 1450 1081 de
1471 1035 1615 1081 eundo
1642 1036 1743 1081 illuc
1767 1054 1774 1080 :
1795 1035 2017 1095 respondit

371 1121 487 1181 quod
517 1138 622 1174 non,
669 1120 740 1165 sed
786 1121 862 1164 ivit
901 1120 951 1165 ad
1003 1133 1247 1180 requestam
1275 1120 1491 1165 nobilium
1534 1122 1609 1180 qui
1654 1119 1857 1165 volebant
1882 1119 2015 1164 facere

370 1222 502 1250 unam
531 1206 849 1258 invasionem5,
881 1204 1028 1262 gallice
1080 1221 1154 1248 une
1196 1205 1473 1258 escarmouche,
1514 1204 1577 1248 vel
1628 1220 1759 1248 unam
1779 1203 2013 1247 valentiam

370 1305 592 1334 armorum
616 1307 626 1343 3
673 1302 714 1333 et
748 1289 855 1333 bene
878 1287 1057 1332 habebat
1079 1289 1368 1332 intentionem
1393 1287 1524 1332 eundi
1547 1287 1657 1332 ultra
1700 1300 1740 1331 et
1761 1285 2014 1331 transeundi

374 1373 526 1418 fossata
554 1372 666 1416 villae
696 1373 956 1416 parisiensis.

429 1458 690 1515 Interrogata
719 1469 866 1500 utrum
893 1457 1022 1500 etiam
1052 1455 1246 1500 habuerit
1294 1455 1600 1500 revelationem
1648 1453 1698 1498 de
1726 1453 1870 1499 eundo
1913 1465 2010 1498 ante

370 1540 517 1584 villam
549 1539 601 1584 de
635 1540 850 1584 Caritate6
877 1557 884 1583 :
917 1539 1136 1598 respondit
1163 1538 1280 1597 quod
1318 1555 1424 1593 non,
1462 1537 1533 1582 sed
1565 1539 1642 1582 ivit
1678 1537 1728 1582 ad
1767 1551 2010 1597 requestam

374 1624 606 1668 hominum
627 1640 865 1678 armorum,
887 1623 1005 1667 velut
1032 1623 1131 1667 alias
1159 1624 1246 1681 ipsa
1269 1622 1502 1681 respondit.

430 1708 691 1765 Interrogata
725 1721 891 1765 *utrum
937 1706 1133 1751 habuerit
1170 1707 1369 1765 [aliquam
1424 1706 1730 1750 revelationem
1766 1705 1818 1749 de
1863 1705 2008 1751 eundo

367 1917 695 1972 l'anseignement
715 1918 783 1957 des
815 1931 911 1971 gens
956 1916 1118 1970 d'eglise
1155 1917 1221 1970 qui
1247 1916 1282 1955 la
1306 1916 1491 1965 estoient,
1516 1926 1553 1955 et
1596 1930 1664 1970 par
1694 1917 1728 1956 le
1760 1917 1872 1970 signe
1905 1916 1953 1956 de
1972 1916 2006 1956 la

369 2004 591 2030 couronne.

421 2063 675 2114 Interroguee
695 2074 852 2101 comme
868 2061 924 2100 les
948 2047 1047 2113 gens
1071 2060 1233 2113 d'eglise
1252 2069 1434 2099 sceurent
1459 2074 1536 2113 que
1570 2059 1720 2099 c'estoit
1746 2072 1830 2112 ung
1846 2059 1961 2113 angle
1991 2074 1999 2099 ε

368 2133 539 2186 respond
564 2148 571 2172 :
602 2150 619 2169 α
643 2134 712 2172 Par
727 2133 811 2171 leur
836 2133 1006 2179 science‚
1032 2142 1069 2171 et
1091 2145 1204 2185 parce
1226 2131 1342 2185 qu'ilz
1367 2132 1538 2170 estoient
1559 2131 1694 2170 clercs.
1719 2147 1738 2167 ³>

419 2206 673 2258 Interrogue'e
694 2204 789 2243 d‘un
809 2213 956 2256 prestre
972 2203 1270 2250 concubinaire,
1286 2212 1379 2249 etc.,
1406 2212 1443 2241 et
1464 2202 1583 2241 d'une
1598 2212 1698 2242 tasse
1720 2202 1866 2256 perdue
1892 2217 1899 2241 :
1924 2217 2000 2242 res-

367 2276 476 2329 pond
498 2291 505 2314 :
529 2294 546 2311 «
574 2278 631 2315 De
655 2285 741 2315 tout
766 2289 825 2323 ce,
846 2277 880 2328 je
895 2275 983 2314 n’en
1007 2289 1097 2328 scay
1123 2276 1221 2322 rien,
1245 2288 1293 2313 ne
1315 2288 1492 2328 oncques
1510 2273 1599 2312 n’en
1625 2287 1706 2327 ouy
1731 2274 1871 2328 parler.
1896 2290 1915 2311 ›>

417 2349 673 2401 Interroguee
698 2361 754 2396 se,
780 2356 902 2400 quant
929 2347 1002 2385 elle
1024 2346 1082 2385 ala
1121 2347 1264 2385 devant
1307 2347 1428 2394 Paris,
1461 2359 1501 2384 se
1531 2345 1606 2384 elle
1630 2345 1746 2384 l’eust
1761 2359 1829 2399 par
1853 2345 2000 2385 revela-

361 2421 452 2459 cion
474 2420 520 2458 de
543 2434 603 2458 scs
617 2420 709 2458 voix
740 2419 787 2458 de
811 2433 835 2472 y
854 2418 973 2458 aller:
996 2418 1168 2470 respond
1190 2431 1267 2471 que
1287 2429 1382 2465 non,
1397 2418 1495 2456 mais
1515 2417 1534 2455 ἐι
1557 2416 1591 2456 la
1613 2427 1792 2471 requeste
1813 2417 1882 2457 des
1902 2431 1999 2471 gen-

359 2491 424 2530 tilz
464 2491 666 2539 hommes,
711 2491 778 2544 qui
802 2490 1009 2529 vouloient
1042 2488 1136 2528 faire
1172 2502 1250 2527 une
1287 2489 1550 2527 escarmuche
1591 2502 1643 2527 ou
1689 2502 1768 2528 une
1806 2488 1999 2528 vaillance

357 2562 522 2601 d'armes
544 2576 552 2611 ;
576 2571 613 2601 et
634 2562 740 2601 avoit
761 2561 852 2600 bien
876 2561 1089 2600 entencion
1115 2559 1232 2599 d'aler
1245 2569 1357 2599 outre
1380 2570 1417 2598 et
1432 2573 1566 2613 passer
1586 2559 1641 2598 les
1662 2559 1804 2599 fosses.

408 2634 661 2687 Interroguee
686 2633 788 2672 aussi
837 2632 957 2672 d’aler
979 2632 1122 2671 devant
1150 2631 1184 2670 la
1210 2631 1368 2670 Charite
1401 2630 1506 2669 s’elle
1529 2640 1617 2670 eust
1638 2631 1862 2671 re'velacion
1885 2646 1892 2669 :
1916 2645 1998 2670 res-

359 2704 469 2758 pond
491 2718 566 2758 que
593 2718 672 2743 non
699 2719 709 2753 ;
739 2704 837 2743 mais
868 2717 936 2756 par
960 2703 994 2742 la
1037 2712 1216 2756 requeste
1256 2702 1324 2740 des
1346 2715 1443 2755 gens
1480 2701 1662 2751 d'armes,
1689 2703 1787 2741 ainsi
1837 2715 1995 2742 comme

356 2775 563 2815 autresfois
583 2775 658 2814 elle
677 2789 698 2814 a
718 2775 786 2814 dit.

409 2849 664 2901 Interroguee
706 2847 757 2886 du
795 2847 897 2886 Pont
922 2847 1139 2900 Levesque,
1164 2844 1271 2886 s’elle
1298 2855 1384 2886 eust
1413 2846 1528 2900 point
1552 2845 1600 2886 de
1624 2846 1847 2886 revelacion
1874 2859 1881 2885 :
1909 2861 1994 2886 res-

408 3037 436 3061 1.
465 3024 529 3059 AB
547 3038 556 3059 .·
579 3024 671 3059 Illuc.
696 3035 739 3050 -·
761 3035 793 3059 2.
816 3023 909 3058 AC.-
934 3022 1040 3070 cypho.
1070 3044 1116 3049 —
1149 3033 1178 3070 3.
1211 3020 1277 3059 AC
1314 3034 1323 3057 :
1350 3027 1437 3057 ante.
1470 3043 1515 3049 —
1544 3032 1578 3066 4.
1604 3023 1638 3068 Q
1657 3035 1668 3058 :
1693 3023 1917 3059 revelationes.
1946 3044 1993 3050 —-

359 3096 388 3130 5.
411 3085 507 3120 ΑΒΕ
521 3097 563 3119 en
592 3095 711 3131 marge
735 3096 742 3118 :
772 3084 823 3118 De
844 3085 1014 3117 invasione
1035 3083 1235 3117 Parisiensi.
1260 3102 1304 3108 -—
1325 3082 1363 3120 6,
1397 3083 1493 3118 ABC
1519 3095 1562 3118 en
1585 3095 1704 3130 marge
1728 3083 1804 3118 :De
1824 3084 1988 3119 Caritate.
