2099 3356
378 160 536 203 PRoc'Es
569 175 624 203 DE
657 174 1009 204 coqurxiNATroN
1051 175 1107 203 DE
1137 175 1304 215 JEANNE
1338 159 1465 204 D'ARC
1658 173 1735 216 301

99 284 182 310 rere
214 271 394 310 intendo.
432 273 478 310 Et
508 273 594 311 haec
621 273 700 311 sint
728 272 830 311 dicta
855 286 946 311 cum
979 272 1331 325 protestationibus
1366 273 1404 310 in
1442 271 1586 311 talibus
1612 272 1742 310 arduis

98 341 183 382 fieri
210 342 351 381 solitis.
379 344 523 383 Actum
545 357 652 382 anno
686 344 849 382 Domini
882 343 1099 382 millesimo
1121 344 1518 397 quadringentesimo
1540 344 1742 382 tricesimo

98 414 246 467 primo,
267 414 409 453 ultima
433 415 495 453 die
519 415 667 467 aprilis.
699 431 716 451 »
745 416 808 454 Sic
843 416 1042 468 signatum
1069 426 1076 441 1
1105 430 1112 453 :
1146 432 1163 451 (τ
1193 417 1264 454 Per
1292 416 1524 454 servitorem
1548 424 1740 461 vestrum,

100 486 144 524 R.
173 494 186 511 ²
212 486 449 525 Roussr-:LLL
478 502 497 522 »

99 642 295 681 MAGISTRI
334 643 490 681 PETRus
520 642 706 690 Mixfflui,
738 643 948 690 JouANNEs
980 643 1150 695 Pigache
1189 655 1235 681 ET
1271 645 1474 682 RmARnus
1512 656 1561 681 DE
1605 643 1742 683 GRou-

152 725 285 753 cumo
308 722 336 761 3,
365 726 601 752 BACHALARH
628 727 667 752 IN
699 726 822 753 SACRA
853 726 1102 762 THEOLOGIA,
1140 727 1498 755 DELIBERAVERUNT
1529 728 1600 754 PER
1631 727 1743 754 HUNC

152 797 297 824 MODUM
325 799 333 823 :

154 903 172 923 «
200 887 508 940 praesuppositis
529 888 885 940 protestationibus
911 887 1005 926 alias
1030 902 1100 940 per
1118 902 1190 926 nos
1215 889 1424 941 expressis),
1452 889 1596 942 quibus
1612 889 1744 928 adhae-

97 972 256 1005 remus;
284 972 403 1012 super
429 959 491 997 his
521 972 611 1011 quae
643 972 712 1011 per
742 959 999 998 reverendam
1021 960 1298 1012 paternitatem
1328 970 1498 999 vestram
1529 970 1566 999 et
1589 961 1744 1000 domini

99 1030 350 1083 Inquisitoris
368 1031 561 1069 vicarium
581 1044 601 1068 a
620 1030 735 1068 nobis
756 1030 1073 1083 requirebantur,
1098 1031 1263 1079 scilicet,
1286 1041 1327 1070 ut
1347 1031 1565 1071 formaliter
1580 1046 1744 1084 respon-

98 1101 282 1140 deremus
301 1102 347 1141 ad
367 1112 490 1141 certas
509 1103 746 1141 assertiones
764 1102 970 1155 cujusdam
991 1103 1183 1151 mulieris,
1204 1117 1301 1157 quas
1326 1103 1569 1151 audivimus,
1596 1118 1644 1142 an
1666 1105 1745 1143 sint

99 1184 236 1212 contra
258 1173 376 1212 fidem
402 1174 684 1222 orthodoxam,
705 1187 855 1212 sacram
879 1175 1138 1227 Scripturam,
1162 1184 1228 1213 aut
1249 1175 1288 1213 in
1308 1175 1385 1214 fide
1405 1185 1613 1229 suspectae,
1634 1185 1710 1215 etc.
1732 1190 1740 1214 :

97 1246 234 1284 visum
256 1255 314 1284 est
347 1246 476 1293 nobis,
509 1255 546 1284 et
577 1246 684 1293 alias,
711 1255 749 1284 et
772 1246 901 1284 adhuc
922 1246 1092 1293 videtur,
1120 1247 1227 1300 quod
1259 1246 1438 1285 formalis
1464 1249 1673 1300 responsio
1693 1248 1739 1286 ad

97 1317 220 1356 dictas
239 1318 491 1365 assertiones,
509 1317 619 1356 salvo
640 1318 796 1356 meliori
818 1318 982 1370 judicio,
1001 1319 1147 1371 pendet
1167 1332 1211 1357 ex
1235 1320 1472 1359 certitudine
1492 1320 1744 1360 discretionis

97 1389 264 1441 originis
291 1398 574 1441 praetensarum
604 1388 893 1428 revelationum
916 1391 1059 1443 (quam
1078 1390 1268 1443 attingere
1296 1391 1462 1430 minime
1485 1391 1741 1444 sufficimus),

98 1460 145 1499 de
172 1460 316 1514 quibus
351 1460 570 1514 fitmentio
597 1461 636 1499 in
669 1460 844 1500 articulis
874 1474 945 1513 per
968 1462 1150 1500 eamdem
1174 1462 1430 1500 reverendam
1466 1464 1742 1515 paternitatem

99 1542 268 1571 vestram
307 1534 454 1581 missis,
488 1533 632 1586 quibus
672 1533 788 1572 dictae
819 1534 1057 1572 assertiones
1090 1534 1329 1572 innituntur.
1368 1535 1490 1580 Quia,
1524 1536 1554 1573 si
1587 1549 1606 1573 a
1636 1535 1742 1575 malo

99 1605 237 1657 spiritu
279 1604 341 1643 vel
376 1605 560 1644 dcemone
594 1605 861 1657 processerint
896 1619 944 1643 an
968 1613 984 1636 4
1018 1606 1176 1658 propria
1210 1606 1402 1644 industria
1433 1605 1615 1645 confictae
1650 1608 1742 1652 sint,

100 1676 216 1715 nobis
240 1676 394 1715 videtur
415 1690 535 1730 quam
551 1676 742 1730 plurimas
762 1677 955 1715 dictarum
978 1678 1243 1716 assertionum
1263 1678 1300 1716 in
1324 1677 1400 1716 fide
1422 1677 1505 1717 fore
1526 1688 1743 1731 suspectas,

99 1748 325 1800 injuriosas,
350 1758 488 1787 contra
512 1749 641 1786 bonos
673 1761 819 1795 mores,
849 1757 915 1786 aut
948 1747 1082 1802 aliquo
1111 1748 1281 1787 aliorum
1316 1749 1531 1788 modorum
1563 1750 1602 1788 in
1628 1750 1744 1789 sche-

98 1819 188 1858 dula
214 1826 223 1850 5
251 1829 535 1859 contentorum
559 1833 643 1858 esse
673 1819 852 1859 infectas.
879 1820 919 1859 Si
945 1829 1076 1859 autem
1098 1831 1306 1873 praetensae
1330 1820 1590 1860 revelationes
1615 1837 1635 1861 a
1659 1824 1744 1861 Deo

96 1891 158 1930 vel
177 1891 286 1930 bono
305 1892 445 1945 spiritu
470 1892 751 1944 processerint,
775 1891 884 1946 quod
909 1901 1041 1931 tamen
1067 1892 1182 1931 nobis
1205 1906 1286 1931 non
1311 1903 1481 1941 constat,
1506 1908 1587 1932 non
1609 1894 1744 1934 liceret

98 1963 213 2002 nobis
239 1964 276 2001 in
312 1964 508 2002 sinistram
535 1973 687 2016 partem
713 1964 974 2017 interpretari.
1013 1966 1108 2003 Haec
1148 1975 1254 2011 sunt,
1282 1966 1611 2005 reverendissime
1635 1977 1745 2019 pater

97 2045 134 2074 et
158 2035 338 2082 domine,
360 2049 448 2089 quae
473 2037 730 2074 conscientiae
753 2046 898 2075 nostrae
917 2037 1067 2075 dictant
1086 2051 1204 2090 super
1227 2037 1289 2075 his
1313 2051 1402 2091 quae
1425 2052 1445 2075 a
1473 2037 1588 2076 nobis
1614 2040 1744 2092 requi-

97 2106 254 2154 rebatis,
294 2107 441 2161 absque
474 2107 555 2146 ulla
585 2108 806 2147 temeritate
837 2118 875 2147 et
905 2122 997 2147 cum
1032 2110 1144 2148 omni
1174 2111 1425 2149 correctione
1454 2110 1597 2149 debita.
1629 2127 1647 2146 >³
1679 2111 1744 2150 Sic

96 2179 247 2231 signata
269 2182 284 2205 (ἃ
309 2194 316 2218 ;
342 2195 360 2215 «
384 2181 424 2217 P.
449 2189 463 2214 7
489 2181 656 2227 ΜΙΝΙΕΗ,
687 2181 722 2229 J.
745 2180 762 2207 8
793 2181 988 2229 PIGACHE,
1012 2181 1057 2219 R.
1087 2182 1330 2220 GROUCHET.
1355 2198 1373 2217 ›)

97 2341 303 2381 MAGISTER
347 2343 594 2381 RADULPHUS
631 2343 855 2381 SILVESTRIS
875 2351 906 2388 9,
943 2355 982 2382 IN
1020 2356 1141 2382 SACRA
1184 2356 1413 2382 THEOLOGIA
1456 2356 1747 2392 BACHALARIUS,

154 2425 414 2452 DELIBERAVIT
455 2426 673 2452 SECUNDUM
719 2426 906 2453 TENOREM
962 2427 1168 2463 CUJUSDAM
1207 2422 1471 2454 SCHEDUIAEW
1517 2428 1627 2454 MANU
1673 2429 1743 2455 SUA

153 2496 343 2532 SIGNATAE,
367 2497 489 2534 CUJUS
519 2498 652 2524 TENOR
681 2498 792 2524 TALIS
824 2498 911 2524 ESSE
941 2498 1117 2525 VIDETUR
1142 2501 1149 2524 t

154 2610 169 2628 (ι
206 2593 509 2647 Praesuppositis
544 2592 897 2645 protestationibus
937 2603 974 2632 et
1007 2593 1342 2632 submissionibus
1375 2594 1534 2644 debitis,
1573 2596 1666 2635 alias
1699 2597 1738 2635 in

99 2678 186 2703 mea
219 2664 505 2704 deliberatione
541 2664 671 2713 factis,
708 2665 853 2718 quibus
890 2665 1075 2704 adhaereo
1112 2675 1149 2704 et
1179 2680 1274 2720 quas
1306 2680 1377 2719 pro
1403 2668 1578 2720 repetitis
1603 2669 1739 2708 haberi

96 2736 298 2790 supplico,
328 2737 544 2776 reverende
576 2738 614 2775 in
647 2737 806 2776 Christo
841 2746 950 2790 pater
977 2747 1014 2776 et
1048 2738 1212 2776 domine
1241 2739 1294 2777 mi
1328 2739 1557 2788 metuende,
1585 2750 1623 2779 et
1652 2755 1739 2789 vos,

151 2918 178 2940 1.
198 2906 228 2941 C
250 2907 475 2951 .·51'gnata.—
494 2917 526 2940 2.
548 2905 600 2940 C:
613 2905 865 2951 Radulplms.-—
884 2915 913 2950 3.
936 2905 1032 2940 ABC
1051 2918 1094 2939 en
1109 2918 1249 2952 marge:
1272 2907 1389 2941 Petrus
1406 2908 1566 2949 Minerii,
1582 2909 1744 2944 Hit-ardus

97 2966 134 3000 de
155 2966 336 3000 Groucheto
353 2966 401 3010 (C
420 2979 429 2999 :
452 2966 642 3011 Grouceto),
666 2965 828 3009 johannes
849 2965 1002 3010 Pigache.
1026 2986 1071 2989 ——
1091 2976 1124 3007 4.
1147 2966 1213 3000 AC
1231 2978 1241 3000 .·
1260 2972 1330 3001 aul.
1358 2989 1406 2992 —
1426 2978 1455 3011 5.
1474 2969 1536 3002 AB
1556 2981 1565 3002 .·
1588 2969 1713 3003 scedula
1734 2983 1742 3006 ,·

98 3026 128 3060 C
151 3038 159 3059 .·
179 3026 302 3060 sedula.
324 3047 370 3050 —
385 3025 418 3060 6.
438 3026 473 3070 Q
494 3038 503 3059 .·
524 3027 706 3070 m‘gnatum.
731 3046 773 3049 —
797 3035 828 3069 7.
847 3024 876 3058 C
900 3037 910 3058 .·
929 3024 1111 3058 Ρι’ίι·ιις.-
1129 3025 1160 3060 8.
1179 3025 1209 3060 C
1227 3038 1237 3059 .·
1253 3026 1357 3069 J0.—-
1371 3038 1404 3071 9.
1426 3028 1521 3062 ΑΒΕ
1536 3040 1577 3062 en
1596 3040 1735 3073 marge:

101 3085 286 3131 Radulplms
307 3085 492 3119 Silvestris.
516 3106 558 3109 —
586 3097 638 3119 10.
664 3084 726 3134 A&
751 3097 760 3117 :
784 3084 918 3118 scedula:
931 3097 943 3125 ,·
967 3084 997 3118 C
1026 3096 1035 3117 .·
1051 3084 1180 3119 sedula:
