2099 3356
390 186 549 231 PRocizs
583 202 638 230 DE
671 198 1022 230 CONDAMNATioN
1057 200 1112 230 DE
1144 200 1311 242 JEANNE
1344 184 1474 230 D’ARC
1699 199 1747 243 31

106 312 146 342 et
191 300 456 348 terminanda,
495 309 624 339 vester
652 299 817 338 humilis
868 299 1072 348 Johannes
1103 298 1280 347 Μαςςίειι,
1328 298 1546 352 presbyter,
1581 298 1752 338 decanus

106 372 416 414 Christianitatis
463 371 812 424 Rothomagensis,
840 370 1108 410 obedientiam
1127 379 1354 423 promptam
1385 371 1424 409 in
1445 370 1641 409 mandatis
1664 383 1755 410 cum

104 445 217 485 omni
241 443 456 482 reverentia
481 444 699 482 ethonore.
718 443 885 482 Noverit
901 441 1115 481 reverenda
1134 442 1347 494 paternitas
1369 451 1496 480 vestra
1515 455 1592 485 me,
1611 442 1757 480 virtute

103 516 276 556 mandati
298 515 418 554 vestri
440 514 540 553 mihi
566 514 806 568 praesentati,
844 514 907 552 cui
934 514 1019 552 haec
1039 527 1125 553 mea
1143 527 1318 566 praesens
1349 513 1486 552 relatio
1511 523 1568 552 est
1587 527 1752 561 annexa,

103 589 241 627 citasse
269 587 542 640 peremptorie
571 600 705 625 coram
732 586 844 624 vobis
868 587 906 624 in
927 584 1104 638 cappella
1129 585 1235 637 regia
1260 585 1375 624 castri
1397 585 1750 638 Rothomagensis,

103 659 149 699 ad
172 659 279 698 diem
303 659 487 697 mercurii
512 659 745 697 vicesimam
781 658 949 710 primam
984 658 1190 710 praesentis
1225 658 1373 695 mensis
1419 656 1621 703 februarii,
1657 657 1754 696 hora

105 740 242 770 octava
264 730 311 769 de
331 744 462 778 mane,
496 729 709 783 quamdam
745 728 1215 781 mulierem?vulgariter
1234 738 1503 781 nuncupatam
1528 729 1755 777 Johannam

107 802 143 842 Ia
163 801 321 849 pucelle,
338 816 406 855 per
430 816 493 841 me
518 801 780 854 personaliter
802 801 899 839 infra
921 810 1031 854 septa
1055 801 1148 839 dicti
1180 800 1612 854 castriapprehensam,
1634 814 1752 853 quam

107 875 152 914 de
171 874 311 913 haeresi
340 874 599 913 vehementer
634 882 858 926 suspectam
890 873 1057 920 habetis,
1094 886 1375 925 responsuram
1412 873 1617 911 veritatem
1637 885 1756 924 super

107 945 280 984 articulis
299 955 335 983 et
359 945 671 997 interrogatoriis
695 953 833 983 contra
854 958 940 982 eam
965 943 1102 982 dandis
1128 953 1165 982 et
1186 943 1260 982 sibi
1287 943 1491 990 faciendis,
1518 943 1610 982 fidei
1632 953 1759 982 mate-

109 1018 207 1056 riam
239 1015 573 1056 concernentibus
591 1029 633 1055 ac
646 1015 748 1063 aliis,
773 1015 1047 1069 superquibus
1064 1029 1148 1054 eam
1171 1025 1393 1068 suspectam
1417 1015 1584 1063 habetis,
1605 1024 1643 1054 et
1666 1015 1760 1054 alias

107 1088 298 1127 facturam
323 1088 432 1142 quod
457 1089 605 1140 justum
629 1087 748 1126 fuerit
769 1096 806 1126 et
828 1088 1007 1135 rationis,
1040 1101 1131 1126 cum
1157 1087 1409 1126 intimatione
1427 1087 1467 1125 in
1491 1087 1586 1140 ipsis
1619 1086 1759 1126 vestris

108 1160 246 1199 litteris
269 1169 473 1198 contenta.
513 1160 617 1205 Quae
640 1159 804 1212 quidem
842 1159 1026 1208 Johanna
1058 1159 1096 1197 in
1120 1158 1263 1198 effectu
1304 1158 1403 1198 mihi
1426 1159 1632 1212 respondit
1652 1158 1761 1212 quod

107 1232 276 1270 libenter
297 1244 431 1270 coram
448 1231 562 1270 vobis
579 1240 892 1284 compareret,et
916 1231 1121 1270 veritatem
1147 1245 1267 1284 super
1291 1231 1607 1283 interrogatoriis
1631 1231 1762 1270 eidem

107 1303 252 1342 fiendis
278 1304 552 1356 responderet,
572 1303 761 1356 quodque
784 1304 867 1356 ipsa
889 1302 1084 1356 petebat1,
1108 1302 1217 1356 quod
1242 1303 1281 1341 in
1306 1303 1381 1341 hac
1400 1304 1562 1341 materia
1586 1302 1760 1351 velletis,

111 1389 187 1414 una
209 1376 434 1422 vobiscum,
467 1376 574 1414 viros
599 1375 890 1414 ecclesiasticos
925 1375 971 1413 de
1009 1375 1185 1427 partibus
1208 1375 1292 1414 istis
1331 1375 1503 1414 Francice
1523 1388 1636 1428 reque
1658 1374 1759 1413 bene

112 1448 213 1486 sicut
238 1457 275 1503 et
296 1447 451 1500 Angliae
467 1478 476 1495 ,
500 1461 744 1495 convocare,
768 1456 819 1495 et,
851 1447 1030 1495 ulterius,
1076 1446 1184 1500 quod
1206 1447 1465 1486 reverendam
1482 1447 1760 1499 paternitatem

113 1529 281 1558 vestram
305 1519 510 1558 humiliter
557 1518 819 1572 supplicabat,
850 1529 1044 1572 quatenus
1083 1519 1251 1557 crastina
1281 1518 1344 1557 die
1384 1528 1597 1571 antequam
1629 1530 1764 1557 coram

114 1591 330 1630 reverenda
372 1592 606 1643 paternitate
631 1600 759 1630 vestra
797 1599 1060 1643 compareret,
1088 1591 1248 1629 missam
1268 1598 1402 1643 posset
1423 1590 1573 1637 audire,
1595 1599 1633 1629 et
1654 1589 1763 1643 quod

114 1663 193 1702 hoc
214 1662 328 1701 vobis
353 1662 647 1715 significarem3
687 1662 795 1716 quod
835 1671 871 1701 et
894 1662 985 1701 feci.
1025 1662 1131 1707 Quae
1165 1662 1370 1715 praemissa
1402 1662 1458 1701 sic
1493 1675 1562 1715 per
1579 1675 1642 1700 me
1660 1661 1761 1700 facta

114 1734 339 1773 reverenda:
365 1735 587 1787 paternitati
628 1744 767 1773 vestrae
799 1733 1000 1787 significo,
1042 1747 1112 1787 per
1150 1742 1382 1787 praesentes,
1417 1732 1550 1786 sigillo
1584 1742 1624 1772 et
1642 1734 1759 1786 signo

112 1807 287 1846 manuali
312 1807 411 1845 meis
433 1806 622 1859 sigillatas
641 1815 679 1845 et
696 1807 883 1859 signatas.
902 1808 1048 1844 Datum
1066 1820 1172 1845 anno
1188 1806 1353 1845 Domini
1370 1805 1588 1844 millesimo
1605 1806 1759 1846 CCCC.

113 1880 266 1927 XXX„
299 1879 362 1917 die
405 1879 540 1918 martis
572 1878 823 1931 praecedente
863 1878 1009 1917 dictam
1055 1878 1163 1917 diem
1196 1878 1398 1917 mercurii.
1429 1893 1447 1913 >>
1479 1877 1541 1916 Sic
1572 1877 1718 1930 signata
1756 1891 1764 1916 ε

115 1966 133 1986 «
155 1952 390 2000 JOHANNES.
417 1966 436 1987 »

696 2142 854 2170 PETITIO
886 2142 1136 2170 PROMOTORIS
1161 2139 1191 2169 ².

184 2275 397 2333 Deinceps
418 2287 564 2319 autern
588 2274 786 2333 praefatus
802 2288 1043 2333 promotor,
1068 2287 1164 2333 post
1187 2273 1501 2319 exhibitionem
1528 2275 1764 2320 litterarum

123 2357 439 2416 praedictarum,
479 2360 688 2402 instanter
741 2359 965 2417 requisivit
1016 2371 1231 2417 quatenus
1276 2358 1486 2403 antedicta
1529 2359 1685 2403 mulier
1718 2358 1769 2403 ad

120 2442 248 2486 illum
271 2443 415 2487 locum
450 2444 597 2487 venire
629 2442 905 2486 mandaretur
932 2455 972 2486 et
998 2458 1144 2486 coram
1171 2442 1296 2487 nobis
1320 2445 1364 2487 in
1411 2442 1573 2501 judicio
1601 2451 1611 2475 3
1652 2459 1769 2487 com-

121 2541 281 2583 parere,
313 2538 440 2584 prout
461 2525 512 2570 ad
541 2525 641 2570 illuc
666 2524 1009 2584 comparendum
1036 2527 1162 2570 citata
1190 2525 1340 2580 fuerat,
1370 2539 1411 2570 et
1439 2542 1512 2585 per
1539 2542 1618 2570 nos
1643 2527 1772 2570 inter-

122 2622 341 2667 rogaretur
384 2626 512 2668 super
544 2611 668 2654 certis
710 2610 899 2654 articulis
948 2611 1172 2654 materiam
1216 2609 1316 2654 fidei
1367 2609 1770 2663 concernentibus;

121 2692 239 2751 quod
266 2692 407 2737 eidem
435 2695 742 2737 concessimus.
768 2694 817 2737 Et
844 2694 1036 2748 interim,
1070 2695 1171 2752 quia
1207 2693 1364 2738 mulier
1391 2693 1562 2752 prcefata
1596 2695 1770 2738 missam

122 2776 266 2820 audire
305 2778 419 2835 prius
460 2778 753 2835 requisiverat,
805 2779 1086 2834 exposuimus
1136 2794 1280 2821 coram
1318 2777 1530 2836 praedictis
1577 2779 1774 2821 assisten-

125 2859 240 2904 tibus
278 2861 476 2919 qualiter,
524 2879 573 2905 ex
612 2861 794 2905 consilio
833 2861 1097 2905 notabilium
1135 2861 1420 2906 dominorum
1458 2874 1499 2906 et
1550 2863 1774 2919 magistro-

178 3049 206 3072 1.
227 3040 254 3072 B
268 3051 312 3073 en
330 3051 450 3088 marge
472 3051 478 3074 :
499 3040 601 3075 Nota.
626 3060 669 3065 —
691 3050 723 3074 2.
747 3040 797 3074 En
815 3052 934 3086 marge
956 3041 999 3075 de
1011 3041 1075 3074 AB
1094 3052 1105 3081 ,¹
1123 3040 1153 3075 C
1170 3052 1214 3075 en
1234 3052 1353 3087 marge
1375 3052 1382 3076 :
1404 3041 1580 3076 Promolor
1601 3042 1773 3088 proponil.

132 3117 176 3121 —
201 3109 229 3142 3.
254 3099 286 3143 Q
306 3108 403 3133 ornet
427 3099 622 3146 injudicio,
