2099 3356
344 163 500 207 PROCl'is
543 177 600 205 DE
642 175 991 205 CONDAMNATION
1028 176 1084 204 DE
1115 175 1282 217 JEANNE
1314 160 1444 203 D’ARC
1639 174 1716 217 333

74 288 264 328 response
287 289 352 313 sur
367 274 422 313 les
442 284 571 314 autres
590 276 707 328 poins
723 274 819 312 dont
841 273 886 311 ilz
908 274 1078 312 estoient
1098 273 1292 324 chargiez.
1312 274 1359 311 Et
1374 286 1421 311 en
1441 273 1580 320 verite,
1605 286 1679 324 oye
1707 282 1712 297 ¹

78 346 191 386 icelle
226 345 399 385 relacion
437 355 475 384 et
510 346 601 384 bien
634 345 880 391 conside-rec,
915 344 939 382 il
971 358 1072 383 nous
1106 358 1125 382 a
1150 343 1316 392 semble,
1349 357 1401 382 ou
1423 353 1437 370 2
1468 343 1533 382 fait
1572 342 1723 381 d’icelle

76 418 224 458 femme
249 418 360 456 avoir
384 418 464 456 este
487 427 605 456 tenue
627 417 772 470 grande
790 417 954 469 gravite,
978 417 1103 454 sainte
1129 425 1165 454 et
1185 417 1285 466 juste
1313 416 1486 454 manierc
1515 414 1562 453 de
1585 416 1725 467 proce-

79 491 162 536 der,
187 499 224 528 et
245 489 343 528 dont
368 489 521 527 chacun
545 488 629 527 doit
652 498 752 526 estre
774 488 864 526 bien
888 497 1066 526 content.
1093 488 1138 525 Et
1162 487 1209 526 de
1230 496 1361 526 toutes
1377 500 1440 526 ces
1459 487 1601 525 choses
1623 500 1725 525 nous

79 561 254 600 rendons
281 561 416 614 graces
446 561 522 598 tres
551 559 828 598 humblement
859 559 878 597 a
910 559 1022 597 icelle
1055 560 1216 610 niajeste
1246 559 1481 597 souveraine
1512 559 1726 611 premiere-

82 642 207 680 ment‚
234 642 271 671 et
289 646 337 671 en
360 633 471 685 apres
493 631 512 669 a
535 641 664 669 vostre
691 632 768 670 tres
800 630 932 669 haulte
961 630 1143 669 noblesse
1164 637 1192 677 3,
1225 631 1272 668 de
1307 629 1490 668 humbles
1522 639 1559 668 et
1588 629 1726 668 loiales

79 703 293 743 affeccions
313 719 321 752 ;
347 713 385 742 et
406 702 664 741 finablement
686 703 705 740 a
726 712 816 740 tous
838 702 951 741 ceulx
969 702 1052 754 qui,
1078 715 1179 755 pour
1204 701 1238 740 la
1260 703 1469 740 reverence
1486 701 1636 749 divine,
1657 712 1728 740 ont

81 777 156 814 mis
175 775 261 814 leur
276 775 409 828 peine,
427 774 562 813 labeur
577 784 614 812 et
635 774 833 826 diligence
849 787 897 812 en
915 782 1017 812 ceste
1040 774 1216 821 matiere,
1243 787 1291 811 au
1313 773 1404 812 bien
1427 772 1578 811 d'icelle
1596 783 1728 812 nostre

81 848 229 886 saincte
253 846 336 898 foy.
365 843 465 884 Mais
490 859 538 884 au
561 845 734 897 surplus,
760 854 894 883 nostre
915 846 992 883 tres
1015 844 1204 883 redoubtc'·
1229 854 1266 882 et
1296 845 1504 883 souverain
1526 845 1726 897 seigneur,

82 918 194 957 selon
214 931 257 956 cc
279 930 356 970 que
374 931 443 970 par
468 930 538 955 vos
561 916 682 954 dictes
703 917 834 954 lettres
856 925 893 954 et
912 916 1039 954 iceulx
1063 917 1240 955 maistres
1260 918 1458 963 reverens,
1480 930 1579 955 vous
1599 930 1617 954 a
1639 916 1729 969 pleu

83 1003 186 1029 nous
208 989 387 1036 mander,
414 988 622 1041 enjoindre
647 998 685 1026 et
709 989 900 1040 requerir,
929 1002 1046 1035 nous,
1070 989 1180 1040 apres
1203 988 1398 1040 plusieurs
1417 988 1728 1036 convocacions,

84 1060 252 1115 grandes
276 1070 315 1100 et
338 1073 495 1099 meures
529 1059 819 1098 deliberacions
852 1069 960 1097 entre
986 1073 1088 1098 nous
1116 1074 1208 1098 eues
1239 1070 1277 1098 et
1300 1070 1439 1098 tenues
1464 1073 1528 1097 sur
1552 1073 1594 1098 ce
1619 1068 1635 1091 4
1665 1074 1733 1113 par

86 1133 268 1186 pluseurs
288 1131 380 1180 fois,
409 1132 626 1170 renvoions
649 1131 860 1184 pardevers
894 1141 1023 1170 vostre
1048 1131 1272 1170 excellence
1306 1145 1379 1170 nos
1412 1131 1538 1177 advis,
1567 1131 1732 1171 conclu-

89 1205 198 1243 sions
220 1214 256 1243 et
281 1203 568 1243 deliberacions
597 1217 663 1241 sur
685 1203 738 1241 les
770 1203 903 1255 poinS,
939 1203 1157 1241 assercions
1188 1212 1224 1241 et
1248 1203 1400 1241 articles
1431 1204 1497 1256 qui
1532 1203 1673 1242 baillea
1696 1213 1733 1242 et

89 1284 258 1323 exposez
284 1283 386 1308 nous
411 1279 481 1308 ont
502 1270 606 1317 este3
631 1279 668 1308 et
695 1282 870 1307 somnies
894 1269 1094 1320 tousjours
1124 1278 1248 1322 prestz
1272 1283 1373 1307 nous
1395 1268 1590 1321 emploier
1611 1270 1732 1308 entie-

92 1352 246 1381 rement
270 1356 317 1380 en
340 1340 452 1380 telles
477 1341 660 1379 matieres
685 1340 880 1379 touchans
911 1340 1169 1379 directement
1190 1350 1322 1379 nostre
1344 1341 1447 1379 dicte
1470 1340 1552 1393 foy,
1575 1354 1734 1380 comme

93 1414 198 1452 aussi
227 1423 359 1452 nostre
385 1411 610 1465 profession
633 1411 668 1450 le
689 1411 798 1450 veult
829 1413 1138 1464 expressement‚
1172 1422 1208 1450 et
1232 1412 1279 1450 de
1312 1422 1402 1451 tous
1433 1422 1562 1465 temps
1587 1412 1736 1452 l'avons

93 1485 269 1523 monstre'
301 1484 348 1523 de
373 1493 462 1522 tous
485 1497 560 1522 noz
589 1483 779 1536 pouvoirs
805 1489 833 1520 5.
868 1484 929 1530 Et,
956 1496 996 1520 se
1021 1496 1174 1521 aucune
1212 1483 1333 1521 chose
1369 1484 1506 1522 restoit
1536 1498 1601 1522 sur
1634 1497 1677 1522 ce
1717 1485 1736 1522 a

90 1557 173 1595 dire
193 1570 244 1595 ou
279 1569 447 1608 exposer
477 1555 524 1593 de
559 1569 626 1608 par
654 1568 770 1601 nous,
797 1554 938 1607 yceulx
962 1560 976 1580 0
1002 1555 1236 1601 honnourez
1268 1564 1305 1593 et
1335 1556 1517 1593 reverens
1542 1557 1735 1603 maistres,

92 1629 160 1681 qui
177 1628 223 1666 de
243 1629 401 1680 pre'sent
426 1637 659 1666 retournent
687 1626 896 1679 pardevers
918 1636 1049 1665 vostre
1070 1625 1186 1664 noble
1202 1626 1399 1665 haultesse
1421 1627 1450 1675 7,
1472 1636 1509 1665 et
1526 1627 1700 1680 lesquelz
1724 1630 1738 1654 3

93 1710 163 1739 ont
194 1700 275 1738 este'
306 1700 467 1752 pre'sens
501 1700 521 1737 a
552 1713 628 1737 noz
653 1698 777 1736 dictes
801 1697 1105 1745 deliberacions,
1139 1708 1304 1750 porront
1323 1708 1338 1731 9
1371 1698 1460 1750 plus
1494 1699 1738 1752 amplement

95 1771 328 1820 de'clarer10,
358 1784 526 1823 exposer
550 1780 588 1809 et
617 1770 716 1819 dire,
753 1769 863 1808 selon
899 1769 1013 1808 icelle
1045 1779 1177 1808 nostre
1209 1770 1431 1818 intencion‚
1463 1780 1551 1809 tout
1574 1785 1617 1810 ce
1642 1771 1739 1825 qu'il

95 1843 381 1897 appartendra;
414 1842 586 1896 auquelx
601 1852 628 1868 11
655 1841 681 1880 il
704 1841 824 1894 plaira
841 1852 972 1881 vostre
992 1841 1280 1894 magnificence
1301 1842 1499 1894 adjouster
1519 1842 1603 1896 foy,
1626 1858 1675 1882 en
1697 1858 1740 1883 ce

96 1929 172 1968 que
194 1906 250 1954 dit
269 1925 341 1963 est,
365 1928 468 1968 pour
491 1924 595 1953 ceste
619 1913 696 1953 fois
721 1914 768 1952 de
794 1927 862 1966 par
893 1927 1010 1961 nous,
1042 1923 1080 1951 et
1111 1912 1238 1952 iceulx
1269 1915 1380 1952 avoir
1413 1914 1742 1967 singulierement

95 1987 425 2035 recommandez3
453 2000 516 2025 car
545 1985 848 2024 veritablement
878 1984 925 2022 ilz
957 1994 1027 2023 ont
1056 1984 1124 2023 fait
1148 1986 1188 2023 es
1221 1985 1362 2023 choses
1393 1986 1634 2025 dessusdites
1664 1993 1742 2026 tres

95 2059 265 2112 grandes
301 2058 533 2111 diligences,
567 2071 635 2111 par
668 2058 836 2096 sainctes
870 2066 910 2095 et
945 2058 1114 2095 entieres
1148 2056 1376 2105 affeccions,
1413 2072 1501 2096 sans
1531 2073 1744 2111 espargner

94 2130 199 2168 leurs
222 2131 446 2183 painnesm,
469 2142 692 2182 personnes
716 2138 753 2167 et
778 2128 958 2175 facultez,
986 2137 1023 2167 et
1047 2141 1135 2167 sans
1156 2129 1266 2167 avoir
1284 2137 1449 2181 regart¹3
1474 2143 1546 2167 aux
1568 2144 1685 2183 grans
1707 2141 1746 2170 et

97 2203 279 2241 eminens
310 2201 431 2255 perilz
451 2202 518 2255 qui
543 2210 635 2240 sont
655 2202 695 2240 es
726 2201 907 2239 chemins
930 2200 1224 2248 notoirement3
1255 2209 1292 2238 et
1323 2201 1426 2238 aussi
1450 2215 1519 2253 par
1541 2201 1576 2240 le
1595 2216 1742 2255 moyen

100 2273 148 2312 de
172 2273 276 2312 leurs
300 2287 417 2327 grans
439 2273 646 2326 sapiences
668 2272 860 2311 ordenees
883 2282 920 2310 et
944 2271 1131 2310 discretes
1151 2271 1388 2324 prudences,
1415 2283 1518 2311 ceste
1540 2275 1702 2312 matiere
1726 2288 1746 2313 a

100 2347 180 2384 este
202 2355 240 2384 et
264 2359 362 2392 sera,
393 2359 432 2384 se
462 2346 564 2383 Dieu
592 2344 725 2397 plaist,
755 2344 960 2383 conduitte
988 2343 1150 2396 jusques
1175 2357 1223 2381 en
1249 2343 1302 2381 fin
1332 2355 1550 2396 sagement,
1581 2347 1747 2385 saincte-

103 2427 212 2456 ment
237 2427 275 2456 et
299 2416 680 2455 raisonnablement.
702 2416 968 2454 Toutesvoies
992 2414 1251 2453 finablement
1273 2429 1375 2454 nous
1400 2417 1609 2468 supplions
1631 2418 1747 2457 hum-

105 2489 282 2528 blement
297 2489 317 2527 ὲ
331 2498 463 2527 vostre
482 2488 699 2528 excellente
716 2487 913 2526 haultesse
932 2495 961 2518 14
979 2500 1054 2540 que
1076 2488 1152 2525 tres
1169 2486 1446 2539 diligemment
1461 2499 1565 2528 ceste
1585 2491 1746 2529 matiere

104 2563 181 2600 soit
202 2575 271 2614 par
294 2562 432 2614 justice
458 2562 598 2600 mene'e
623 2562 643 2599 a
667 2560 719 2599 fin
742 2559 954 2599 briefment
976 2570 1001 2594 ¹5
1023 2575 1031 2608 3
1071 2574 1148 2603 car,
1183 2575 1230 2599 en
1256 2563 1393 2610 verite,
1429 2561 1464 2599 la
1491 2561 1688 2615 longueur
1712 2573 1748 2602 et

105 2632 278 2672 dilacion
319 2644 376 2672 est
409 2635 485 2672 tres
519 2632 745 2686 perilleuse‚
779 2642 816 2670 et
852 2633 883 2670 si
913 2642 972 2670 est
1000 2633 1077 2670 tres
1110 2633 1328 2671 ne'cessaire
1354 2647 1419 2671 sur
1452 2647 1495 2672 ce
1530 2634 1687 2673 notable
1713 2644 1749 2673 et

104 2705 252 2757 grande
278 2706 524 2759 reparacion,
546 2706 565 2743 a
587 2718 630 2743 ce
655 2718 731 2757 que
754 2704 788 2742 le
814 2703 958 2756 peuple
985 2704 1051 2756 qui
1074 2717 1142 2756 par
1170 2704 1281 2742 icelle
1306 2704 1454 2743 femme
1478 2719 1498 2743 a
1520 2707 1600 2744 este'
1623 2707 1750 2745 moult

160 2902 192 2927 1.
221 2891 252 2926 C
275 2903 285 2925 :
305 2903 396 2937 ouye.
415 2911 457 2915 —
475 2899 506 2924 2.
537 2890 567 2924 C
590 2901 600 2923 .·
618 2901 674 2923 au.
696 2910 739 2913 -—
762 2899 791 2933 3.
813 2889 844 2922 A
868 2900 878 2922 .·
900 2888 1049 2922 noblesce.
1082 2909 1128 2914 -—
1158 2900 1191 2930 4.
1225 2889 1255 2924 C
1275 2899 1373 2924 omet
1406 2902 1465 2924 sur
1490 2903 1532 2926 ce.
1565 2913 1609 2916 —
1644 2903 1673 2935 5.
1695 2893 1750 2927 C:

101 2952 252 2998 pouairs.
271 2972 314 2975 —
332 2950 366 2985 6.
391 2950 458 2985 AC
479 2962 488 2984 :
506 2950 612 2984 iceulx
630 2970 674 2974 —
697 2960 729 2993 7.
747 2949 774 2983 C
795 2960 805 2982 :
824 2948 992 2982 lmultesce.
1017 2969 1062 2973 —
1080 2950 1112 2982 8.
1131 2949 1161 2983 C
1182 2961 1187 2982 :
1206 2949 1372 2995 l'es'qm'ex.
1393 2971 1435 2975 -—
1451 2961 1484 2996 9.
1503 2951 1748 2998 C:p0u1·r0nt.

108 3032 155 3036 —
179 3021 233 3045 10.
264 3010 294 3045 C
317 3023 327 3044 .·
347 3009 518 3045 de'clairer.
539 3029 585 3034 —-
607 3019 659 3043 11.
683 3009 715 3042 A
741 3020 751 3041 .·
769 3008 944 3054 αιιςᾳιιεῖῃ
966 3007 996 3042 C
1013 3020 1022 3041 .·
1037 3009 1185 3054 auquel}
1204 3029 1243 3035 -
1264 3020 1318 3043 12.
1343 3010 1372 3044 C
1396 3022 1406 3043 .·
1422 3012 1601 3057 paines.—
1628 3023 1680 3057 13.
1700 3012 1745 3047 C:

110 3070 240 3113 reward.
263 3091 303 3095 —
323 3079 375 3112 14.
399 3070 464 3103 AC
487 3081 496 3102 .·
519 3069 691 3102 luzultcsce.
715 3089 757 3091 —
782 3077 834 3110 15.
852 3068 886 3110 Q
903 3080 911 3100 .·
932 3067 1156 3111 lwiffvement.
1199 3092 1202 3095 Δ
