2099 3356
325 231 409 276 274
602 216 759 261 PRocizs
794 230 849 260 DE
881 228 1235 260 CONDAMNATloN
1269 228 1325 259 οε
1356 229 1522 271 JEANNE
1555 213 1684 258 D'ARC

321 330 569 375 liberabitur
595 344 617 374 a
640 328 879 373 carceribus
892 340 934 372 et
964 328 1082 387 quod
1108 328 1261 372 Gallici
1289 327 1445 372 facient
1471 326 1693 384 pulchrius
1719 324 1896 378 factum,
1918 325 1963 368 in

321 430 396 459 sua
413 415 618 458 societate
643 422 672 466 ¹,
696 427 827 471 quam
866 427 1064 470 unquam
1095 410 1175 456 fuit
1213 410 1376 455 factum
1404 425 1481 469 pro
1516 421 1605 454 tota
1630 408 1964 462 christianitate3

324 497 442 556 quod
498 498 644 550 etiam,
698 497 874 539 nemine
939 493 1280 545 demonstrante,
1336 509 1409 553 per
1466 492 1789 543 revelationem,
1838 502 1968 549 prout

324 579 439 632 dicit,
500 580 665 637 aliquos
702 579 904 623 homines
942 579 1148 636 cognovit
1189 593 1299 636 quos
1345 592 1574 636 nunquam
1625 589 1723 620 ante
1778 573 1968 628 viderat;

323 676 362 706 et
384 662 501 721 quod
532 663 733 707 revelavit
754 674 794 706 et
823 661 1114 706 manifestavit
1139 660 1373 720 quemdam
1414 676 1562 705 ensem
1600 657 1902 704 absconditum
1926 657 1969 701 in

327 759 449 790 terra.
483 765 502 788 »

1132 866 1170 908 V

390 1014 410 1037 «
438 998 560 1051 ssim,
584 996 691 1040 dicta
712 997 893 1040 foemina
919 995 1020 1040 dicit
1060 1009 1101 1039 et
1139 994 1321 1040 affirmat
1348 994 1484 1054 quod,
1519 993 1570 1039 de
1600 992 1805 1038 mandato
1835 991 1911 1036 Dei
1930 1004 1971 1037 et

328 1083 419 1138 ejus
436 1080 542 1124 bene
564 1080 731 1138 placito,
755 1081 985 1138 assumpsit
1017 1091 1058 1124 et
1089 1079 1287 1137 portavit,
1314 1094 1359 1123 ac
1387 1079 1592 1123 continue
1617 1089 1759 1136 portat
1780 1089 1822 1122 et
1845 1077 1972 1121 vestit

330 1164 527 1208 habitum
547 1163 597 1208 ad
618 1180 747 1208 usum
774 1165 851 1207 viri
876 1172 907 1207 ².
934 1165 984 1207 Et
1027 1163 1206 1208 ulterius
1235 1163 1335 1207 dicit
1364 1161 1499 1221 quod,
1524 1179 1573 1206 ex
1599 1178 1686 1221 quo
1715 1160 1895 1205 habebat
1919 1159 1970 1205 de

332 1248 535 1292 mandato
564 1249 642 1292 Dei
669 1247 829 1292 deferre
851 1247 1045 1291 habitum
1067 1247 1159 1301 viri,
1189 1247 1413 1305 oportebat
1437 1262 1532 1290 eam
1559 1247 1749 1304 accipere
1779 1246 1972 1289 tunicam

332 1332 522 1385 brevem,
552 1333 797 1390 capucium,
832 1332 1055 1389 giponem,
1099 1330 1298 1374 braccas3
1329 1343 1370 1374 et
1414 1329 1566 1388 caligas
1612 1345 1712 1373 cum
1757 1328 1971 1386 aguilletis

333 1416 495 1470 multis,
529 1415 688 1474 capillis
712 1414 860 1473 capitis
883 1416 1088 1472 suisuper
1105 1415 1375 1458 summitates
1389 1415 1560 1457 aurium
1587 1414 1724 1457 scissis
1758 1414 1801 1456 in
1826 1423 1973 1456 rotun-

332 1498 466 1553 dum;
490 1499 598 1542 nihil
628 1515 755 1557 super
778 1508 793 1530 ⁴
825 1514 980 1557 corpus
1004 1514 1134 1542 suum
1173 1496 1477 1555 relinquendo,
1501 1495 1619 1555 quod
1650 1512 1800 1540 sexum
1830 1495 1974 1539 foemi-

333 1599 465 1627 neum
480 1581 687 1641 approbet
700 1595 774 1626 aut
791 1582 1074 1635 demonstret,
1097 1594 1247 1639 praeter
1267 1597 1313 1625 ea
1332 1597 1429 1640 quae
1450 1592 1599 1625 natura
1624 1579 1764 1625 eidem
1780 1578 1973 1623 foeminae

332 1667 515 1711 contulit
543 1666 593 1710 ad
638 1665 833 1709 foeminei
861 1681 986 1710 sexus
1031 1664 1358 1709 distinctionem
1382 1673 1411 1708 5.
1439 1663 1663 1722 Quodque
1698 1664 1741 1707 in
1770 1661 1973 1722 praedicto

335 1750 499 1801 habitu,
526 1751 683 1809 pluries
721 1750 1021 1794 eucharistiam
1047 1747 1230 1807 recepit.
1271 1750 1358 1792 Nec
1384 1747 1525 1792 voluit
1564 1760 1636 1791 aut
1659 1747 1750 1791 vult
1779 1746 1974 1790 habitum

335 1834 590 1878 muliebrem
631 1849 860 1883 resumere,
909 1833 1067 1892 pluries
1117 1848 1245 1891 super
1294 1832 1373 1876 boc
1428 1832 1644 1875 caritative
1692 1831 1894 1889 requisita
1935 1842 1977 1873 et

336 1915 516 1968 monita,
547 1913 691 1958 dicens
718 1913 835 1973 quod
864 1913 1009 1957 mallet
1046 1914 1155 1957 mori
1180 1913 1196 1938 ⁶
1235 1928 1366 1971 quam
1403 1912 1597 1956 habitum
1631 1911 1799 1955 virilem
1826 1909 1978 1954 dimit-

337 2011 422 2042 tere
444 2006 472 2051 ss,
503 1998 764 2056 aliquotiens
782 1997 1034 2055 simpliciter
1058 1996 1259 2050 dicendo,
1286 2009 1326 2040 et
1353 1995 1603 2054 aliquando,
1624 2013 1643 2035 «
1676 1996 1757 2038 nisi
1794 2007 1902 2038 esset
1925 1993 1976 2037 de

337 2080 539 2125 mandato
567 2082 647 2125 Dei
675 2098 712 2124 ».
738 2082 786 2124 Et
810 2080 990 2139 quod,si
1012 2082 1053 2123 in
1081 2080 1228 2124 habitu
1242 2081 1320 2123 viri
1334 2091 1442 2123 esset
1462 2080 1572 2122 inter
1593 2095 1666 2123 eos
1688 2093 1763 2136 pro
1787 2093 1975 2137 quorum

337 2178 450 2223 parte
478 2165 576 2208 alias
595 2181 637 2208 se
667 2166 865 2218 armavit,
895 2178 935 2207 et
962 2163 1112 2208 faceret
1137 2165 1243 2207 sicut
1273 2163 1445 2207 faciebat
1471 2176 1568 2206 ante
1593 2163 1836 2220 captionem
1854 2176 1977 2205 suam

337 2260 377 2291 et
397 2248 711 2301 detentionem,
735 2247 815 2291 hoc
851 2260 958 2291 esset
998 2263 1136 2291 unum
1181 2246 1232 2290 de
1276 2247 1475 2290 maximis
1516 2245 1640 2290 bonis
1662 2244 1779 2304 quod
1806 2245 1977 2288 evenire

338 2344 477 2390 posset
503 2333 582 2375 toti
610 2347 742 2389 regno
769 2332 975 2385 Franciae3
1025 2329 1224 2374 addendo
1269 2329 1402 2389 quod,
1447 2345 1523 2388 pro
1563 2329 1679 2374 nulla
1715 2344 1758 2373 re
1803 2327 1974 2382 mundi,

339 2415 490 2460 faceret
521 2417 535 2441 ³
567 2417 861 2472 juramentum
899 2414 950 2458 de
994 2430 1081 2458 non
1111 2413 1323 2473 portando
1362 2412 1557 2458 habitum
1586 2414 1666 2456 viri
1714 2425 1756 2456 et
1785 2411 1836 2456 de
1885 2427 1975 2455 non

340 2498 546 2542 armando
574 2514 630 2542 se.
652 2499 701 2541 Et
723 2500 766 2541 in
794 2498 1000 2542 omnibus
1034 2499 1278 2556 praemissis,
1308 2496 1409 2541 dicit
1429 2513 1472 2540 se
1503 2496 1610 2540 bene
1634 2495 1779 2540 fecisse
1800 2507 1840 2540 et
1868 2494 1976 2539 bene

339 2581 489 2634 facere,
517 2580 761 2626 obediendo
783 2582 878 2625 Deo
903 2595 943 2625 et
963 2580 1174 2625 mandatis
1195 2582 1301 2638 ejus.
1337 2595 1356 2618 »

394 2776 422 2799 1.
446 2765 542 2806 Item,
568 2771 662 2811 super
683 2766 792 2808 tertio,
822 2770 952 2799 notetur
974 2764 1060 2798 illud
1087 2766 1121 2798 in
1147 2775 1208 2810 quo
1227 2763 1363 2798 habetur
1387 2777 1405 2796 «
1425 2765 1461 2798 in
1481 2775 1540 2798 sua
1557 2765 1709 2798 societate
1727 2775 1745 2795 »
1765 2766 1796 2797 et
1810 2767 1982 2809 propterea

339 2823 519 2858 w‘derzntitr
546 2824 666 2858 littersc
696 2826 824 2870 scripta·
848 2826 931 2869 regi.
954 2845 1000 2849 ——
1030 2835 1062 2859 2.
1094 2824 1198 2870 Super
1229 2828 1360 2870 quarto,
1387 2823 1492 2869 quoad
1519 2823 1667 2857 habitum
1693 2822 1736 2856 ad
1767 2834 1863 2856 usum
1895 2822 1979 2863 viri,

340 2884 461 2917 scilicet
482 2885 643 2926 mimicam,
657 2883 742 2917 debet
754 2884 839 2930 poni
859 2896 869 2917 .·
891 2898 903 2913 α
925 2883 971 2917 Et
986 2895 1061 2918 cum
1074 2883 1128 2918 hoc
1145 2883 1233 2916 dixit
1247 2883 1340 2929 quod,
1355 2887 1526 2929 postquam
1540 2882 1577 2916 de
1593 2882 1749 2917 mandato
1768 2882 1834 2916 Dei
1849 2881 1980 2915 hahebat

334 2948 470 2989 portare
497 2943 643 2976 habitum
664 2944 748 2992 viri,
773 2943 937 2989 oportebat
958 2945 1061 2989 ipsam.
1081 2948 1218 2989 portare
1247 2943 1392 2976 tunicam
1424 2942 1565 2984 brevem,
1593 2943 1776 2988 capucium,
1801 2945 1858 2976 etc.
1880 2955 1912 2975 ».
1936 2961 1981 2965 —

345 3012 376 3047 3.
391 3001 420 3036 C
435 3014 445 3035 .·
460 3001 604 3036 brachas.
624 3022 671 3027 -
684 3012 718 3045 4.
735 3002 804 3037 AC
827 3014 837 3036 ,·
858 3002 962 3036 nichil
979 3008 1091 3048 supra.
1111 3022 1157 3027 —
1175 3012 1208 3046 5,
1233 3001 1299 3036 AC
1320 3013 1330 3035 .·
1350 3002 1589 3036 discretionem.
1609 3020 1651 3026 —
1670 3001 1702 3036 6.
1721 3001 1748 3035 Β
1761 3008 1859 3036 omet
1877 3001 1977 3035 mori.

342 3081 387 3086 -—-
417 3071 449 3105 7.
470 3061 574 3107 Super
604 3061 748 3095 eodem‘«
767 3061 916 3095 habitum
935 3062 1071 3095 virilem
1093 3061 1273 3103 dimittere,
1301 3066 1359 3096 etc.
1382 3074 1399 3093 »
1430 3060 1573 3095 addatur
1601 3065 1629 3094 et
1661 3060 1758 3094 aliud
1781 3059 1865 3106 quod
1891 3059 1981 3094 dixit

342 3119 425 3164 quod
446 3133 462 3151 «
485 3120 537 3153 hor
568 3132 629 3154 non
656 3120 850 3162 dimitteret,
875 3122 942 3154 nisi
959 3124 1033 3154 esset
1053 3120 1090 3154 ‹le
1111 3119 1264 3154 mandato
1279 3120 1346 3154 Dei
1373 3135 1409 3157 »,
1434 3141 1480 3145 —-
1498 3120 1531 3154 8.
1552 3119 1582 3154 C
1602 3132 1612 3154 :
1642 3118 1751 3161 saciet.

2065 3270 2084 3352 0⁴⁴¹
2063 3206 2084 3264 itu*-
2066 3067 2090 3201 ,νυνδὴ-ς
2064 2565 2094 3059 ψυῳιοιωκιωμ-Ἢιυῃῳ
2068 2488 2093 2502 ¹·
2092 2463 2093 2466 „
