2099 3356
354 185 511 229 PROCES
544 199 599 228 DE
633 197 986 228 CONDAMNATION
1022 198 1078 227 DE
1108 197 1274 239 JEANNE
1308 182 1434 227 D'Aizc
1630 194 1709 238 225

69 310 267 357 optatum
294 313 424 342 suum
449 314 538 342 non
565 308 829 357 pervenerat,
853 296 1015 349 Deum,
1039 295 1217 340 Sanctos
1255 307 1296 340 et
1325 296 1496 340 Sanctas
1526 293 1719 353 blasphe-

69 381 217 434 mavit,
239 381 553 426 contumeliose
580 381 820 439 denegavit,
845 392 887 423 et
907 378 1150 423 terribiliter
1167 395 1212 422 ac
1235 395 1336 423 cum
1358 378 1536 423 horrore
1556 377 1719 422 ibidem

70 466 368 509 exsistentium
396 464 612 523 despexit3
641 477 682 508 et
701 466 846 517 etiam,
873 476 1103 522 postquam
1134 463 1217 508 fuit
1240 465 1284 507 in
1318 475 1454 507 castro
1475 462 1718 508 Rothoma-

69 550 205 607 gensi,
226 548 384 606 pluries
405 562 445 593 et
466 549 643 593 diversis
667 547 833 600 diebus,
863 548 1022 601 Deum,
1056 548 1227 591 Beatam
1254 548 1499 605 Virginem,
1537 547 1718 591 Sanctos

70 646 112 676 et
138 632 311 676 Sanctas
333 632 647 690 blasphemavit
668 644 708 675 et
748 630 989 688 denegavit,
1025 630 1165 674 ferens
1190 631 1466 690 impatienter
1502 642 1542 674 et
1581 629 1718 674 detes-

70 729 163 760 tans
183 716 302 774 quod
344 716 577 772 injudicio
618 717 815 759 virorum
848 713 1235 759 ecclesiasticorum
1264 717 1367 773 poni
1404 728 1445 759 et
1485 716 1529 758 in
1566 713 1720 759 eodem

76 801 243 844 tractari
270 799 464 844 debebat.
490 818 509 840 ›>

127 883 146 904 *
169 883 238 927 Ad
266 884 382 928 hunc
400 893 409 909 ¹
438 884 684 937 articulum,
710 881 967 940 respondet2
988 882 1106 941 quod
1133 899 1176 927 se
1200 883 1326 928 refert
1347 884 1544 927 Domino
1571 896 1722 927 nostro

77 980 117 1011 et
143 966 194 1012 ad
220 966 327 1011 illud
348 967 468 1026 quod
483 967 584 1011 alias
599 982 726 1025 super
749 966 830 1010 hoc
853 965 1091 1025 respondit.

132 1051 212 1094 Die
242 1051 420 1105 sabbati,
451 1053 574 1095 tertia
596 1051 756 1094 mensis
785 1051 943 1104 martii,
968 1051 1227 1109 interrogata
1248 1053 1298 1106 si,
1332 1064 1427 1109 post
1465 1051 1624 1095 saltum
1666 1049 1718 1094 de

74 1136 195 1187 turri,
217 1134 298 1178 fuit
320 1134 484 1179 turbata
512 1148 554 1179 et
581 1137 698 1189 irata,
727 1149 768 1180 et
795 1138 827 1180 si
858 1134 1169 1193 blasphemavit
1205 1151 1368 1179 nomen
1394 1136 1476 1179 Dei
1502 1153 1510 1179 :
1540 1151 1723 1193 respon-

75 1217 137 1262 dit
165 1218 283 1277 quod
302 1235 529 1277 nunquam
561 1220 781 1265 maledixit
810 1222 966 1264 Sancto
994 1220 1061 1264 vel
1090 1221 1270 1273 Sanctae,
1297 1233 1338 1263 et
1362 1219 1479 1278 quod
1513 1236 1601 1263 non
1625 1236 1726 1263 con-

75 1303 217 1346 suevit
242 1304 395 1359 jurare.
444 1304 708 1361 Interrogata
745 1304 794 1348 de
829 1304 939 1348 facto
967 1305 1282 1358 Suessionensi,
1316 1320 1367 1348 eo
1398 1303 1515 1362 quod
1567 1305 1724 1361 capita-

76 1402 183 1429 neus
238 1385 480 1430 reddiderat
519 1387 664 1431 villam
709 1402 749 1432 et
796 1387 959 1432 dixerat
1002 1387 1121 1446 quod
1170 1387 1452 1445 denegaverat
1491 1388 1651 1441 Deum,
1692 1388 1726 1431 si

75 1481 239 1513 teneret
263 1486 382 1523 eum,
405 1469 558 1514 faceret
575 1472 715 1529 ipsum
739 1471 873 1515 scindi
896 1473 939 1514 in
965 1484 1153 1530 quatuor
1174 1473 1310 1530 pecias
1331 1488 1338 1514 :
1364 1469 1585 1529 respondit
1608 1469 1726 1529 quod

75 1554 162 1611 ipsa
197 1569 425 1612 nunquam
461 1553 689 1613 denegavit
736 1556 942 1599 Sanctum
970 1571 1046 1599 nec
1068 1556 1286 1606 Sanctam,
1333 1567 1375 1599 et
1418 1555 1478 1598 illi
1515 1555 1589 1613 qui
1619 1554 1728 1599 illud

76 1636 278 1681 dixerunt
306 1638 416 1681 male
441 1638 760 1683 intellexerunt.

136 1721 261 1775 Item,
300 1723 518 1776 mercurii,
568 1737 676 1766 X1111.
725 1725 882 1777 martii,
912 1725 1169 1781 interrogata
1214 1725 1264 1776 si,
1298 1736 1528 1782 postquam
1570 1736 1631 1767 est
1680 1724 1727 1767 in

76 1803 197 1863 [isto]
225 1820 402 1859 carcere,
453 1805 683 1864 denegavit
718 1808 863 1850 Deum
895 1807 961 1851 vel
998 1806 1217 1851 maledixit
1243 1808 1308 1851 ei:
1352 1806 1574 1865 respondit
1610 1806 1726 1865 quod

80 1905 185 1941 non,
216 1902 256 1933 et
277 1888 413 1948 quod,
443 1889 704 1948 aliquotiens
728 1890 905 1948 quando
931 1892 1018 1949 ipsa
1041 1891 1162 1945 dixit,
1193 1891 1263 1934 bon
1286 1895 1361 1948 ἕνθ’
1389 1891 1511 1945 Diem,
1538 1907 1586 1934 011.
1622 1893 1731 1934 saint

68 1974 212 2029 Jehcm,
235 1989 283 2017 on
309 1974 454 2017 Nostra
476 1975 622 2024 Dama,
647 1974 707 2017 illi
729 1976 805 2032 qui
826 1987 1007 2032 possunt
1032 1974 1225 2018 retulisse
1255 1974 1364 2018 male
1393 1974 1716 2018 intellexerunt.

136 2099 331 2142 XLVIII.
359 2116 379 2138 «
410 2099 532 2152 ITEM,
555 2099 665 2143 dicta
688 2099 886 2155 johanna
913 2100 1020 2144 dixit
1046 2117 1089 2144 se
1122 2099 1348 2144 credidisse
1375 2114 1416 2144 et
1444 2099 1612 2144 credere
1646 2102 1729 2158 spi-

75 2184 180 2226 ritus
206 2181 286 2226 sibi
307 2196 557 2242 apparentes
582 2184 773 2241 Angelos
795 2196 835 2227 et
865 2184 1155 2242 Archangelos
1188 2201 1277 2228 esse
1304 2197 1346 2228 et
1377 2185 1550 2228 Sanctas
1578 2192 1587 2216 ³
1628 2184 1727 2238 Dei,

82 2282 204 2325 aeque
239 2266 423 2310 firmiter
448 2268 557 2310 sicut
580 2266 714 2311 credit
735 2267 867 2311 fidem
904 2267 1181 2312 christianam
1210 2281 1251 2312 et
1284 2269 1418 2327 ipsius
1447 2268 1545 2312 fidei
1576 2270 1729 2313 articu-

82 2350 169 2404 los3
193 2366 293 2394 cum
319 2360 336 2384 4
363 2364 507 2394 tamen
536 2351 710 2395 nullum
735 2353 909 2410 signum
942 2351 1092 2396 referat
1125 2368 1167 2395 se
1200 2351 1411 2407 habuisse,
1445 2351 1563 2410 quod
1603 2354 1739 2410 possit

84 2448 172 2476 esse
194 2433 411 2478 sufficiens
463 2433 515 2478 ad
554 2434 753 2492 praedicta
797 2435 1182 2493 cognoscendum3
1227 2452 1305 2479 nec
1326 2437 1455 2479 etiam
1489 2452 1616 2494 super
1653 2436 1735 2480 hoc

84 2518 347 2561 consuluerit
369 2519 635 2576 episcopum,
660 2532 857 2562 curatum
884 2532 957 2563 aut
984 2519 1173 2577 aliquem
1199 2520 1420 2577 praelatum
1447 2520 1640 2563 Ecclesiae
1659 2535 1733 2562 seu

91 2617 416 2660 quamcumque
438 2618 667 2660 personam
693 2603 1035 2656 ecclesiasticam,
1072 2619 1122 2646 an
1155 2603 1407 2660 hujusmodi
1435 2603 1734 2648 credulitatem

147 2787 164 2804 *
196 2788 408 2840 Respond:
458 2805 474 2822 «
495 2789 539 2836 Je
562 2787 665 2826 ni'en
693 2789 803 2840 tieng·
828 2789 848 2826 ἐι
873 2798 1004 2826 nostre
1025 2789 1234 2840 Seigneur,
1259 2799 1296 2827 et
1328 2789 1373 2827 ad
1397 2803 1439 2828 cc
1465 2803 1540 2842 quc
1579 2790 1654 2842 j'en
1689 2804 1737 2843 ay

94 2859 295 2911 respondu
325 2867 350 2896 Ξ.
381 2875 399 2894 >>

147 3048 174 3072 1.
199 3038 229 3071 A
251 3050 260 3071 .·
281 3037 571 3083 quadragesimwn
588 3039 774 3084 septimum.
793 3058 839 3062 ——
854 3048 886 3072 2.
909 3038 941 3072 A
957 3038 1075 3085 ajoute
1091 3038 1180 3073 dicta
1191 3038 1357 3083 Johanna.
1381 3061 1424 3064 —
1450 3050 1463 3084 3
1480 3067 1485 3073 .
1508 3039 1541 3084 Q
1560 3052 1569 3073 .·
1589 3039 1738 3074 Sanclos.

97 3107 182 3138 ——4.
207 3097 234 3130 B
253 3099 403 3132 :sm'.—-
431 3108 460 3141 5.
493 3097 535 3139 U,
559 3097 621 3132 fol.
647 3108 702 3143 29,
727 3107 770 3132 ΓΟ.

221 3169 347 3198 [³1³0ch
371 3179 413 3198 DF.
432 3169 560 3208 JEANNF.
583 3168 698 3199 n'Anc.
1602 3181 1633 3209 15
