2099 3356
350 197 508 241 PROC1¹35
540 211 596 240 DE
628 209 977 240 CONDAMNATION
1014 210 1070 240 DE
1101 211 1268 253 JEANNE
1300 196 1427 241 D'ARC
1634 209 1716 252 207

72 307 124 353 ad
160 321 362 353 mortem.
390 310 514 363 Item,
544 325 591 353 ea
623 309 706 361 die,
741 308 847 353 dixit
881 308 1000 367 quod
1034 310 1230 354 consulta
1267 310 1349 354 fuit
1374 325 1447 368 per
1473 309 1640 368 aliquos
1667 309 1717 352 de

14 442 16 444 ,
73 405 188 450 parte
214 408 288 437 sua
312 391 429 451 quod
454 405 632 451 poneret
655 394 814 449 Jffl-:sus
837 394 988 436 MARIA
1007 411 1016 446 ;
1038 405 1078 436 et
1100 395 1143 437 in
1163 392 1382 452 aliquibus
1403 408 1575 437 suarum
1603 393 1721 435 litte—

72 491 232 530 rarum,
260 475 446 534 ponebat
478 475 547 520 illa
573 477 771 529 nomina,
810 488 851 520 et
885 477 929 519 in
961 476 1052 520 aliis
1082 493 1188 520 non.
1220 477 1329 521 Item
1355 475 1476 530 dixit,
1504 487 1720 535 quantum

72 558 123 603 ad
150 558 265 603 istud
290 572 501 618 punctum
530 561 573 603 in
607 576 696 618 quo
723 561 929 618 scriptum
952 573 1028 604 est.
1066 578 1085 600 «
1111 559 1341 619 Quidquid
1370 561 1457 618 ipsa
1494 559 1607 613 fecit,
1637 559 1721 603 hoc

74 655 136 687 est
159 657 233 701 per
267 643 501 687 consilium
530 644 713 688 Domini
741 644 877 687 nostri
914 659 952 696 »,
990 642 1109 702 quod
1136 643 1261 688 debet
1292 643 1436 688 haberi
1462 661 1469 687 :
1504 661 1524 683 «
1552 644 1721 687 Totum

76 726 117 771 id
142 726 259 785 quod
284 736 292 752 ¹
330 727 409 771 feci
441 727 544 772 boni
568 735 583 753 2
608 745 646 781 »‚
672 728 820 785 gallice
845 743 918 786 qne
941 727 973 770 tl
1000 728 1079 771 doit
1107 729 1223 771 avoir
1250 745 1263 772 .·
1296 744 1316 767 «
1353 727 1454 771 Tout
1479 744 1517 771 ce
1548 743 1620 786 que
1637 726 1722 786 j'ay

75 811 152 863 fait
172 811 217 854 de
235 811 335 855 bien.
359 828 380 851 2>

133 895 409 952 Interrogata,
435 910 483 939 ea
505 894 588 949 die,
617 896 667 949 si,
693 894 870 954 quando
897 896 974 938 ivit
999 906 1097 938 ante
1131 894 1279 939 villam
1314 895 1365 939 de
1402 896 1605 946 Caritate,
1635 896 1724 953 ipsa

77 977 302 1022 benefecit
325 978 391 1022 vel
413 978 523 1023 male
551 996 558 1022 :
587 978 807 1037 respondit
824 977 958 1036 quod,
979 979 1012 1022 si
1040 977 1151 1023 male
1176 978 1291 1033 fecit,
1320 981 1408 1037 ipsa
1435 978 1486 1023 de
1509 979 1591 1023 hoc
1617 995 1725 1023 con-

76 1060 283 1105 fitebitur.

134 1146 401 1203 Interrogata
423 1147 457 1189 si
501 1145 607 1190 bene
640 1145 785 1190 fecerit
818 1145 870 1190 de
904 1145 1052 1190 eundo
1078 1159 1176 1190 ante
1209 1147 1396 1190 Parisius
1427 1163 1434 1189 :
1466 1145 1720 1205 respondit³

22 1248 30 1257 ·
76 1228 194 1288 quod
231 1229 396 1274 nobiles
432 1229 484 1274 de
520 1231 695 1274 Francia
730 1230 967 1274 voluerunt
999 1231 1060 1274 ire
1093 1243 1190 1274 ante
1220 1232 1434 1285 Parisius;
1473 1243 1515 1274 et
1551 1230 1603 1275 de
1643 1230 1726 1275 hoc

77 1311 289 1368 faciendo,
313 1312 486 1358 videtur
506 1315 545 1358 ei
563 1312 681 1373 quod
706 1315 785 1372 ipsi
807 1313 1001 1358 fecerunt
1022 1313 1217 1359 debiturn
1241 1330 1388 1369 suum,
1411 1314 1557 1359 eundo
1578 1327 1726 1359 contra

78 1396 342 1442 adversarios
367 1414 485 1442 suos.

139 1564 343 1609 XXXIII.
375 1582 396 1605 ι(
425 1566 551 1620 ΙΤΕΜ,
570 1565 687 1625 quod
707 1576 722 1599 4
747 1565 859 1610 dicta
884 1567 1083 1623 Johanna
1107 1580 1448 1625 praesumptuose
1475 1579 1516 1611 et
1543 1580 1730 1611 temera—

81 1649 140 1693 rie
165 1665 209 1693 se
233 1651 401 1706 jactavit
427 1663 469 1694 et
498 1651 621 1707 jactat
663 1649 782 1708 quod
806 1651 972 1708 praescit
999 1650 1159 1704 futura,
1189 1652 1399 1709 praeterita
1434 1652 1658 1708 praescivit,
1689 1664 1730 1695 et

81 1735 308 1790 praesentia
338 1732 505 1778 occulta
534 1749 609 1778 seu
637 1733 827 1788 latentia,
851 1733 969 1793 quod
999 1733 1217 1778 divinitati
1244 1734 1495 1779 attribuitur
1518 1734 1615 1788 sibi,
1642 1735 1730 1780 hu-

81 1832 221 1861 manae
247 1829 450 1862 creaturae
473 1817 658 1875 simplici
685 1829 726 1861 et
754 1817 954 1872 indoctae,
979 1818 1271 1863 attribuendo.
1299 1836 1319 1859 »

135 2069 246 2116 Item,
272 2069 329 2108 dit
352 2068 497 2122 qu’elle
524 2068 583 2108 fut
607 2069 822 2109 conseille'e
840 2083 909 2123 par
942 2083 1095 2109 aucuns
1116 2070 1164 2109 de
1196 2084 1269 2109 son
1298 2080 1410 2124 party
1433 2071 1578 2124 qu’elle
1609 2072 1727 2111 meist

80 2141 228 2189 Jsssnus
253 2142 413 2180 MARIA:
442 2150 479 2180 et
502 2141 543 2180 es
560 2155 735 2181 aucunes
759 2142 807 2181 de
825 2156 885 2181 ses
907 2141 1047 2182 lectres
1065 2143 1232 2181 mectoit
1244 2142 1336 2181 bien
1356 2144 1506 2192 JEsnus
1525 2145 1663 2183 MARIA
1689 2153 1726 2182 et

83 2213 124 2249 es
146 2221 277 2251 autres
305 2226 402 2252 non.

138 2285 246 2331 Item,
271 2284 342 2332 dit,
367 2295 489 2338 quant
509 2285 556 2324 ad
581 2299 624 2324 ce
652 2286 768 2338 point
789 2287 842 2325 ou
873 2285 900 2324 il
925 2299 945 2324 a
972 2286 1118 2339 escript
1145 2300 1152 2324 :
1179 2303 1198 2322 ‹<
1223 2286 1333 2325 Tout
1362 2300 1406 2326 ce
1428 2287 1572 2340 qu'elle
1602 2301 1622 2332 a
1646 2287 1728 2334 fait,

84 2355 180 2394 c'est
200 2370 267 2409 par
286 2356 322 2395 le
347 2356 499 2396 conseil
521 2357 568 2395 de
595 2366 728 2396 nostre
754 2358 950 2410 Seigneur
967 2374 1002 2405 »,
1031 2372 1106 2411 que
1132 2358 1157 2396 il
1183 2372 1208 2411 y
1230 2358 1315 2397 doit
1334 2359 1446 2398 avoir
1470 2373 1477 2396 :
1511 2376 1529 2395 ‹<
1556 2359 1662 2397 Tout
1688 2373 1730 2397 cc

57 2477 59 2479 ι
86 2440 161 2480 que
182 2426 256 2481 j’ay
280 2427 348 2466 fait
369 2428 416 2467 de
436 2428 543 2467 bien.
572 2446 589 2465 »

141 2499 397 2553 Interroguee
420 2514 474 2549 se,
505 2501 552 2539 de
586 2500 666 2539 aler
689 2501 833 2540 devant
858 2501 894 2540 la
916 2502 1090 2549 Charite',
1115 2501 1190 2540 elle
1220 2501 1283 2540 fist
1310 2501 1399 2540 bien
1426 2516 1478 2541 ou
1510 2503 1587 2541 mal
1617 2517 1624 2540 ε
1649 2516 1732 2541 res-

84 2571 208 2624 pond,
236 2571 345 2611 s'elle
369 2586 388 2610 a
409 2571 485 2611 mal
504 2572 586 2621 fait,
608 2587 660 2611 on
687 2573 768 2611 s'en
793 2573 1036 2612 confessera.

139 2644 393 2696 Interroguee
413 2643 519 2682 s'elle
541 2643 674 2683 faisoit
694 2645 784 2683 bien
811 2644 932 2683 d'aler
948 2645 1093 2684 devant
1115 2645 1220 2683 Paris
1238 2659 1245 2682 :
1268 2646 1441 2698 respond
1463 2659 1539 2699 que
1562 2644 1617 2684 les
1636 2659 1733 2698 gen-

85 2714 151 2753 tilz
172 2715 358 2755 hommes
386 2715 433 2754 de
459 2717 604 2754 France
629 2715 845 2755 voulurent
873 2716 953 2755 aler
971 2717 1114 2755 devant
1141 2717 1275 2765 Paris;
1310 2726 1347 2755 et
1377 2717 1424 2756 de
1455 2731 1498 2756 ce
1529 2717 1637 2765 faire,
1665 2718 1734 2770 luy

84 2786 235 2825 semble
256 2786 374 2840 qu'ilz
396 2786 511 2826 firent
535 2787 620 2826 leur
643 2787 796 2835 devoir,
822 2788 842 2826 21
869 2788 947 2826 aler
967 2798 1105 2827 contre
1127 2788 1230 2827 leurs
1253 2786 1493 2828 adversaires
1519 2798 1544 2827 5.

144 3054 172 3078 1.
201 3044 233 3078 A
260 3044 378 3091 ajoute
401 3056 468 3090 ego.
507 3065 550 3069 —
579 3055 611 3079 2.
634 3044 668 3089 Q
694 3057 704 3080 .·
725 3045 810 3079 bene.
832 3065 878 3070 —
912 3055 942 3090 3.
967 3046 997 3079 Α
1024 3057 1033 3080 .·
1061 3046 1238 3087 respondet.
1261 3067 1308 3070 —
1337 3056 1370 3089 4.
1396 3046 1426 3081 C
1450 3055 1548 3081 ornet
1574 3046 1667 3092 quod.
1688 3067 1733 3072 —

97 3112 125 3145 5.
159 3103 200 3146 U,
231 3103 291 3138 lol.
317 3104 373 3144 28,
393 3114 443 3138 VO.
