2099 3356
466 190 623 235 PROCl'is
656 205 711 233 DE
744 204 1097 233 CONDAMNATION
1134 205 1188 234 DE
1221 205 1388 246 JEANNE
1423 191 1552 235 D'ARC
1806 207 1821 249 5

185 306 402 359 Manchon,
436 303 685 363 presbyteri,
714 303 947 362 apostolica
971 315 1013 347 et
1043 303 1254 362 imperiali
1282 303 1606 348 auctoritatibus
1633 317 1675 349 et
1702 306 1830 349 curiae

183 388 551 447 archiepiscopalis
600 387 967 445 Rothomagensis
1015 388 1200 441 notarii3
1253 399 1294 431 et
1349 387 1555 432 dominus
1611 388 1831 445 Johannes

182 474 382 522 Massica,
418 471 655 530 presbyter,
686 469 871 514 decanus
898 470 1217 514 christianitatis
1258 470 1640 529 Rothomagensis,
1676 474 1832 516 consti-

182 569 302 601 tutus
323 556 405 600 fuit
431 567 655 599 exsecutor
680 553 986 597 mandatorum
1009 566 1050 597 et
1068 555 1437 598 convocationum
1456 556 1709 599 auctoritate
1731 572 1830 600 nos-

182 653 243 684 tra
276 639 534 684 fiendarum.
562 640 697 682 Prout
745 637 834 681 haec
861 638 1011 681 omnia
1036 639 1079 681 in
1117 637 1268 681 litteris
1292 654 1419 697 super
1439 640 1655 683 creatione
1681 638 1829 696 hujus-

182 722 301 768 modi
326 722 572 767 officiorum
606 720 809 765 confectis
848 720 972 764 latius
996 722 1289 765 continentur.
1329 722 1640 787 Universarum
1682 735 1826 768 autem

180 809 418 852 litterarum
448 819 632 859 tenores,
663 817 749 848 tam
772 805 1014 849 clausarum
1036 821 1168 864 quam
1187 806 1445 863 patentium,
1474 805 1525 850 de
1540 805 1697 865 quibus
1713 808 1826 851 inter

178 905 269 938 acta
296 891 510 949 praemissa
529 902 715 942 cavetur,
742 905 816 947 per
836 889 1035 933 ordinem
1060 888 1191 947 redigi
1229 902 1269 933 et
1300 889 1368 934 hic
1395 889 1574 934 describi
1599 892 1818 948 jussimus,

178 990 226 1021 ut
247 992 388 1021 rerum
414 973 728 1035 antedictarum
749 974 877 1017 series
898 972 1083 1018 lucidius
1103 985 1337 1032 appareret.

232 1186 281 1213 ET
317 1186 436 1213 PRIMO
462 1185 662 1217 SEQUITUR
690 1184 821 1212 TENOR
845 1181 854 1198 ¹
885 1184 1135 1211 LITTERARUM
1167 1183 1281 1210 ALMAE
1309 1183 1610 1212 UNIVERSITATIS
1637 1184 1771 1211 STUDII

448 1257 698 1293 PARISIENSIS,
722 1257 1048 1283 TRANSMISSARUM
1071 1256 1367 1283 ILLUSTRISSIMO
1397 1256 1569 1284 PRINCIPI

691 1328 850 1355 DOMINO
873 1328 969 1355 DUCI
992 1328 1233 1355 BURGUNDIAE
1254 1324 1283 1353 ².

235 1472 254 1491 «
276 1455 373 1494 Tres
400 1453 509 1493 hault
530 1463 567 1492 et
596 1454 673 1492 tres
692 1453 871 1506 puissant
893 1453 1030 1506 prince
1055 1463 1093 1492 et
1117 1462 1249 1492 nostre
1276 1454 1353 1492 tres
1378 1453 1570 1492 redoubte
1598 1462 1636 1492 et
1662 1454 1818 1493 honore

177 1527 379 1579 seigneur,
416 1538 516 1564 nous
548 1538 650 1563 nous
681 1525 1017 1564 recommandons
1053 1526 1130 1563 tres
1163 1524 1445 1563 humblement
1480 1525 1501 1563 a
1525 1534 1656 1564 vostre
1699 1525 1818 1564 noble

176 1596 357 1636 haultece
381 1604 408 1634 3.
442 1595 642 1636 Combien
661 1609 738 1649 que
762 1595 980 1643 autreffois‚
1005 1604 1138 1634 nostre
1166 1596 1243 1635 tres
1268 1594 1461 1634 redoubte
1483 1605 1521 1634 et
1553 1596 1709 1635 honore'
1740 1597 1818 1635 sei-

175 1682 316 1722 gneur,
340 1682 443 1707 nous
468 1681 592 1721 ayons
617 1668 836 1721 pardevers
846 1677 979 1706 vostre
1003 1667 1185 1706 haultece
1203 1668 1349 1721 escript
1369 1677 1407 1707 et
1428 1667 1585 1721 supplie
1606 1669 1683 1707 tres
1701 1669 1821 1708 hum-

175 1741 352 1780 blement
374 1741 394 1779 a
427 1753 470 1779 ce
507 1754 583 1793 que
607 1739 705 1779 celle
730 1739 877 1778 femnie
908 1739 1012 1778 dicte
1045 1739 1082 1778 la
1105 1739 1266 1788 PuceHe,
1291 1748 1431 1788 estant,
1461 1739 1497 1779 la
1536 1754 1672 1794 mercy
1697 1742 1815 1790 Dieu,

175 1826 223 1851 en
255 1821 386 1851 vostre
411 1811 658 1864 subjeccion,
689 1809 769 1850 fust
793 1811 892 1850 mise
918 1812 958 1850 es
980 1812 1109 1850 mains
1140 1811 1187 1850 de
1213 1810 1249 1850 la
1286 1812 1427 1864 justice
1458 1812 1506 1851 de
1528 1802 1688 1866 I’Eglise
1718 1826 1822 1866 pour

175 1884 229 1922 lui
253 1883 348 1923 faire
379 1897 451 1922 son
474 1885 615 1936 proces
637 1883 853 1922 deuement
877 1897 942 1921 sur
966 1882 1021 1922 les
1049 1882 1265 1937 ydolatries
1296 1893 1333 1922 et
1366 1892 1494 1923 autres
1520 1885 1702 1923 matieres
1727 1894 1818 1923 tou-

175 1956 294 1994 chans
319 1964 452 1994 nostre
485 1955 609 1993 sainte
633 1953 718 2007 foy,
755 1964 792 1993 et
813 1953 868 1992 les
898 1954 1089 1993 escandes
1110 1955 1268 2007 reparer
1297 1954 1318 1993 a
1342 1954 1557 1994 l’occasion
1598 1955 1712 1995 d’elle
1738 1970 1821 1995 sur-

174 2040 323 2066 venues
348 2040 397 2065 en
423 2040 465 2065 ce
488 2039 694 2079 royaume,
722 2025 927 2065 ensemble
951 2025 1007 2065 les
1029 2025 1265 2079 dommages
1285 2036 1301 2060 4
1331 2036 1369 2065 et
1390 2027 1681 2066 inconveniens
1704 2028 1818 2067 innu-

174 2098 365 2137 merables
388 2100 455 2152 qui
495 2112 542 2137 en
569 2107 660 2137 sont
681 2098 815 2137 ensuis
840 2112 847 2135 :
875 2098 1137 2145 toutesvoies‚
1170 2111 1272 2137 nous
1302 2097 1467 2137 n'avons
1493 2113 1541 2138 eu
1564 2113 1717 2139 aucune
1740 2114 1817 2139 res-

175 2184 298 2224 ponse
329 2184 395 2209 sur
419 2184 478 2217 ce,
512 2179 549 2209 et
583 2170 747 2209 n'avons
789 2170 904 2223 point
934 2183 1027 2208 sceu
1064 2183 1157 2224 que,
1190 2184 1293 2223 pour
1329 2170 1424 2209 faire
1465 2171 1516 2210 du
1551 2170 1620 2210 fait
1659 2171 1815 2211 d’icelle

171 2241 318 2281 femme
344 2243 551 2281 discucion
585 2242 848 2290 convenable,
893 2244 946 2281 ait
978 2244 1058 2281 este
1100 2242 1216 2282 faicte
1252 2255 1407 2281 aucune
1440 2243 1674 2296 provision3
1717 2244 1815 2282 mais

172 2313 373 2353 doubtons
399 2313 529 2353 moult
550 2328 642 2368 que,
667 2328 736 2367 par
757 2314 793 2353 la
813 2313 982 2353 saulcete':
998 2323 1035 2353 et
1054 2314 1269 2353 seduccion
1303 2314 1349 2353 de
1379 2314 1583 2367 l'ennetny
1605 2314 1756 2354 d'enfer
1777 2325 1815 2354 et

172 2399 238 2438 par
253 2385 288 2424 la
310 2385 450 2424 malice
471 2395 509 2425 et
530 2385 706 2425 subtilite'
729 2386 796 2424 des
818 2387 1039 2425 mauvaises
1064 2399 1299 2439 personneS‚
1324 2399 1396 2425 vos
1421 2387 1602 2425 ennemis
1625 2396 1663 2425 et
1680 2387 1816 2425 adver-

171 2457 305 2505 saires‚
342 2458 409 2510 qui
446 2466 613 2496 mettent
638 2467 749 2496 toute
771 2457 855 2496 leur
876 2471 984 2504 cure,
1012 2471 1171 2497 comme
1193 2457 1271 2496 l’en
1303 2458 1374 2505 dit,
1408 2458 1427 2495 a
1464 2457 1626 2496 vouloir
1646 2457 1817 2497 de'livrer

171 2528 284 2567 icelle
308 2528 455 2568 femme
481 2543 548 2582 par
580 2542 703 2582 voyes
722 2529 920 2582 exquises,
954 2529 1029 2568 elle
1070 2530 1148 2568 soit
1171 2530 1270 2568 mise
1307 2530 1401 2567 hors
1426 2530 1473 2568 de
1498 2539 1631 2568 vostre
1666 2529 1818 2582 subjec-

171 2601 261 2639 cion
287 2615 355 2653 par
379 2600 756 2654 quelquemaniffle,
780 2614 857 2654 que
874 2601 975 2640 Dieu
998 2614 1046 2639 ne
1068 2600 1214 2640 veuille
1237 2610 1473 2653 permettre3
1498 2614 1576 2649 car,
1604 2614 1651 2639 en
1671 2602 1809 2650 verite,

170 2685 216 2711 au
239 2673 446 2725 jugement
467 2672 513 2711 de
544 2681 634 2711 tous
659 2672 760 2711 bons
784 2672 1034 2726 catholiques
1055 2673 1317 2724 cognoissans
1339 2686 1387 2710 en
1411 2686 1469 2720 ce,
1495 2673 1525 2710 si
1546 2681 1660 2725 grant
1687 2672 1814 2711 lesion

122 2735 126 2739 Δ
171 2757 217 2782 en
245 2743 280 2782 la
298 2745 423 2783 sainte
438 2743 522 2796 foy,
550 2745 580 2782 si
603 2745 768 2783 <inorme
791 2743 906 2797 peril,
933 2744 1220 2782 inconvenient
1238 2753 1274 2782 et
1300 2744 1529 2797 dommaige
1570 2758 1671 2797 pour
1703 2754 1814 2783 toute

170 2813 203 2853 la
222 2815 342 2854 chose
364 2815 558 2868 publique
586 2815 634 2854 de
656 2829 699 2854 ce
721 2829 912 2868 royaume
936 2829 984 2854 ne
1010 2825 1101 2854 sont
1122 2829 1296 2854 avenues
1318 2816 1365 2854 de
1393 2816 1587 2854 me'moire
1618 2815 1811 2863 d’omme,

220 2999 248 3022 1.
278 2988 308 3022 A
337 2989 455 3034 ajoutc:
483 2990 590 3035 copiae.
620 3010 665 3013 —
694 3000 725 3023 2.
758 2989 816 3023 BC
836 3001 880 3023 en
903 3000 1026 3034 marge
1054 3001 1060 3023 z
1089 2988 1195 3022 Tenor
1222 2989 1415 3022 litterarum
1445 2989 1685 3023 Universitatis
1704 2989 1811 3023 Puri-

169 3049 284 3082 siensis
314 3049 591 3082 trtmsmissarmn
617 3047 750 3082 domino
779 3048 856 3083 duri
889 3048 1104 3094 Bmgundia‘.
1131 3069 1176 3074 —
1208 3059 1237 3093 3.
1268 3048 1334 3082 AC
1356 3061 1365 3082 :
1384 3048 1554 3083 haullesce.
1577 3069 1617 3074 —
1642 3059 1679 3091 4.
1713 3048 1780 3083 AC
1804 3061 1813 3081 .·

170 3108 382 3153 domnmiges.
