<?xml version="1.0" encoding="UTF-8"?>
<!DOCTYPE html PUBLIC "-//W3C//DTD XHTML 1.0 Transitional//EN"
    "http://www.w3.org/TR/xhtml1/DTD/xhtml1-transitional.dtd">
<html xmlns="http://www.w3.org/1999/xhtml" xml:lang="en" lang="en">
 <head>
  <title>
</title>
<meta http-equiv="Content-Type" content="text/html;charset=utf-8" />
  <meta name='ocr-system' content='tesseract 3.04.00' />
  <meta name='ocr-capabilities' content='ocr_page ocr_carea ocr_par ocr_line ocrx_word'/>
</head>
<body>
  <div class='ocr_page' id='page_1' title='image "./procsdecondamn01cham/procsdecondamn01cham_0116.png"; bbox 0 0 2099 3356; ppageno 0'>
   <div class='ocr_carea' id='block_1_1' title="bbox 345 186 1703 242">
    <p class='ocr_par' dir='ltr' id='par_1_1' title="bbox 345 186 1703 242">
     <span class='ocr_line' id='line_1_1' title="bbox 345 186 1703 242; baseline -0.001 -11"><span class='ocrx_word' id='word_1_1' title='bbox 345 190 398 231; x_wconf 73' lang='lat'>66</span> <span class='ocrx_word' id='word_1_2' title='bbox 623 188 781 231; x_wconf 66' lang='lat' dir='ltr'>PRocfzs</span> <span class='ocrx_word' id='word_1_3' title='bbox 814 200 870 230; x_wconf 77' lang='lat' dir='ltr'>DE</span> <span class='ocrx_word' id='word_1_4' title='bbox 903 199 1256 230; x_wconf 75' lang='lat' dir='ltr'>coNDAMNA&#39;moN</span> <span class='ocrx_word' id='word_1_5' title='bbox 1292 200 1346 229; x_wconf 85' lang='lat' dir='ltr'>DE</span> <span class='ocrx_word' id='word_1_6' title='bbox 1378 199 1543 242; x_wconf 78' lang='lat' dir='ltr'>JEANNE</span> <span class='ocrx_word' id='word_1_7' title='bbox 1577 186 1703 230; x_wconf 82' lang='lat' dir='ltr'>D’ARc</span> 
     </span>
    </p>
   </div>
   <div class='ocr_carea' id='block_1_2' title="bbox 338 296 1989 2858">
    <p class='ocr_par' dir='ltr' id='par_1_2' title="bbox 339 296 1984 442">
     <span class='ocr_line' id='line_1_2' title="bbox 341 296 1984 358; baseline -0.001 -14"><span class='ocrx_word' id='word_1_8' title='bbox 341 300 420 344; x_wconf 86' lang='lat' dir='ltr'>alia</span> <span class='ocrx_word' id='word_1_9' title='bbox 443 301 689 358; x_wconf 86' lang='lat' dir='ltr'>promissio,</span> <span class='ocrx_word' id='word_1_10' title='bbox 715 299 787 344; x_wconf 91' lang='lat' dir='ltr'>sed</span> <span class='ocrx_word' id='word_1_11' title='bbox 813 315 902 344; x_wconf 89' lang='lat' dir='ltr'>non</span> <span class='ocrx_word' id='word_1_12' title='bbox 927 298 1038 344; x_wconf 87' lang='lat' dir='ltr'>dicet</span> <span class='ocrx_word' id='word_1_13' title='bbox 1060 313 1170 353; x_wconf 86' lang='lat' dir='ltr'>eam,</span> <span class='ocrx_word' id='word_1_14' title='bbox 1200 311 1241 343; x_wconf 90' lang='lat' dir='ltr'>et</span> <span class='ocrx_word' id='word_1_15' title='bbox 1264 296 1383 358; x_wconf 90' lang='lat' dir='ltr'>quod</span> <span class='ocrx_word' id='word_1_16' title='bbox 1409 298 1490 344; x_wconf 86' lang='lat' dir='ltr'>hoc</span> <span class='ocrx_word' id='word_1_17' title='bbox 1524 314 1612 343; x_wconf 92' lang='lat' dir='ltr'>non</span> <span class='ocrx_word' id='word_1_18' title='bbox 1648 300 1785 357; x_wconf 86' lang='lat' dir='ltr'>tangit</span> <span class='ocrx_word' id='word_1_19' title='bbox 1812 312 1984 357; x_wconf 87' lang='lat' dir='ltr'>proces-</span> 
     </span>
     <span class='ocr_line' id='line_1_3' title="bbox 339 380 1891 442; baseline -0.001 -14"><span class='ocrx_word' id='word_1_20' title='bbox 339 400 451 428; x_wconf 86' lang='lat' dir='ltr'>sum.</span> <span class='ocrx_word' id='word_1_21' title='bbox 479 385 529 428; x_wconf 90' lang='lat' dir='ltr'>Et</span> <span class='ocrx_word' id='word_1_22' title='bbox 549 382 651 428; x_wconf 91' lang='lat' dir='ltr'>dicit</span> <span class='ocrx_word' id='word_1_23' title='bbox 672 381 791 442; x_wconf 91' lang='lat' dir='ltr'>quod</span> <span class='ocrx_word' id='word_1_24' title='bbox 820 383 927 427; x_wconf 89' lang='lat' dir='ltr'>infra</span> <span class='ocrx_word' id='word_1_25' title='bbox 954 396 1037 427; x_wconf 89' lang='lat' dir='ltr'>tres</span> <span class='ocrx_word' id='word_1_26' title='bbox 1059 397 1226 427; x_wconf 88' lang='lat' dir='ltr'>menses</span> <span class='ocrx_word' id='word_1_27' title='bbox 1253 382 1363 427; x_wconf 91' lang='lat' dir='ltr'>dicet</span> <span class='ocrx_word' id='word_1_28' title='bbox 1389 383 1516 426; x_wconf 89' lang='lat' dir='ltr'>aliam</span> <span class='ocrx_word' id='word_1_29' title='bbox 1540 380 1891 440; x_wconf 84' lang='lat' dir='ltr'>promissionem.</span> 
     </span>
    </p>

    <p class='ocr_par' dir='ltr' id='par_1_3' title="bbox 338 465 1985 776">
     <span class='ocr_line' id='line_1_4' title="bbox 397 465 1985 526; baseline -0.001 -15"><span class='ocrx_word' id='word_1_30' title='bbox 397 468 664 525; x_wconf 80' lang='lat' dir='ltr'>Interrogata</span> <span class='ocrx_word' id='word_1_31' title='bbox 685 483 737 511; x_wconf 89' lang='lat' dir='ltr'>an</span> <span class='ocrx_word' id='word_1_32' title='bbox 766 481 890 511; x_wconf 87' lang='lat' dir='ltr'>voces</span> <span class='ocrx_word' id='word_1_33' title='bbox 913 466 1113 511; x_wconf 85' lang='lat' dir='ltr'>dixerunt</span> <span class='ocrx_word' id='word_1_34' title='bbox 1136 465 1253 526; x_wconf 90' lang='lat' dir='ltr'>quod</span> <span class='ocrx_word' id='word_1_35' title='bbox 1288 465 1395 510; x_wconf 87' lang='lat' dir='ltr'>infra</span> <span class='ocrx_word' id='word_1_36' title='bbox 1422 477 1505 510; x_wconf 88' lang='lat' dir='ltr'>tres</span> <span class='ocrx_word' id='word_1_37' title='bbox 1532 481 1701 510; x_wconf 87' lang='lat' dir='ltr'>menses</span> <span class='ocrx_word' id='word_1_38' title='bbox 1735 465 1985 510; x_wconf 84' lang='lat' dir='ltr'><strong>liberabitur</strong></span> 
     </span>
     <span class='ocr_line' id='line_1_5' title="bbox 338 549 1978 609; baseline -0.001 -15"><span class='ocrx_word' id='word_1_39' title='bbox 338 566 360 594; x_wconf 85' lang='lat' dir='ltr'>a</span> <span class='ocrx_word' id='word_1_40' title='bbox 386 565 548 595; x_wconf 88' lang='lat' dir='ltr'>carcere</span> <span class='ocrx_word' id='word_1_41' title='bbox 576 566 584 594; x_wconf 91' lang='lat'><strong>:</strong></span> <span class='ocrx_word' id='word_1_42' title='bbox 616 549 836 609; x_wconf 80' lang='lat' dir='ltr'>respondit</span> <span class='ocrx_word' id='word_1_43' title='bbox 863 567 871 594; x_wconf 91' lang='lat'><strong>:</strong></span> <span class='ocrx_word' id='word_1_44' title='bbox 905 568 925 590; x_wconf 88' lang='lat'>«</span> <span class='ocrx_word' id='word_1_45' title='bbox 953 551 1048 595; x_wconf 89' lang='lat' dir='ltr'>Hoc</span> <span class='ocrx_word' id='word_1_46' title='bbox 1081 566 1171 594; x_wconf 91' lang='lat' dir='ltr'>non</span> <span class='ocrx_word' id='word_1_47' title='bbox 1205 562 1267 594; x_wconf 90' lang='lat' dir='ltr'>est</span> <span class='ocrx_word' id='word_1_48' title='bbox 1298 549 1350 594; x_wconf 91' lang='lat' dir='ltr'>de</span> <span class='ocrx_word' id='word_1_49' title='bbox 1386 561 1530 595; x_wconf 85' lang='lat' dir='ltr'>vestro</span> <span class='ocrx_word' id='word_1_50' title='bbox 1567 565 1794 609; x_wconf 84' lang='lat' dir='ltr'>processu3</span> <span class='ocrx_word' id='word_1_51' title='bbox 1833 562 1978 594; x_wconf 88' lang='lat' dir='ltr'>tamen</span> 
     </span>
     <span class='ocr_line' id='line_1_6' title="bbox 343 631 1984 692; baseline -0.001 -14"><span class='ocrx_word' id='word_1_52' title='bbox 343 635 487 678; x_wconf 86' lang='lat' dir='ltr'>nescio</span> <span class='ocrx_word' id='word_1_53' title='bbox 514 633 689 692; x_wconf 87' lang='lat' dir='ltr'>quando</span> <span class='ocrx_word' id='word_1_54' title='bbox 715 649 790 678; x_wconf 89' lang='lat' dir='ltr'>ero</span> <span class='ocrx_word' id='word_1_55' title='bbox 817 632 1003 678; x_wconf 87' lang='lat' dir='ltr'>liberata.</span> <span class='ocrx_word' id='word_1_56' title='bbox 1042 653 1062 676; x_wconf 85' lang='lat'>»</span> <span class='ocrx_word' id='word_1_57' title='bbox 1099 635 1148 678; x_wconf 88' lang='lat' dir='ltr'>Et</span> <span class='ocrx_word' id='word_1_58' title='bbox 1184 631 1291 678; x_wconf 89' lang='lat' dir='ltr'>dixit</span> <span class='ocrx_word' id='word_1_59' title='bbox 1321 633 1438 692; x_wconf 87' lang='lat' dir='ltr'>quod</span> <span class='ocrx_word' id='word_1_60' title='bbox 1481 632 1540 677; x_wconf 90' lang='lat' dir='ltr'>illi</span> <span class='ocrx_word' id='word_1_61' title='bbox 1565 635 1639 692; x_wconf 90' lang='lat' dir='ltr'>qui</span> <span class='ocrx_word' id='word_1_62' title='bbox 1668 633 1814 678; x_wconf 90' lang='lat' dir='ltr'>volent</span> <span class='ocrx_word' id='word_1_63' title='bbox 1848 635 1984 692; x_wconf 86' lang='lat' dir='ltr'>ipsam</span> 
     </span>
     <span class='ocr_line' id='line_1_7' title="bbox 344 717 1653 776; baseline -0.002 -14"><span class='ocrx_word' id='word_1_64' title='bbox 344 717 507 762; x_wconf 88' lang='lat' dir='ltr'>auferre</span> <span class='ocrx_word' id='word_1_65' title='bbox 534 717 613 761; x_wconf 87' lang='lat' dir='ltr'>de¹</span> <span class='ocrx_word' id='word_1_66' title='bbox 642 717 725 762; x_wconf 88' lang='lat' dir='ltr'>hoc</span> <span class='ocrx_word' id='word_1_67' title='bbox 744 717 911 762; x_wconf 89' lang='lat' dir='ltr'>mundo</span> <span class='ocrx_word' id='word_1_68' title='bbox 936 717 1043 762; x_wconf 89' lang='lat' dir='ltr'>bene</span> <span class='ocrx_word' id='word_1_69' title='bbox 1067 729 1272 776; x_wconf 89' lang='lat' dir='ltr'>poterunt</span> <span class='ocrx_word' id='word_1_70' title='bbox 1296 719 1354 762; x_wconf 90' lang='lat' dir='ltr'>ire</span> <span class='ocrx_word' id='word_1_71' title='bbox 1373 728 1474 761; x_wconf 90' lang='lat' dir='ltr'>ante</span> <span class='ocrx_word' id='word_1_72' title='bbox 1502 719 1653 776; x_wconf 82' lang='lat' dir='ltr'><strong>ipsam.</strong></span> 
     </span>
    </p>

    <p class='ocr_par' dir='ltr' id='par_1_4' title="bbox 342 799 1989 1111">
     <span class='ocr_line' id='line_1_8' title="bbox 404 799 1985 860; baseline -0.001 -15"><span class='ocrx_word' id='word_1_73' title='bbox 404 803 669 860; x_wconf 82' lang='lat' dir='ltr'>Interrogata</span> <span class='ocrx_word' id='word_1_74' title='bbox 696 818 748 845; x_wconf 92' lang='lat' dir='ltr'>an</span> <span class='ocrx_word' id='word_1_75' title='bbox 776 818 905 846; x_wconf 88' lang='lat' dir='ltr'>suum</span> <span class='ocrx_word' id='word_1_76' title='bbox 939 801 1168 846; x_wconf 85' lang='lat' dir='ltr'>consilium</span> <span class='ocrx_word' id='word_1_77' title='bbox 1199 801 1410 845; x_wconf 86' lang='lat' dir='ltr'>dixeritne</span> <span class='ocrx_word' id='word_1_78' title='bbox 1436 801 1515 845; x_wconf 80' lang='lat' dir='ltr'>sibi</span> <span class='ocrx_word' id='word_1_79' title='bbox 1543 800 1661 860; x_wconf 90' lang='lat' dir='ltr'>quod</span> <span class='ocrx_word' id='word_1_80' title='bbox 1701 802 1779 845; x_wconf 90' lang='lat' dir='ltr'>erit</span> <span class='ocrx_word' id='word_1_81' title='bbox 1812 799 1985 845; x_wconf 87' lang='lat' dir='ltr'>liberata</span> 
     </span>
     <span class='ocr_line' id='line_1_9' title="bbox 345 883 1989 944; baseline -0.001 -15"><span class='ocrx_word' id='word_1_82' title='bbox 345 900 367 929; x_wconf 91' lang='lat' dir='ltr'>a</span> <span class='ocrx_word' id='word_1_83' title='bbox 399 887 595 944; x_wconf 77' lang='lat' dir='ltr'>praesenti</span> <span class='ocrx_word' id='word_1_84' title='bbox 632 900 794 929; x_wconf 88' lang='lat' dir='ltr'>carcere</span> <span class='ocrx_word' id='word_1_85' title='bbox 835 901 842 928; x_wconf 90' lang='lat'>:</span> <span class='ocrx_word' id='word_1_86' title='bbox 879 884 1135 944; x_wconf 89' lang='lat' dir='ltr'>respondit:</span> <span class='ocrx_word' id='word_1_87' title='bbox 1181 900 1201 923; x_wconf 84' lang='lat'>«</span> <span class='ocrx_word' id='word_1_88' title='bbox 1238 886 1497 944; x_wconf 86' lang='lat' dir='ltr'>Loquamini</span> <span class='ocrx_word' id='word_1_89' title='bbox 1536 899 1706 929; x_wconf 86' lang='lat' dir='ltr'>mecum</span> <span class='ocrx_word' id='word_1_90' title='bbox 1755 883 1863 928; x_wconf 89' lang='lat' dir='ltr'>infra</span> <span class='ocrx_word' id='word_1_91' title='bbox 1906 896 1989 928; x_wconf 90' lang='lat' dir='ltr'>tres</span> 
     </span>
     <span class='ocr_line' id='line_1_10' title="bbox 347 967 1987 1027; baseline -0.001 -14"><span class='ocrx_word' id='word_1_92' title='bbox 347 984 542 1023; x_wconf 89' lang='lat' dir='ltr'>menses;</span> <span class='ocrx_word' id='word_1_93' title='bbox 569 984 649 1027; x_wconf 87' lang='lat' dir='ltr'>ego</span> <span class='ocrx_word' id='word_1_94' title='bbox 674 969 726 1013; x_wconf 93' lang='lat' dir='ltr'>de</span> <span class='ocrx_word' id='word_1_95' title='bbox 751 969 832 1013; x_wconf 89' lang='lat' dir='ltr'>hoc</span> <span class='ocrx_word' id='word_1_96' title='bbox 860 968 1130 1027; x_wconf 78' lang='lat' dir='ltr'>respondebo</span> <span class='ocrx_word' id='word_1_97' title='bbox 1157 968 1292 1013; x_wconf 84' lang='lat' dir='ltr'>vobis.</span> <span class='ocrx_word' id='word_1_98' title='bbox 1327 988 1346 1011; x_wconf 85' lang='lat'>»</span> <span class='ocrx_word' id='word_1_99' title='bbox 1384 970 1503 1013; x_wconf 88' lang='lat' dir='ltr'>Dixit</span> <span class='ocrx_word' id='word_1_100' title='bbox 1530 969 1639 1012; x_wconf 86' lang='lat' dir='ltr'>ultra</span> <span class='ocrx_word' id='word_1_101' title='bbox 1668 982 1675 1011; x_wconf 90' lang='lat'>:</span> <span class='ocrx_word' id='word_1_102' title='bbox 1702 982 1722 1006; x_wconf 90' lang='lat'>«</span> <span class='ocrx_word' id='word_1_103' title='bbox 1752 968 1912 1013; x_wconf 89' lang='lat' dir='ltr'>Petatis</span> <span class='ocrx_word' id='word_1_104' title='bbox 1936 967 1987 1012; x_wconf 92' lang='lat' dir='ltr'>ab</span> 
     </span>
     <span class='ocr_line' id='line_1_11' title="bbox 342 1051 1835 1111; baseline -0.001 -15"><span class='ocrx_word' id='word_1_105' title='bbox 342 1052 638 1098; x_wconf 82' lang='lat' dir='ltr'>assistentibus</span> <span class='ocrx_word' id='word_1_106' title='bbox 659 1052 737 1097; x_wconf 92' lang='lat' dir='ltr'>sub</span> <span class='ocrx_word' id='word_1_107' title='bbox 766 1054 1010 1111; x_wconf 83' lang='lat' dir='ltr'>juramento</span> <span class='ocrx_word' id='word_1_108' title='bbox 1037 1068 1116 1097; x_wconf 88' lang='lat' dir='ltr'>suo</span> <span class='ocrx_word' id='word_1_109' title='bbox 1143 1069 1195 1096; x_wconf 91' lang='lat' dir='ltr'>an</span> <span class='ocrx_word' id='word_1_110' title='bbox 1222 1051 1334 1096; x_wconf 85' lang='lat' dir='ltr'>istud</span> <span class='ocrx_word' id='word_1_111' title='bbox 1357 1064 1500 1110; x_wconf 83' lang='lat' dir='ltr'>tangat</span> <span class='ocrx_word' id='word_1_112' title='bbox 1523 1067 1783 1111; x_wconf 85' lang='lat' dir='ltr'>processum.</span> <span class='ocrx_word' id='word_1_113' title='bbox 1815 1071 1835 1094; x_wconf 89' lang='lat'>»</span> 
     </span>
    </p>

    <p class='ocr_par' dir='ltr' id='par_1_5' title="bbox 344 1124 1989 1514">
     <span class='ocr_line' id='line_1_12' title="bbox 402 1124 1985 1195; baseline -0.001 -14"><span class='ocrx_word' id='word_1_114' title='bbox 402 1136 452 1181; x_wconf 91' lang='lat' dir='ltr'>Et</span> <span class='ocrx_word' id='word_1_115' title='bbox 486 1148 646 1195; x_wconf 83' lang='lat' dir='ltr'>postea,</span> <span class='ocrx_word' id='word_1_116' title='bbox 678 1136 820 1180; x_wconf 89' lang='lat' dir='ltr'>habita</span> <span class='ocrx_word' id='word_1_117' title='bbox 847 1135 1156 1181; x_wconf 85' lang='lat' dir='ltr'>deliberatione</span> <span class='ocrx_word' id='word_1_118' title='bbox 1182 1124 1492 1189; x_wconf 84' lang='lat' dir='ltr'>assistentium,</span> <span class='ocrx_word' id='word_1_119' title='bbox 1530 1138 1604 1194; x_wconf 90' lang='lat' dir='ltr'>qui</span> <span class='ocrx_word' id='word_1_120' title='bbox 1642 1150 1796 1180; x_wconf 90' lang='lat' dir='ltr'>omnes</span> <span class='ocrx_word' id='word_1_121' title='bbox 1826 1134 1985 1180; x_wconf 89' lang='lat' dir='ltr'>delibe-</span> 
     </span>
     <span class='ocr_line' id='line_1_13' title="bbox 345 1218 1986 1279; baseline 0 -16"><span class='ocrx_word' id='word_1_122' title='bbox 345 1232 547 1264; x_wconf 89' lang='lat' dir='ltr'>raverunt</span> <span class='ocrx_word' id='word_1_123' title='bbox 571 1220 687 1279; x_wconf 88' lang='lat' dir='ltr'>quod</span> <span class='ocrx_word' id='word_1_124' title='bbox 717 1220 915 1278; x_wconf 89' lang='lat' dir='ltr'>tangebat</span> <span class='ocrx_word' id='word_1_125' title='bbox 943 1235 1205 1278; x_wconf 78' lang='lat' dir='ltr'>processum,</span> <span class='ocrx_word' id='word_1_126' title='bbox 1233 1221 1320 1278; x_wconf 89' lang='lat' dir='ltr'>ipsa</span> <span class='ocrx_word' id='word_1_127' title='bbox 1347 1219 1454 1264; x_wconf 84' lang='lat' dir='ltr'>dixit</span> <span class='ocrx_word' id='word_1_128' title='bbox 1479 1232 1486 1261; x_wconf 89' lang='lat'>:</span> <span class='ocrx_word' id='word_1_129' title='bbox 1521 1234 1540 1258; x_wconf 93' lang='lat'>«</span> <span class='ocrx_word' id='word_1_130' title='bbox 1568 1219 1657 1278; x_wconf 87' lang='lat' dir='ltr'>Ego</span> <span class='ocrx_word' id='word_1_131' title='bbox 1683 1234 1851 1277; x_wconf 89' lang='lat' dir='ltr'>semper</span> <span class='ocrx_word' id='word_1_132' title='bbox 1878 1218 1986 1264; x_wconf 88' lang='lat' dir='ltr'>bene</span> 
     </span>
     <span class='ocr_line' id='line_1_14' title="bbox 344 1302 1986 1362; baseline 0.001 -15"><span class='ocrx_word' id='word_1_133' title='bbox 344 1303 466 1348; x_wconf 83' lang='lat' dir='ltr'>vobis</span> <span class='ocrx_word' id='word_1_134' title='bbox 487 1303 573 1347; x_wconf 83' lang='lat' dir='ltr'>dixi</span> <span class='ocrx_word' id='word_1_135' title='bbox 598 1303 716 1362; x_wconf 88' lang='lat' dir='ltr'>quod</span> <span class='ocrx_word' id='word_1_136' title='bbox 736 1319 812 1348; x_wconf 86' lang='lat' dir='ltr'>vos</span> <span class='ocrx_word' id='word_1_137' title='bbox 841 1305 1036 1348; x_wconf 77' lang='lat' dir='ltr'>nescieris</span> <span class='ocrx_word' id='word_1_138' title='bbox 1064 1316 1222 1348; x_wconf 87' lang='lat' dir='ltr'>totum.</span> <span class='ocrx_word' id='word_1_139' title='bbox 1248 1304 1337 1362; x_wconf 89' lang='lat' dir='ltr'>Ego</span> <span class='ocrx_word' id='word_1_140' title='bbox 1363 1303 1580 1362; x_wconf 87' lang='lat' dir='ltr'>oportebit</span> <span class='ocrx_word' id='word_1_141' title='bbox 1607 1303 1737 1347; x_wconf 87' lang='lat' dir='ltr'>semel</span> <span class='ocrx_word' id='word_1_142' title='bbox 1763 1302 1881 1362; x_wconf 87' lang='lat' dir='ltr'>quod</span> <span class='ocrx_word' id='word_1_143' title='bbox 1906 1318 1986 1361; x_wconf 91' lang='lat' dir='ltr'>ego</span> 
     </span>
     <span class='ocr_line' id='line_1_15' title="bbox 345 1386 1989 1445; baseline 0 -15"><span class='ocrx_word' id='word_1_144' title='bbox 345 1388 426 1430; x_wconf 83' lang='lat' dir='ltr'>sim</span> <span class='ocrx_word' id='word_1_145' title='bbox 465 1387 655 1431; x_wconf 89' lang='lat' dir='ltr'>liberata.</span> <span class='ocrx_word' id='word_1_146' title='bbox 697 1387 747 1431; x_wconf 89' lang='lat' dir='ltr'>Et</span> <span class='ocrx_word' id='word_1_147' title='bbox 777 1387 879 1432; x_wconf 83' lang='lat' dir='ltr'>volo</span> <span class='ocrx_word' id='word_1_148' title='bbox 914 1387 1066 1432; x_wconf 87' lang='lat' dir='ltr'>babere</span> <span class='ocrx_word' id='word_1_149' title='bbox 1105 1387 1341 1442; x_wconf 86' lang='lat' dir='ltr'>licentiam,</span> <span class='ocrx_word' id='word_1_150' title='bbox 1375 1389 1407 1431; x_wconf 90' lang='lat' dir='ltr'>si</span> <span class='ocrx_word' id='word_1_151' title='bbox 1440 1402 1519 1445; x_wconf 87' lang='lat' dir='ltr'>ego</span> <span class='ocrx_word' id='word_1_152' title='bbox 1555 1387 1724 1441; x_wconf 82' lang='lat' dir='ltr'>dicam3</span> <span class='ocrx_word' id='word_1_153' title='bbox 1764 1386 1861 1431; x_wconf 90' lang='lat' dir='ltr'>ideo</span> <span class='ocrx_word' id='word_1_154' title='bbox 1889 1396 1989 1445; x_wconf 89' lang='lat' dir='ltr'>peto</span> 
     </span>
     <span class='ocr_line' id='line_1_16' title="bbox 346 1469 669 1514; baseline -0.006 -1"><span class='ocrx_word' id='word_1_155' title='bbox 346 1469 616 1514; x_wconf 85' lang='lat' dir='ltr'>dilationem.</span> <span class='ocrx_word' id='word_1_156' title='bbox 650 1490 669 1511; x_wconf 85' lang='lat'>»</span> 
     </span>
    </p>

    <p class='ocr_par' dir='ltr' id='par_1_6' title="bbox 342 1552 1988 2113">
     <span class='ocr_line' id='line_1_17' title="bbox 406 1552 1987 1611; baseline 0.001 -16"><span class='ocrx_word' id='word_1_157' title='bbox 406 1554 667 1611; x_wconf 80' lang='lat' dir='ltr'>Interrogata</span> <span class='ocrx_word' id='word_1_158' title='bbox 694 1554 725 1597; x_wconf 85' lang='lat' dir='ltr'>si</span> <span class='ocrx_word' id='word_1_159' title='bbox 755 1569 879 1598; x_wconf 85' lang='lat' dir='ltr'>voces</span> <span class='ocrx_word' id='word_1_160' title='bbox 909 1552 1228 1611; x_wconf 81' lang='lat' dir='ltr'>prohibuerunt</span> <span class='ocrx_word' id='word_1_161' title='bbox 1254 1555 1291 1597; x_wconf 91' lang='lat' dir='ltr'>ei</span> <span class='ocrx_word' id='word_1_162' title='bbox 1326 1568 1379 1597; x_wconf 89' lang='lat' dir='ltr'>ne</span> <span class='ocrx_word' id='word_1_163' title='bbox 1416 1552 1572 1597; x_wconf 86' lang='lat' dir='ltr'>diceret</span> <span class='ocrx_word' id='word_1_164' title='bbox 1605 1554 1830 1598; x_wconf 83' lang='lat' dir='ltr'>veritatem</span> <span class='ocrx_word' id='word_1_165' title='bbox 1858 1569 1866 1596; x_wconf 91' lang='lat'><strong>:</strong></span> <span class='ocrx_word' id='word_1_166' title='bbox 1905 1568 1987 1597; x_wconf 87' lang='lat' dir='ltr'>res-</span> 
     </span>
     <span class='ocr_line' id='line_1_18' title="bbox 348 1635 1986 1696; baseline 0 -16"><span class='ocrx_word' id='word_1_167' title='bbox 348 1635 501 1694; x_wconf 91' lang='lat' dir='ltr'>pondit</span> <span class='ocrx_word' id='word_1_168' title='bbox 531 1649 538 1678; x_wconf 90' lang='lat'>:</span> <span class='ocrx_word' id='word_1_169' title='bbox 574 1653 593 1675; x_wconf 91' lang='lat'>«</span> <span class='ocrx_word' id='word_1_170' title='bbox 624 1637 767 1681; x_wconf 86' lang='lat' dir='ltr'>Vultis</span> <span class='ocrx_word' id='word_1_171' title='bbox 792 1652 870 1681; x_wconf 80' lang='lat' dir='ltr'>vos</span> <span class='ocrx_word' id='word_1_172' title='bbox 897 1637 1015 1696; x_wconf 86' lang='lat' dir='ltr'>quod</span> <span class='ocrx_word' id='word_1_173' title='bbox 1053 1636 1172 1682; x_wconf 89' lang='lat' dir='ltr'>vobis</span> <span class='ocrx_word' id='word_1_174' title='bbox 1207 1636 1346 1681; x_wconf 86' lang='lat' dir='ltr'>dicam</span> <span class='ocrx_word' id='word_1_175' title='bbox 1385 1636 1425 1681; x_wconf 93' lang='lat' dir='ltr'>id</span> <span class='ocrx_word' id='word_1_176' title='bbox 1459 1636 1578 1696; x_wconf 88' lang='lat' dir='ltr'>quod</span> <span class='ocrx_word' id='word_1_177' title='bbox 1610 1636 1725 1681; x_wconf 73' lang='lat' dir='ltr'>vadit</span> <span class='ocrx_word' id='word_1_178' title='bbox 1761 1635 1812 1680; x_wconf 88' lang='lat' dir='ltr'>ad</span> <span class='ocrx_word' id='word_1_179' title='bbox 1842 1651 1986 1694; x_wconf 88' lang='lat' dir='ltr'>regem</span> 
     </span>
     <span class='ocr_line' id='line_1_19' title="bbox 345 1721 1984 1780; baseline 0 -17"><span class='ocrx_word' id='word_1_180' title='bbox 345 1721 566 1764; x_wconf 78' lang='lat' dir='ltr'>Franciae?</span> <span class='ocrx_word' id='word_1_181' title='bbox 592 1722 702 1764; x_wconf 84' lang='lat' dir='ltr'>Sunt</span> <span class='ocrx_word' id='word_1_182' title='bbox 731 1721 866 1765; x_wconf 90' lang='lat' dir='ltr'>multa</span> <span class='ocrx_word' id='word_1_183' title='bbox 893 1738 988 1780; x_wconf 61' lang='lat' dir='ltr'>quae</span> <span class='ocrx_word' id='word_1_184' title='bbox 1019 1738 1106 1765; x_wconf 91' lang='lat' dir='ltr'>non</span> <span class='ocrx_word' id='word_1_185' title='bbox 1148 1733 1330 1779; x_wconf 86' lang='lat' dir='ltr'>tangunt</span> <span class='ocrx_word' id='word_1_186' title='bbox 1364 1736 1626 1779; x_wconf 86' lang='lat' dir='ltr'>processum.</span> <span class='ocrx_word' id='word_1_187' title='bbox 1659 1740 1678 1762; x_wconf 86' lang='lat'>»</span> <span class='ocrx_word' id='word_1_188' title='bbox 1710 1721 1830 1764; x_wconf 83' lang='lat' dir='ltr'>Dixit</span> <span class='ocrx_word' id='word_1_189' title='bbox 1854 1722 1984 1765; x_wconf 88' lang='lat' dir='ltr'>etiam</span> 
     </span>
     <span class='ocr_line' id='line_1_20' title="bbox 342 1803 1984 1863; baseline 0 -15"><span class='ocrx_word' id='word_1_190' title='bbox 342 1803 459 1862; x_wconf 90' lang='lat' dir='ltr'>quod</span> <span class='ocrx_word' id='word_1_191' title='bbox 487 1803 595 1848; x_wconf 89' lang='lat' dir='ltr'>bene</span> <span class='ocrx_word' id='word_1_192' title='bbox 618 1806 695 1848; x_wconf 86' lang='lat' dir='ltr'>scit</span> <span class='ocrx_word' id='word_1_193' title='bbox 723 1804 839 1863; x_wconf 89' lang='lat' dir='ltr'>quod</span> <span class='ocrx_word' id='word_1_194' title='bbox 877 1819 948 1848; x_wconf 89' lang='lat' dir='ltr'>rex</span> <span class='ocrx_word' id='word_1_195' title='bbox 974 1820 1079 1850; x_wconf 88' lang='lat' dir='ltr'>suus</span> <span class='ocrx_word' id='word_1_196' title='bbox 1107 1803 1340 1849; x_wconf 84' lang='lat' dir='ltr'>lucrabitur</span> <span class='ocrx_word' id='word_1_197' title='bbox 1370 1819 1552 1862; x_wconf 86' lang='lat' dir='ltr'>regnum</span> <span class='ocrx_word' id='word_1_198' title='bbox 1587 1806 1801 1859; x_wconf 82' lang='lat' dir='ltr'>Franciae3</span> <span class='ocrx_word' id='word_1_199' title='bbox 1832 1815 1873 1848; x_wconf 92' lang='lat' dir='ltr'>et</span> <span class='ocrx_word' id='word_1_200' title='bbox 1901 1803 1984 1848; x_wconf 87' lang='lat' dir='ltr'>hoc</span> 
     </span>
     <span class='ocr_line' id='line_1_21' title="bbox 342 1886 1988 1947; baseline 0 -16"><span class='ocrx_word' id='word_1_201' title='bbox 342 1889 397 1931; x_wconf 87' lang='lat' dir='ltr'>ita</span> <span class='ocrx_word' id='word_1_202' title='bbox 422 1887 530 1931; x_wconf 87' lang='lat' dir='ltr'>bene</span> <span class='ocrx_word' id='word_1_203' title='bbox 557 1889 633 1932; x_wconf 90' lang='lat' dir='ltr'>scit</span> <span class='ocrx_word' id='word_1_204' title='bbox 659 1890 767 1932; x_wconf 84' lang='lat' dir='ltr'>sicut</span> <span class='ocrx_word' id='word_1_205' title='bbox 795 1888 951 1932; x_wconf 86' lang='lat' dir='ltr'>sciebat</span> <span class='ocrx_word' id='word_1_206' title='bbox 977 1887 1093 1947; x_wconf 88' lang='lat' dir='ltr'>quod</span> <span class='ocrx_word' id='word_1_207' title='bbox 1132 1904 1302 1932; x_wconf 87' lang='lat' dir='ltr'>eramus</span> <span class='ocrx_word' id='word_1_208' title='bbox 1325 1902 1468 1932; x_wconf 90' lang='lat' dir='ltr'>coram</span> <span class='ocrx_word' id='word_1_209' title='bbox 1507 1903 1554 1932; x_wconf 89' lang='lat' dir='ltr'>ea</span> <span class='ocrx_word' id='word_1_210' title='bbox 1586 1890 1627 1931; x_wconf 90' lang='lat' dir='ltr'>in</span> <span class='ocrx_word' id='word_1_211' title='bbox 1657 1886 1833 1946; x_wconf 85' lang='lat' dir='ltr'>judicio.</span> <span class='ocrx_word' id='word_1_212' title='bbox 1868 1888 1988 1932; x_wconf 89' lang='lat' dir='ltr'>Dixit</span> 
     </span>
     <span class='ocr_line' id='line_1_22' title="bbox 343 1961 1988 2031; baseline 0 -16"><span class='ocrx_word' id='word_1_213' title='bbox 343 1972 472 2016; x_wconf 87' lang='lat' dir='ltr'>etiam</span> <span class='ocrx_word' id='word_1_214' title='bbox 499 1972 617 2030; x_wconf 87' lang='lat' dir='ltr'>quod</span> <span class='ocrx_word' id='word_1_215' title='bbox 641 1961 789 2017; x_wconf 88' lang='lat' dir='ltr'>fuisset</span> <span class='ocrx_word' id='word_1_216' title='bbox 816 1985 1002 2026; x_wconf 86' lang='lat' dir='ltr'>mortua,</span> <span class='ocrx_word' id='word_1_217' title='bbox 1028 1974 1108 2016; x_wconf 90' lang='lat' dir='ltr'>nisi</span> <span class='ocrx_word' id='word_1_218' title='bbox 1136 1971 1284 2016; x_wconf 88' lang='lat' dir='ltr'>suisset</span> <span class='ocrx_word' id='word_1_219' title='bbox 1312 1973 1513 2017; x_wconf 88' lang='lat' dir='ltr'>revelatio</span> <span class='ocrx_word' id='word_1_220' title='bbox 1540 1988 1636 2031; x_wconf 88' lang='lat' dir='ltr'>quae</span> <span class='ocrx_word' id='word_1_221' title='bbox 1658 1970 1872 2017; x_wconf 92' lang='lat' dir='ltr'>confortat</span> <span class='ocrx_word' id='word_1_222' title='bbox 1894 1985 1988 2015; x_wconf 89' lang='lat' dir='ltr'>eam</span> 
     </span>
     <span class='ocr_line' id='line_1_23' title="bbox 346 2054 558 2113; baseline 0 -14"><span class='ocrx_word' id='word_1_223' title='bbox 346 2054 558 2113; x_wconf 85' lang='lat' dir='ltr'>quotidie.</span> 
     </span>
    </p>

    <p class='ocr_par' dir='ltr' id='par_1_7' title="bbox 344 2131 1988 2524">
     <span class='ocr_line' id='line_1_24' title="bbox 405 2131 1988 2192; baseline 0 -16"><span class='ocrx_word' id='word_1_224' title='bbox 405 2134 667 2191; x_wconf 86' lang='lat' dir='ltr'>Interrogata</span> <span class='ocrx_word' id='word_1_225' title='bbox 691 2133 793 2192; x_wconf 86' lang='lat' dir='ltr'>quid</span> <span class='ocrx_word' id='word_1_226' title='bbox 822 2133 918 2177; x_wconf 86' lang='lat' dir='ltr'>fecit</span> <span class='ocrx_word' id='word_1_227' title='bbox 947 2133 998 2178; x_wconf 89' lang='lat' dir='ltr'>de</span> <span class='ocrx_word' id='word_1_228' title='bbox 1033 2149 1108 2178; x_wconf 88' lang='lat' dir='ltr'>sua</span> <span class='ocrx_word' id='word_1_229' title='bbox 1139 2133 1423 2191; x_wconf 85' lang='lat' dir='ltr'>mandragora</span> <span class='ocrx_word' id='word_1_230' title='bbox 1451 2146 1458 2177; x_wconf 92' lang='lat'><strong>:</strong></span> <span class='ocrx_word' id='word_1_231' title='bbox 1491 2132 1712 2192; x_wconf 89' lang='lat' dir='ltr'>respondit</span> <span class='ocrx_word' id='word_1_232' title='bbox 1745 2131 1863 2192; x_wconf 89' lang='lat' dir='ltr'>quod</span> <span class='ocrx_word' id='word_1_233' title='bbox 1898 2147 1988 2177; x_wconf 92' lang='lat' dir='ltr'>non</span> 
     </span>
     <span class='ocr_line' id='line_1_25' title="bbox 346 2213 1988 2276; baseline 0 -16"><span class='ocrx_word' id='word_1_234' title='bbox 346 2215 470 2260; x_wconf 88' lang='lat' dir='ltr'>habet</span> <span class='ocrx_word' id='word_1_235' title='bbox 506 2217 851 2276; x_wconf 83' lang='lat' dir='ltr'>mandragoram,</span> <span class='ocrx_word' id='word_1_236' title='bbox 892 2234 968 2261; x_wconf 89' lang='lat' dir='ltr'>nec</span> <span class='ocrx_word' id='word_1_237' title='bbox 1002 2233 1197 2276; x_wconf 88' lang='lat' dir='ltr'>unquam</span> <span class='ocrx_word' id='word_1_238' title='bbox 1235 2216 1413 2271; x_wconf 81' lang='lat' dir='ltr'>habuit3</span> <span class='ocrx_word' id='word_1_239' title='bbox 1445 2216 1519 2262; x_wconf 84' lang='lat' dir='ltr'>sed</span> <span class='ocrx_word' id='word_1_240' title='bbox 1556 2216 1720 2262; x_wconf 84' lang='lat' dir='ltr'>audivit</span> <span class='ocrx_word' id='word_1_241' title='bbox 1751 2216 1832 2260; x_wconf 90' lang='lat' dir='ltr'>dici</span> <span class='ocrx_word' id='word_1_242' title='bbox 1870 2213 1988 2275; x_wconf 89' lang='lat' dir='ltr'>quod</span> 
     </span>
     <span class='ocr_line' id='line_1_26' title="bbox 346 2297 1986 2356; baseline -0.001 -16"><span class='ocrx_word' id='word_1_243' title='bbox 346 2312 476 2355; x_wconf 89' lang='lat' dir='ltr'>prope</span> <span class='ocrx_word' id='word_1_244' title='bbox 494 2298 638 2342; x_wconf 86' lang='lat' dir='ltr'>villam</span> <span class='ocrx_word' id='word_1_245' title='bbox 668 2312 788 2341; x_wconf 90' lang='lat' dir='ltr'>suam</span> <span class='ocrx_word' id='word_1_246' title='bbox 817 2310 878 2342; x_wconf 81' lang='lat' dir='ltr'>est</span> <span class='ocrx_word' id='word_1_247' title='bbox 905 2312 1004 2351; x_wconf 83' lang='lat' dir='ltr'>una,</span> <span class='ocrx_word' id='word_1_248' title='bbox 1026 2310 1067 2341; x_wconf 89' lang='lat' dir='ltr'>et</span> <span class='ocrx_word' id='word_1_249' title='bbox 1089 2311 1315 2356; x_wconf 87' lang='lat' dir='ltr'>nunquam</span> <span class='ocrx_word' id='word_1_250' title='bbox 1342 2297 1446 2342; x_wconf 83' lang='lat' dir='ltr'>vidit</span> <span class='ocrx_word' id='word_1_251' title='bbox 1467 2298 1671 2356; x_wconf 83' lang='lat' dir='ltr'>aliquam.</span> <span class='ocrx_word' id='word_1_252' title='bbox 1706 2298 1825 2341; x_wconf 87' lang='lat' dir='ltr'>Dixit</span> <span class='ocrx_word' id='word_1_253' title='bbox 1856 2298 1986 2340; x_wconf 90' lang='lat' dir='ltr'>etiam</span> 
     </span>
     <span class='ocr_line' id='line_1_27' title="bbox 344 2379 1985 2440; baseline 0 -15"><span class='ocrx_word' id='word_1_254' title='bbox 344 2381 462 2439; x_wconf 90' lang='lat' dir='ltr'>quod</span> <span class='ocrx_word' id='word_1_255' title='bbox 490 2381 654 2426; x_wconf 87' lang='lat' dir='ltr'>audivit</span> <span class='ocrx_word' id='word_1_256' title='bbox 679 2379 759 2426; x_wconf 91' lang='lat' dir='ltr'>dici</span> <span class='ocrx_word' id='word_1_257' title='bbox 787 2379 905 2440; x_wconf 86' lang='lat' dir='ltr'>quod</span> <span class='ocrx_word' id='word_1_258' title='bbox 924 2394 984 2426; x_wconf 85' lang='lat' dir='ltr'>est</span> <span class='ocrx_word' id='word_1_259' title='bbox 1012 2396 1074 2426; x_wconf 89' lang='lat' dir='ltr'>res</span> <span class='ocrx_word' id='word_1_260' title='bbox 1094 2382 1328 2440; x_wconf 86' lang='lat' dir='ltr'>periculosa</span> <span class='ocrx_word' id='word_1_261' title='bbox 1350 2392 1390 2425; x_wconf 91' lang='lat' dir='ltr'>et</span> <span class='ocrx_word' id='word_1_262' title='bbox 1413 2382 1521 2426; x_wconf 88' lang='lat' dir='ltr'>mala</span> <span class='ocrx_word' id='word_1_263' title='bbox 1545 2381 1596 2425; x_wconf 90' lang='lat' dir='ltr'>ad</span> <span class='ocrx_word' id='word_1_264' title='bbox 1618 2380 1954 2426; x_wconf 84' lang='lat' dir='ltr'>custodiendum</span> <span class='ocrx_word' id='word_1_265' title='bbox 1974 2398 1985 2435; x_wconf 81' lang='lat'>3</span> 
     </span>
     <span class='ocr_line' id='line_1_28' title="bbox 345 2464 1072 2524; baseline -0.001 -15"><span class='ocrx_word' id='word_1_266' title='bbox 345 2467 478 2509; x_wconf 91' lang='lat' dir='ltr'>nescit</span> <span class='ocrx_word' id='word_1_267' title='bbox 505 2478 648 2510; x_wconf 86' lang='lat' dir='ltr'>tamen</span> <span class='ocrx_word' id='word_1_268' title='bbox 677 2464 728 2509; x_wconf 88' lang='lat' dir='ltr'>de</span> <span class='ocrx_word' id='word_1_269' title='bbox 755 2480 844 2524; x_wconf 86' lang='lat' dir='ltr'>quo</span> <span class='ocrx_word' id='word_1_270' title='bbox 872 2464 1072 2509; x_wconf 77' lang='lat' dir='ltr'>deservit.</span> 
     </span>
    </p>

    <p class='ocr_par' dir='ltr' id='par_1_8' title="bbox 341 2548 1987 2858">
     <span class='ocr_line' id='line_1_29' title="bbox 400 2548 1983 2608; baseline -0.001 -16"><span class='ocrx_word' id='word_1_271' title='bbox 400 2550 660 2606; x_wconf 82' lang='lat' dir='ltr'>Interrogata</span> <span class='ocrx_word' id='word_1_272' title='bbox 679 2548 722 2592; x_wconf 91' lang='lat' dir='ltr'>in</span> <span class='ocrx_word' id='word_1_273' title='bbox 747 2564 834 2607; x_wconf 91' lang='lat' dir='ltr'>quo</span> <span class='ocrx_word' id='word_1_274' title='bbox 858 2548 953 2593; x_wconf 84' lang='lat' dir='ltr'>loco</span> <span class='ocrx_word' id='word_1_275' title='bbox 979 2549 1050 2592; x_wconf 89' lang='lat' dir='ltr'>illa</span> <span class='ocrx_word' id='word_1_276' title='bbox 1072 2548 1353 2607; x_wconf 83' lang='lat' dir='ltr'>mandragora</span> <span class='ocrx_word' id='word_1_277' title='bbox 1372 2561 1449 2599; x_wconf 88' lang='lat' dir='ltr'>est,</span> <span class='ocrx_word' id='word_1_278' title='bbox 1473 2549 1525 2594; x_wconf 89' lang='lat' dir='ltr'>de</span> <span class='ocrx_word' id='word_1_279' title='bbox 1544 2565 1627 2608; x_wconf 72' lang='lat' dir='ltr'>qua</span> <span class='ocrx_word' id='word_1_280' title='bbox 1650 2549 1770 2607; x_wconf 85' lang='lat' dir='ltr'>loqui</span> <span class='ocrx_word' id='word_1_281' title='bbox 1790 2548 1953 2593; x_wconf 88' lang='lat' dir='ltr'>audivit</span> <span class='ocrx_word' id='word_1_282' title='bbox 1975 2563 1983 2591; x_wconf 74' lang='grc' dir='ltr'><strong><em>ε</em></strong></span> 
     </span>
     <span class='ocr_line' id='line_1_30' title="bbox 341 2632 1986 2691; baseline -0.001 -15"><span class='ocrx_word' id='word_1_283' title='bbox 341 2632 561 2690; x_wconf 89' lang='lat' dir='ltr'>respondit</span> <span class='ocrx_word' id='word_1_284' title='bbox 587 2632 705 2690; x_wconf 89' lang='lat' dir='ltr'>quod</span> <span class='ocrx_word' id='word_1_285' title='bbox 731 2632 895 2676; x_wconf 84' lang='lat' dir='ltr'>audivit</span> <span class='ocrx_word' id='word_1_286' title='bbox 922 2632 1003 2676; x_wconf 90' lang='lat' dir='ltr'>dici</span> <span class='ocrx_word' id='word_1_287' title='bbox 1033 2632 1152 2690; x_wconf 88' lang='lat' dir='ltr'>quod</span> <span class='ocrx_word' id='word_1_288' title='bbox 1175 2645 1237 2676; x_wconf 90' lang='lat' dir='ltr'>est</span> <span class='ocrx_word' id='word_1_289' title='bbox 1265 2633 1308 2676; x_wconf 91' lang='lat' dir='ltr'>in</span> <span class='ocrx_word' id='word_1_290' title='bbox 1333 2645 1457 2686; x_wconf 89' lang='lat' dir='ltr'>terra,</span> <span class='ocrx_word' id='word_1_291' title='bbox 1482 2647 1614 2691; x_wconf 91' lang='lat' dir='ltr'>prope</span> <span class='ocrx_word' id='word_1_292' title='bbox 1642 2633 1758 2677; x_wconf 90' lang='lat' dir='ltr'>illam</span> <span class='ocrx_word' id='word_1_293' title='bbox 1791 2632 1986 2676; x_wconf 88' lang='lat' dir='ltr'>arborem</span> 
     </span>
     <span class='ocr_line' id='line_1_31' title="bbox 342 2714 1987 2774; baseline -0.001 -15"><span class='ocrx_word' id='word_1_294' title='bbox 342 2715 393 2759; x_wconf 89' lang='lat' dir='ltr'>de</span> <span class='ocrx_word' id='word_1_295' title='bbox 422 2731 505 2774; x_wconf 88' lang='lat' dir='ltr'>qua</span> <span class='ocrx_word' id='word_1_296' title='bbox 529 2718 724 2774; x_wconf 87' lang='lat' dir='ltr'>superius</span> <span class='ocrx_word' id='word_1_297' title='bbox 751 2715 915 2760; x_wconf 87' lang='lat' dir='ltr'>dictum</span> <span class='ocrx_word' id='word_1_298' title='bbox 941 2729 1032 2770; x_wconf 87' lang='lat' dir='ltr'>est;</span> <span class='ocrx_word' id='word_1_299' title='bbox 1058 2716 1130 2761; x_wconf 86' lang='lat' dir='ltr'>sed</span> <span class='ocrx_word' id='word_1_300' title='bbox 1159 2717 1291 2760; x_wconf 89' lang='lat' dir='ltr'>nescit</span> <span class='ocrx_word' id='word_1_301' title='bbox 1327 2715 1487 2760; x_wconf 83' lang='lat' dir='ltr'>locum.</span> <span class='ocrx_word' id='word_1_302' title='bbox 1517 2716 1631 2760; x_wconf 90' lang='lat' dir='ltr'>Dicit</span> <span class='ocrx_word' id='word_1_303' title='bbox 1653 2717 1779 2760; x_wconf 89' lang='lat' dir='ltr'>etiam</span> <span class='ocrx_word' id='word_1_304' title='bbox 1802 2731 1844 2759; x_wconf 88' lang='lat' dir='ltr'>se</span> <span class='ocrx_word' id='word_1_305' title='bbox 1869 2714 1987 2759; x_wconf 90' lang='lat' dir='ltr'>audi-</span> 
     </span>
     <span class='ocr_line' id='line_1_32' title="bbox 343 2798 1760 2858; baseline 0 -16"><span class='ocrx_word' id='word_1_306' title='bbox 343 2800 451 2842; x_wconf 85' lang='lat' dir='ltr'>visse</span> <span class='ocrx_word' id='word_1_307' title='bbox 479 2798 560 2842; x_wconf 90' lang='lat' dir='ltr'>dici</span> <span class='ocrx_word' id='word_1_308' title='bbox 588 2798 705 2857; x_wconf 87' lang='lat' dir='ltr'>quod</span> <span class='ocrx_word' id='word_1_309' title='bbox 728 2815 853 2858; x_wconf 89' lang='lat' dir='ltr'>supra</span> <span class='ocrx_word' id='word_1_310' title='bbox 875 2799 992 2843; x_wconf 90' lang='lat' dir='ltr'>illam</span> <span class='ocrx_word' id='word_1_311' title='bbox 1022 2799 1349 2858; x_wconf 89' lang='lat' dir='ltr'>mandragoram</span> <span class='ocrx_word' id='word_1_312' title='bbox 1374 2813 1435 2844; x_wconf 89' lang='lat' dir='ltr'>est</span> <span class='ocrx_word' id='word_1_313' title='bbox 1461 2815 1547 2844; x_wconf 87' lang='lat' dir='ltr'>una</span> <span class='ocrx_word' id='word_1_314' title='bbox 1574 2799 1760 2857; x_wconf 79' lang='lat' dir='ltr'>corylus.</span> 
     </span>
    </p>
   </div>
   <div class='ocr_carea' id='block_1_3' title="bbox 404 2881 1982 2941">
    <p class='ocr_par' dir='ltr' id='par_1_9' title="bbox 404 2881 1982 2941">
     <span class='ocr_line' id='line_1_33' title="bbox 404 2881 1982 2941; baseline -0.001 -15"><span class='ocrx_word' id='word_1_315' title='bbox 404 2883 666 2940; x_wconf 84' lang='lat' dir='ltr'>Interrogata</span> <span class='ocrx_word' id='word_1_316' title='bbox 693 2881 744 2926; x_wconf 84' lang='lat' dir='ltr'>de</span> <span class='ocrx_word' id='word_1_317' title='bbox 781 2898 868 2941; x_wconf 89' lang='lat' dir='ltr'>quo</span> <span class='ocrx_word' id='word_1_318' title='bbox 904 2882 1066 2927; x_wconf 79' lang='lat' dir='ltr'>audivit</span> <span class='ocrx_word' id='word_1_319' title='bbox 1105 2882 1186 2926; x_wconf 84' lang='lat' dir='ltr'>dici</span> <span class='ocrx_word' id='word_1_320' title='bbox 1218 2882 1335 2941; x_wconf 87' lang='lat' dir='ltr'>quod</span> <span class='ocrx_word' id='word_1_321' title='bbox 1369 2884 1521 2927; x_wconf 77' lang='lat' dir='ltr'>serviat</span> <span class='ocrx_word' id='word_1_322' title='bbox 1564 2883 1633 2926; x_wconf 90' lang='lat' dir='ltr'>illa</span> <span class='ocrx_word' id='word_1_323' title='bbox 1670 2882 1982 2939; x_wconf 86' lang='lat' dir='ltr'>mandragora:</span> 
     </span>
    </p>
   </div>
   <div class='ocr_carea' id='block_1_4' title="bbox 400 3090 633 3124">
    <p class='ocr_par' dir='ltr' id='par_1_10' title="bbox 400 3090 633 3124">
     <span class='ocr_line' id='line_1_34' title="bbox 400 3090 633 3124; baseline 0 -1"><span class='ocrx_word' id='word_1_324' title='bbox 400 3100 428 3123; x_wconf 87' lang='lat'>1.</span> <span class='ocrx_word' id='word_1_325' title='bbox 458 3090 523 3123; x_wconf 82' lang='lat' dir='ltr'>AC</span> <span class='ocrx_word' id='word_1_326' title='bbox 548 3102 556 3123; x_wconf 88' lang='lat'><em>:</em></span> <span class='ocrx_word' id='word_1_327' title='bbox 583 3102 633 3124; x_wconf 67' lang='lat' dir='ltr'>ex.</span> 
     </span>
    </p>
   </div>
  </div>
 </body>
</html>
