2099 3356
335 210 359 242 2
612 198 771 242 PROCfiS
804 213 861 242 DE
893 212 1241 242 counAMNATmN
1276 212 1332 241 DE
1363 212 1530 254 Jr-:ANNE
1563 196 1693 242 D'ARC

331 310 502 356 habitus
534 312 650 356 virili
692 313 811 356 sexui
868 327 1097 370 congruos,
1137 313 1244 355 mira
1282 323 1325 355 et
1366 323 1642 356 monstruosa
1694 310 1983 366 deformitate,

327 411 472 454 gerere
483 413 494 450 3
521 407 648 455 atque
670 397 859 454 insuper,
883 412 958 439 sua
992 397 1275 454 praesumptio
1300 396 1344 438 in
1374 394 1457 439 hoc
1491 411 1627 453 usque
1670 397 1852 439 evasisse
1874 394 1986 439 fere-

335 479 459 524 batur
485 492 549 533 ut,
592 493 742 539 praeter
768 492 807 524 et
846 493 996 524 contra
1033 479 1163 524 fidem
1195 479 1473 530 catholicam,
1503 480 1548 524 in
1574 479 1796 523 laesionem
1837 480 1988 522 articu—

335 563 479 607 lorum
506 562 699 621 ejusdem
719 562 972 607 orthodoxae
1000 561 1117 616 fidei,
1150 563 1334 621 plurima
1362 577 1575 621 peragere,
1613 561 1751 606 dicere
1785 574 1827 605 et
1853 561 1985 606 disse-

331 647 495 690 minare
521 646 712 690 auderet.
740 646 914 698 Quibus
938 648 981 689 in
1016 646 1158 700 rebus,
1193 659 1289 690 tum
1330 647 1373 689 in
1404 658 1548 690 nostra
1590 645 1762 704 praefata
1787 645 1979 700 dioecesi,

329 742 425 774 tum
454 730 675 774 incaeteris
705 730 920 789 plerisque
938 716 1067 774 'locis
1100 731 1220 788 regni
1249 729 1395 788 hujus,
1421 745 1510 774 non
1554 729 1827 773 mediocriter
1869 728 1978 773 deli-

330 814 472 871 quisse
499 812 731 857 dicebatur.
769 815 881 866 Quce
899 812 1005 856 dum
1032 813 1156 857 almae
1191 814 1472 856 Universitati
1499 812 1629 856 studii
1663 813 1909 856 Parisiensis
1936 825 1978 856 et

329 895 445 939 fratri
475 897 664 940 Martino
680 896 876 940 Billorini
899 905 927 950 ¹,
946 898 1104 941 vicario
1124 896 1310 954 generali
1330 896 1486 954 praefati
1513 896 1681 940 domini
1707 896 1979 954 Inquisitoris

329 979 525 1024 hereticae
551 981 782 1038 pravitatis,
813 981 1119 1034 innotuissent,
1147 982 1359 1024 continuo
1380 980 1722 1024 illustrissimum
1742 980 1977 1038 principem

326 1063 558 1108 dominum
587 1063 848 1121 Burgundize
875 1063 1030 1108 ducem
1068 1076 1196 1122 atque
1226 1065 1428 1108 inclitum
1461 1063 1694 1108 dominum
1731 1063 1976 1120 Johannem

325 1146 376 1190 de
422 1146 743 1204 Luxembuigo,
789 1147 988 1200 militem,
1027 1163 1216 1205 quorum
1269 1147 1425 1192 ditioni
1471 1160 1512 1191 et
1558 1147 1755 1205 potestati
1808 1145 1979 1204 praefata

326 1230 482 1274 mulier
503 1247 553 1274 eo
581 1244 774 1288 tempore
816 1229 1137 1287 subjiciebatur,
1174 1231 1405 1275 instantius
1438 1231 1772 1289 requisiverunt,
1817 1229 1979 1287 adjecta

325 1316 635 1368 summatione,
668 1314 748 1358 sub
783 1315 927 1373 poenis
961 1315 1081 1371 juris,
1124 1329 1197 1373 per
1227 1315 1434 1358 vicarium
1461 1315 1545 1371 jam
1581 1315 1901 1368 nominatum2,
1928 1326 1977 1357 ut

330 1399 555 1442 mulierem
602 1400 756 1457 ipsam,
790 1399 901 1443 sicut
933 1399 1226 1456 praemittitur,
1272 1397 1534 1442 diffamatam
1562 1412 1602 1441 et
1626 1397 1676 1442 de
1705 1397 1853 1442 haeresi
1877 1414 1974 1441 sus-

331 1495 512 1540 pectam,
533 1482 672 1534 nobis,
692 1494 899 1539 tanquam
919 1481 1138 1525 ordinario
1158 1481 1302 1539 judici,
1320 1480 1545 1525 redderent
1569 1494 1695 1539 atque
1707 1480 1970 1539 expedirent.

332 1567 424 1611 Nos
451 1581 569 1620 vero,
614 1566 841 1624 episcopus
887 1564 1128 1623 praedictus,
1160 1578 1289 1624 prout
1336 1566 1533 1623 pastorali
1569 1579 1718 1610 nostro
1759 1565 1972 1610 incumbit

327 1648 490 1703 officio,
520 1647 807 1694 desiderantes
835 1648 1086 1692 exaltationi
1109 1663 1154 1691 ac
1178 1649 1446 1706 promotioni
1475 1647 1573 1691 fidei
1601 1647 1842 1692 christianae
1869 1649 1972 1692 totis

325 1732 485 1776 viribus
509 1732 746 1786 intendere,
778 1748 904 1790 super
931 1731 1057 1775 rebus
1102 1745 1323 1789 tantopere
1357 1730 1588 1788 divulgatis
1633 1732 1962 1790 inquisitionem

328 1815 516 1861 debitam
539 1816 706 1873 explere
731 1817 996 1874 optavimuS,
1021 1828 1079 1870 et,
1110 1816 1242 1859 veluti
1265 1817 1329 1873 jus
1355 1828 1484 1873 atque
1509 1816 1614 1859 ratio
1647 1814 1890 1863 suaderent,
1919 1813 1971 1858 ad

328 1915 375 1944 ea
394 1915 489 1958 quae
511 1899 634 1943 nobis
664 1899 842 1945 ulterius
870 1898 1118 1943 incumbere
1140 1898 1405 1952 viderentur,
1423 1914 1523 1942 cum
1550 1911 1722 1942 maturo
1743 1898 1970 1956 procedere

326 1983 522 2028 consilio.
563 1983 700 2040 Cujus
742 1984 799 2026 rei
837 1984 986 2039 gratia,
1022 1981 1247 2040 praefatum
1296 1982 1533 2040 principem
1585 1980 1964 2041 antedictumque³

326 2066 558 2110 dominum
586 2066 831 2122 Johaunem
860 2067 989 2110 etiam
1024 2066 1346 2124 requisivimus,
1395 2078 1435 2109 et
1477 2065 1555 2110 sub
1595 2066 1736 2122 poenis
1770 2067 1888 2123 juris,
1919 2078 1967 2110 ut

330 2163 485 2194 nostrae
534 2148 819 2207 jurisdictioni
856 2149 1065 2208 spirituali
1101 2149 1330 2194 mulierem
1371 2148 1639 2207 saepedictam
1701 2149 1968 2194 remitterent

326 2232 627 2291 judicandam3
667 2232 928 2291 eosdemque
964 2233 1251 2277 nihilominus
1297 2233 1593 2278 serenissimus
1623 2244 1663 2277 et
1705 2232 1967 2277 christianis·

324 2318 459 2360 simus
476 2318 671 2375 princeps
683 2315 888 2360 dominus
902 2329 1045 2361 noster
1058 2317 1318 2360 Francorum
1335 2328 1376 2359 et
1387 2315 1581 2373 Angliae⁴
1597 2331 1667 2359 rex
1686 2314 1738 2360 ad
1759 2314 1965 2360 eumdem

375 2517 405 2541 1.
434 2507 495 2550 Q:
524 2506 696 2541 Billormi.
717 2526 758 2532 --
789 2516 821 2540 2.
850 2506 897 2540 Ici
919 2518 954 2540 se
974 2507 1125 2541 termine
1146 2507 1177 2540 la
1201 2507 1374 2551 premiere
1392 2517 1480 2551 page
1498 2506 1543 2540 du
1565 2516 1631 2540 ms.
1659 2505 1717 2540 lat.
1744 2504 1828 2551 5965
1866 2506 1909 2540 de
1934 2505 1966 2539 la

323 2566 569 2612 Bibliotheque
608 2565 814 2602 Nationale.
858 2567 914 2600 Au
946 2566 1004 2600 bas
1040 2566 1086 2600 du
1117 2565 1250 2601 feuillet
1281 2574 1331 2600 est
1365 2566 1469 2600 ecrite
1499 2565 1723 2600 l’attestation
1753 2566 1799 2599 du
1829 2565 1968 2612 greffier

321 2625 622 2670 expeditionnaire
660 2625 746 2658 ainsi
777 2636 910 2667 conc-ue
934 2637 939 2658 :
963 2625 1034 2669 Ego
1063 2637 1139 2658 vero
1167 2625 1375 2659 Guillermus
1400 2624 1532 2664 Colles,
1554 2624 1640 2658 alias
1667 2624 1964 2670 Boscgffllkzume,

319 2685 487 2730 presbyter
505 2684 771 2729 Rolhonmgensis
791 2684 944 2726 diaresis,
960 2685 1112 2730 publicus
1131 2682 1328 2719 auctoritate
1347 2684 1519 2730 apostolica
1540 2688 1567 2717 et
1587 2685 1621 2717 in
1643 2683 1853 2729 [venerabili]
1874 2684 1966 2718 curia

320 2743 588 2789 archiepiscojmli
618 2742 870 2788 Rothomagensi
901 2744 1065 2787 notarius,
1095 2754 1131 2777 «lc
1156 2744 1192 2777 in
1223 2742 1280 2777 hac
1305 2743 1448 2777 materia
1479 2754 1552 2777 cum
1579 2742 1659 2776 aliis
1685 2743 1789 2777 scriba
1813 2744 1963 2788 juratus,

321 2802 454 2847 affirmo
480 2801 687 2836 collationem
709 2802 885 2848 praescntis
911 2808 1090 2848 processus,
1119 2803 1232 2849 seplics
1261 2803 1391 2847 viginti
1427 2807 1456 2835 el
1483 2801 1654 2836 octodecim
1675 2801 1723 2846 (A
1741 2813 1750 2834 .·
1777 2806 1904 2835 centum
1933 2806 1963 2835 et

323 2860 472 2895 undecim
496 2873 507 2900 ;
529 2860 558 2894 C
577 2873 586 2893 .·
608 2860 743 2894 ducenta
761 2865 790 2893 et
813 2861 883 2900 sex)
895 2860 985 2906 solia
1005 2862 1238 2903 continentem,
1257 2861 1359 2894 debile
1376 2861 1484 2905 fuisse
1495 2861 1624 2906 fizclam
1645 2872 1717 2894 cum
1741 2861 1880 2906 regislro
1893 2861 1961 2894 ori-

317 2920 432 2965 ginali
452 2921 626 2966 pra’senlis
655 2931 767 2953 causae¹
804 2919 930 2953 Idcirco
958 2920 1090 2965 singula
1115 2920 1206 2965 folia
1236 2932 1336 2953 manu
1361 2921 1501 2966 propria
1527 2921 1674 2965 signavi,
1702 2924 1731 2953 et
1758 2931 1831 2955 cum
1860 2920 1959 2955 dictis

322 2980 371 3023 (A
390 2991 399 3012 .·
411 2979 507 3023 aliis)
518 2980 659 3012 notariis
677 2980 710 3011 sn
721 2979 786 3022 fine
805 2979 992 3025 subscripsi,
1014 2979 1065 3013 hic
1082 2991 1130 3012 me
1149 2990 1248 3012 ’nanu
1260 2981 1400 3025 propria
1417 2979 1632 3016 szcbscrilu’ns.
1658 2978 1955 3025 Boscguillaume.

323 3039 425 3073 Cette
455 3038 660 3073 attestation
682 3047 732 3072 est
747 3035 911 3084 ‘rappelee
935 3050 978 3072 au
1001 3038 1060 3072 bas
1080 3039 1126 3072 du
1147 3047 1242 3073 recto
1261 3039 1305 3072 de
1322 3038 1455 3084 chaque
1479 3038 1614 3072 feuillet
1635 3050 1697 3084 par
1721 3038 1752 3072 la
1776 3038 1927 3072 formule
1948 3050 1956 3072 ;

321 3098 468 3142 Affirmo
488 3102 522 3131 ιιΙ
537 3104 634 3143 snpra
657 3097 949 3142 Boscguillaume.
971 3118 1014 3121 ——
1041 3108 1071 3143 3.
1101 3097 1157 3131 C:
1178 3097 1454 3143 anthzcedictzcm,
1479 3118 1523 3122 —
1550 3108 1583 3140 4.
1615 3097 1644 3132 C
1665 3109 1674 3131 ,·
1698 3097 1902 3143 Anglomem.
