2099 3356
423 236 581 279 PRoci'zs
613 249 670 278 DE
703 248 1057 278 CONDAMNATION
1091 248 1146 278 DF.
1177 248 1344 289 JEANNE
1377 233 1506 278 D'ARC
1755 247 1773 289 3

136 350 269 394 finem
297 350 535 407 requisivit.
565 347 765 392 Tandem
793 346 1088 392 inclitissimus
1109 348 1197 405 ipse
1228 345 1433 392 dominus
1472 345 1559 391 dux
1585 346 1780 403 Burgun-

136 433 216 478 diae
244 445 284 476 et
308 432 505 491 praefatus
523 431 730 476 dominus
756 431 975 487 Johannes
1002 431 1053 475 de
1080 430 1405 488 Luxemburgo,
1426 429 1782 489 requisitionibus

135 515 360 560 antedictis
399 515 583 573 benigne
621 517 937 574 acquiescentes
969 527 1011 559 et
1045 514 1264 559 catholicis
1303 513 1523 558 mentibus
1564 515 1783 572 cupientes

136 599 294 658 expleri
314 601 469 658 quaein
495 598 595 643 fidei
620 611 906 657 augmentum
941 597 1223 642 accommoda
1259 597 1524 652 viderentur,
1554 597 1781 642 mulierem

136 685 272 741 ipsam
299 682 441 727 eidem
457 682 640 727 domino
662 695 812 727 nostro
840 683 925 740 regi
953 698 998 726 ac
1026 684 1117 740 ejus
1141 683 1385 727 commissis
1406 681 1684 726 reddiderunt
1708 689 1779 725 ac¹

137 767 462 825 expediverunt.
490 767 702 824 Deinceps
729 782 832 809 vero
869 767 981 824 regia
1027 764 1313 824 providentia,
1356 766 1400 809 in
1442 765 1635 810 favorem
1684 764 1781 809 fidei

135 850 391 895 orthodoxae
417 852 518 894 totis
544 866 717 894 accensa
749 849 984 903 desideriis,
1024 849 1164 904 nobis,
1201 851 1402 908 episcopo
1439 848 1643 907 praedicto
1675 848 1784 892 lianc

136 934 333 979 eamdem
352 943 364 961 ²
398 935 624 978 mulierem
668 932 860 987 tradidit,
889 946 938 978 ut
972 932 1024 977 de
1050 933 1170 977 factis
1190 946 1233 977 et
1265 932 1387 979 dictis
1411 934 1500 990 ejus
1527 933 1577 977 ad
1606 933 1785 991 plenum

136 1020 476 1077 inquireremus,
506 1017 789 1062 conformiter
807 1016 884 1061 ad³
908 1030 949 1061 et
967 1016 1208 1062 secundum
1221 1016 1520 1062 ecclesiasticas
1541 1018 1784 1061 sanctiones

136 1103 317 1146 ulterius
338 1103 592 1161 processuri.
616 1101 790 1156 Quibus
817 1102 876 1145 sic
904 1102 1098 1159 peractis,
1128 1102 1351 1159 egregium
1379 1113 1420 1145 et
1446 1099 1609 1145 celebre
1654 1101 1786 1158 Capi-

137 1186 280 1230 tulum
303 1186 489 1230 ecclesiae
507 1184 887 1243 RothomagensiS,
917 1184 1014 1229 sede
1038 1184 1386 1243 archiepiscopali
1420 1197 1614 1239 vacante,
1651 1183 1785 1228 admi-

139 1271 440 1315 nistrationem
469 1268 737 1314 omnimodae
765 1268 1075 1327 jurisdictionis
1114 1269 1347 1327 spiritualis
1371 1268 1588 1322 obtinens,
1619 1269 1784 1326 rogavi-

140 1370 236 1398 mus
252 1367 300 1397 ut
328 1352 452 1398 nobis
476 1354 744 1397 territorium
772 1353 816 1396 in
837 1352 915 1396 hac
943 1352 1048 1397 urbe
1074 1352 1435 1410 Rothomagensi,
1462 1352 1591 1410 hujus
1619 1367 1783 1410 proces-

140 1454 211 1482 sus
235 1436 473 1481 deducendi
495 1438 642 1494 gratia,
692 1435 1048 1490 commodarent;
1096 1435 1214 1495 quod
1249 1435 1478 1481 liberaliter
1524 1449 1565 1480 et
1601 1436 1783 1493 gratiose

139 1533 456 1565 concesserunt.
488 1519 587 1574 Sed,
616 1521 867 1579 priusquam
896 1519 1098 1564 adversus
1120 1521 1256 1578 ipsam
1279 1520 1508 1564 mulierem
1540 1535 1786 1578 processum

137 1605 390 1649 ulteriorem
413 1605 740 1655 intentaremus‚
762 1602 970 1662 grandem
995 1615 1036 1648 et
1058 1615 1274 1648 maturam
1305 1603 1659 1649 deliberationem
1686 1619 1787 1647 cum

138 1688 333 1733 litteratis
354 1700 396 1732 et
419 1689 566 1746 peritis
593 1688 637 1732 in
660 1689 752 1745 jure
779 1686 928 1732 divino
949 1700 990 1732 et
1016 1687 1227 1741 humano,
1272 1703 1461 1746 quorum
1496 1689 1540 1732 in
1579 1686 1657 1732 hac
1681 1687 1788 1732 civi-

139 1785 224 1816 tate
249 1771 607 1829 Rothomagensi,
647 1772 727 1816 Dei
769 1772 918 1830 gratia,
963 1772 1164 1830 copiosus
1209 1787 1419 1817 numerus
1458 1785 1561 1825 erat,
1602 1772 1788 1829 recipere

138 1855 356 1901 duximus.

379 2039 423 2068 ix
446 2035 685 2081 4JANUAR11
712 2023 1008 2083 [M.cccc.xxx
1035 2023 1081 2081 5].
1101 2022 1303 2083 -—[1431
1327 2023 1392 2082 (N.
1421 2023 1551 2082 ST.).]

586 2123 720 2153 PRIMA
752 2122 844 2152 DIES
868 2108 883 2134 ⁶
918 2122 1054 2164 HUJUS
1079 2122 1336 2155 PROCESSUS.

201 2259 345 2316 Atque
373 2256 440 2302 die
468 2258 629 2311 martis,
656 2273 771 2302 nona
794 2258 952 2301 mensis
977 2258 1174 2315 januarii,
1196 2273 1312 2302 anno
1334 2258 1519 2302 Domini
1556 2258 1789 2303 millesimo

141 2341 567 2401 quadringentesimo
596 2342 830 2395 tricesimo,
868 2340 1110 2386 secundum
1151 2342 1285 2386 ritum
1331 2353 1373 2386 et
1414 2343 1789 2400 computationem

140 2425 336 2470 Ecclesiae
387 2425 633 2480 Gallicanae,
672 2424 910 2470 indictione
944 2441 1074 2478 nona,
1116 2424 1391 2483 pontificatus
1439 2426 1693 2470 sanctissimi
1744 2427 1789 2470 in

143 2510 319 2554 Christo
350 2510 478 2567 patris
523 2522 564 2553 et
603 2508 772 2554 domini
821 2508 990 2553 domini
1017 2517 1030 2543 7
1070 2510 1262 2563 Martini,
1316 2507 1462 2554 divina
1510 2509 1788 2555 Providentia

141 2609 258 2652 papae
285 2594 444 2651 quinti,
469 2609 585 2637 anno
612 2592 783 2637 decimo
805 2605 972 2651 quarto,
999 2594 1043 2636 in
1083 2591 1217 2637 domo
1254 2593 1435 2637 Consilii
1477 2594 1616 2652 Regii,
1654 2609 1788 2653 prope

142 2689 330 2722 castrum
354 2676 723 2734 Rothomagense,
749 2692 843 2729 nos,
859 2677 1084 2735 episcopus
1103 2675 1345 2734 praedictus,
1367 2676 1564 2722 doctores
1579 2690 1620 2721 et
1635 2678 1790 2736 magis-

144 2773 231 2805 tros
251 2759 432 2805 fecimus
455 2761 697 2813 convocari,
720 2759 917 2805 videlicet
944 2774 951 2800 t
979 2759 1182 2805 dominos
1199 2760 1422 2818 AEgidium
1450 2761 1614 2806 Sanctae
1639 2760 1789 2805 Trini-

145 2847 241 2890 tatis
259 2846 614 2904 Fiscampnensis,
641 2846 687 2889 in
713 2860 827 2890 sacra
845 2846 1012 2904 pagina,
1035 2844 1267 2889 Nicolaum
1286 2843 1337 2889 de
1357 2845 1605 2900 Gemeticis,
1636 2845 1679 2889 in
1700 2846 1789 2903 jure

197 3042 224 3065 1.
256 3033 310 3075 Q:
331 3036 376 3067 el,
404 3052 448 3055 -
478 3041 508 3064 2.
538 3031 573 3075 ,Q
597 3039 695 3065 omet
715 3030 872 3064 eamdem.
893 3051 937 3055 —
969 3041 998 3075 3.
1026 3030 1061 3074 Q
1080 3038 1180 3065 omet
1199 3029 1257 3066 ad.
1283 3051 1329 3056 —
1354 3041 1387 3073 4.
1417 3030 1448 3064 A
1469 3031 1496 3064 Β
1516 3029 1546 3064 C
1564 3031 1721 3077 ajoutent
1740 3042 1782 3063 en

146 3102 284 3135 margo:
310 3090 447 3132 Martis,
464 3098 569 3124 avant
590 3089 621 3124 la
639 3090 732 3124 date.
755 3110 801 3116 -
831 3100 860 3133 5.
891 3089 921 3123 A
944 3090 971 3123 Β
991 3089 1022 3124 C
1040 3098 1217 3125 omettent
1243 3101 1287 3124 en
1316 3101 1435 3136 marge
1461 3090 1492 3124 le
1520 3089 1721 3124 millesime.
1744 3108 1788 3113 -—

146 3147 179 3183 6.
208 3149 239 3183 A
256 3161 300 3183 cn
322 3161 441 3195 margo
465 3150 602 3195 :prima
623 3149 686 3183 die.
715 3170 761 3174 —
789 3160 821 3193 7.
851 3150 885 3193 Q
901 3157 999 3184 omet
1014 3149 1045 3184 le
1063 3150 1195 3185 second
1214 3149 1356 3184 domini.
