2099 3356
371 180 426 232 96
650 178 806 220 PRoci'zs
840 191 896 220 DE
929 191 1280 220 CONDAMNArioN
1315 191 1370 220 DE
1402 191 1570 233 JEANNE
1601 176 1729 220 D'ARC

369 302 473 333 etex
494 289 729 334 abundanti
759 289 934 341 cautela,
975 306 1027 334 ex
1047 289 1228 334 consilio
1261 291 1515 347 peritorum,
1546 289 1891 334 concluseramus
1911 290 2010 334 scri-

367 373 464 418 bere
482 373 532 418 ad
543 373 775 418 dominum
793 374 1101 432 Inquisitorem
1122 374 1281 431 ipsum,
1312 372 1572 432 requirendo
1601 375 1808 431 quatinus
1825 372 1876 418 ad
1899 373 2009 418 hanc

365 458 581 501 civitatem
610 457 1011 515 Rothomagensem
1035 456 1265 511 accederet,
1284 469 1359 501 aut
1379 458 1585 501 vicarium
1610 457 1846 516 specialiter
1865 458 1909 501 in
1932 457 2009 501 hac

361 557 484 586 causa
502 540 737 600 deputaret,
760 542 851 600 qui,
889 540 940 584 ad
967 540 1273 585 deductionem
1309 553 1351 585 et
1382 542 1735 585 terminationem
1768 556 2004 600 processus,

363 625 533 683 plenam
558 641 607 669 ex
633 637 747 684 parte
772 626 903 683 ipsius
924 624 1091 669 domini
1105 625 1380 684 Inquisitoris
1398 624 1569 669 haberet
1584 636 1858 683 potestatem,
1878 636 2007 683 prout

366 707 456 752 haec
482 710 526 752 in
562 707 852 767 superioribus
894 708 1020 752 latius
1065 709 1358 753 continentur.
1401 709 1638 767 Postquam
1664 724 1767 753 vero
1800 707 2006 753 dominus

366 791 561 852 praefatus
582 792 819 850 Inquisitor
845 791 1005 836 litteras
1038 805 1204 836 nostras
1227 791 1392 846 habuit,
1416 791 1600 850 benigne
1633 808 1829 836 annuens
1849 804 2006 836 nostrae

364 877 650 935 requisitioni,
666 891 744 935 pro
769 875 936 920 honore
956 888 997 920 et
1017 876 1273 921 exaltatione
1300 875 1556 920 orthodoxae
1582 875 1697 930 fidei,
1727 875 2004 934 saepedictum

363 960 537 1004 fratrem
563 959 806 1016 Johannem
832 960 1020 1018 Magistri
1042 959 1278 1018 specialiter
1291 961 1509 1004 commisit
1527 972 1566 1004 et
1583 959 1804 1018 deputavit
1822 958 1872 1003 ad
1895 958 2004 1003 hanc

362 1059 531 1088 causam
571 1042 867 1088 deducendam
903 1056 942 1087 et
995 1043 1331 1098 terminandam,
1379 1060 1452 1102 per
1485 1044 1644 1088 litteras
1679 1059 1775 1088 suas
1811 1055 2005 1101 patentes

360 1128 500 1186 sigillo
527 1128 618 1186 ejus
646 1128 835 1171 munitas
877 1139 917 1171 et
958 1127 1192 1182 roboratas,
1237 1143 1422 1186 quarum
1469 1140 1593 1172 tenor
1637 1127 1745 1171 infra
1791 1127 1999 1186 sequitur.

362 1213 540 1272 Propter
578 1230 690 1272 quae,
729 1214 869 1271 ipsum
899 1211 1070 1256 fratrem
1095 1211 1339 1268 Johannem
1374 1213 1563 1270 Magistri
1600 1211 1923 1256 sommabamus
1962 1223 2003 1255 et

361 1296 682 1355 requirebamus
703 1298 922 1355 quatinus,
949 1297 1068 1354 juxta
1091 1308 1288 1340 tenorem
1318 1311 1405 1339 suae
1428 1297 1765 1350 commissionis,
1785 1311 1828 1339 se
1854 1294 2002 1339 nobis-

359 1396 459 1423 cum
482 1381 525 1423 in
547 1380 626 1425 hoc
646 1389 654 1406 ¹
686 1396 884 1439 processu
909 1379 1174 1437 adjungeret.
1195 1378 1262 1423 Ad
1282 1379 1372 1424 haec
1394 1378 1508 1424 idem
1532 1378 1659 1424 frater
1681 1378 1807 1423 nobis
1830 1393 2002 1437 respon-

361 1463 422 1507 dit
443 1463 561 1522 quod
597 1463 779 1508 libenter
810 1463 971 1508 videret
998 1462 1256 1507 antedictam
1283 1464 1638 1507 commissionem
1668 1461 1747 1506 sibi
1776 1461 1997 1516 directam,

360 1564 606 1606 processum
634 1549 765 1605 signis
791 1549 1063 1592 notariorum
1088 1548 1320 1605 signatum,
1349 1559 1389 1591 et
1413 1547 1492 1590 alia
1519 1563 1616 1606 quae
1644 1546 1723 1590 sibi
1750 1546 2001 1590 communi—

359 1648 451 1676 care
478 1631 708 1685 vellemus,
728 1631 885 1690 quibus
908 1632 1009 1675 visis
1036 1644 1075 1674 et
1097 1632 1340 1689 perspectis,
1377 1630 1502 1675 nobis
1524 1646 1778 1689 responsum
1801 1628 1935 1684 daret,
1960 1642 2000 1673 et

359 1731 435 1773 pro
456 1715 600 1760 officio
632 1729 786 1760 sanctae
825 1716 1124 1774 Inquisitionis
1174 1715 1369 1759 debitum
1416 1731 1546 1759 suum
1580 1714 1745 1758 faceret.
1775 1715 1869 1758 Nos
1896 1728 1999 1757 vero

357 1798 495 1843 eidem
523 1799 709 1843 diximus
728 1799 844 1858 quod
882 1801 965 1857 jam
990 1800 1034 1842 in
1059 1815 1212 1857 magna
1242 1811 1354 1857 parte
1377 1814 1596 1856 processus
1618 1813 1802 1856 praesens
1823 1796 1998 1841 adstite-

356 1895 434 1937 rat,
458 1883 531 1927 ubi
560 1883 679 1942 plura
704 1899 753 1927 ex
787 1884 999 1942 responsis
1038 1882 1161 1926 dictae
1205 1883 1417 1939 Johannae
1457 1895 1652 1941 potuerat
1693 1881 1868 1936 audire3
1909 1896 1997 1924 era-

356 1983 539 2026 musque
560 1969 751 2012 contenti
779 1980 818 2011 et
842 1967 948 2011 bene
967 1966 1219 2011 volebamus
1242 1965 1320 2010 sibi
1343 1967 1665 2010 communicare
1691 1980 1938 2024 processum
1953 1976 1995 2008 et

353 2051 501 2094 omnia
529 2068 625 2109 quae
643 2063 731 2094 acta
759 2050 926 2094 fuerant
953 2051 997 2094 in
1026 2050 1216 2104 materia,
1239 2062 1288 2093 ut
1309 2049 1376 2094 illa
1400 2062 1674 2108 cognosceret
1701 2061 1743 2093 et
1757 2047 1933 2093 videret.

382 2266 582 2298 SEQUITUR
602 2262 615 2280 ²
646 2267 778 2293 AUTEM
811 2267 942 2293 TENOR
974 2267 1222 2294 LITTERARUM
1259 2266 1553 2300 COMMISSIONIS,
1585 2263 1911 2291 TRANSMISSARUM
1943 2263 1968 2289 A

594 2351 754 2377 DOMINO
784 2350 1056 2385 1NQU151TORE,
1090 2350 1140 2376 DE
1177 2350 1326 2382 QUIBUS
1355 2349 1478 2377 SUPRA
1510 2349 1571 2375 1³1T
1601 2348 1753 2375 MENTIO

407 2511 423 2527 «
454 2492 611 2532 Dilecto
636 2501 645 2526 3
667 2493 707 2532 in
737 2494 895 2532 Christo
912 2494 1015 2532 tratri
1046 2493 1220 2543 Jolianni
1251 2493 1446 2546 Magistri,
1467 2492 1618 2531 ordinis
1644 2491 1820 2530 Fratrum
1847 2488 1991 2528 Praedi-

350 2573 544 2612 catorum,
571 2564 686 2604 frater
716 2566 920 2614 Johannes
958 2566 1179 2614 Graverent,
1205 2565 1384 2618 ejusdem
1418 2564 1585 2611 ordinis,
1621 2576 1739 2602 sacrae
1774 2560 1990 2613 theologice

348 2634 510 2674 humilis
535 2635 736 2688 professor
762 2646 877 2690 atque
902 2637 1097 2676 haereticae
1119 2636 1320 2690 pravitatis
1358 2636 1397 2674 in
1419 2649 1543 2688 regno
1568 2626 1740 2674 Franciae
1775 2632 1992 2691 Inquisitor

347 2707 579 2746 auctoritate
594 2707 813 2760 apostolica
829 2708 1058 2761 deputatus,
1072 2709 1111 2747 in
1127 2718 1286 2748 auctore
1302 2717 1338 2746 et
1355 2715 1677 2747 consummatore
1689 2704 1796 2752 fidei,
1821 2703 1988 2742 domino

348 2787 484 2817 nostro
505 2785 523 2810 ⁴
545 2776 666 2828 Jhesu
693 2780 866 2825 Christo,
891 2780 1073 2819 salutem.
1105 2781 1207 2819 Cum
1230 2780 1281 2818 ita
1305 2780 1353 2818 sit
1378 2779 1487 2833 quod
1506 2776 1747 2817 reverendus
1766 2776 1805 2814 in
1832 2774 1990 2814 Christo

346 2859 455 2903 pater
471 2863 514 2889 ac
535 2850 739 2899 dominus,
760 2851 949 2890 dominus
974 2851 1224 2890 Belvacensis
1243 2851 1471 2905 episcopus,
1489 2863 1607 2903 super
1623 2848 1728 2887 facto
1747 2846 1953 2901 cujusdam
1976 2850 1986 2876 ⁵

400 3037 430 3061 1.
452 3027 520 3064 AC
531 3039 541 3062 .·
560 3028 638 3075 ipso.
660 3048 703 3053 —
730 3036 764 3063 2‘.
782 3028 879 3064 ABC
898 3041 941 3064 en
963 3041 1084 3076 marge
1114 3042 1120 3064 z
1148 3029 1254 3064 Tenor
1279 3028 1520 3064 commissionis
1543 3026 1673 3069 domini
1690 3023 1920 3071 Inquisitoris.
1940 3042 1988 3048 —-

355 3096 387 3130 3.
412 3086 479 3120 AC
498 3087 656 3134 ajoutent
682 3089 756 3123 sibi.
776 3109 821 3114 —
842 3099 875 3132 4.
895 3090 929 3134 Q
949 3099 1047 3124 omer
1073 3094 1194 3124 nostro.
1226 3108 1272 3113 —
1295 3099 1325 3132 5.
1348 3088 1412 3123 AB
1434 3096 1467 3122 et
1496 3087 1530 3131 Q
1549 3098 1558 3120 :
1589 3084 1764 3132 cujusdem.
