2099 3356
387 167 545 210 mocks
579 182 632 210 ni:
665 181 1016 210 CONDAMNATION
1052 182 1108 210 DE
1141 182 1306 224 JEANNE
1340 167 1469 211 n’ARc
1668 183 1747 225 309

161 287 321 331 Iterum
344 289 601 346 interrogata
625 304 677 332 an
703 286 813 332 dicta
835 304 908 332 sua
931 300 971 331 ct
994 287 1100 331 facta
1122 285 1248 330 vellet
1277 286 1529 331 submittere
1556 285 1749 329 Ecclesiae

102 370 337 416 militanti:
366 371 589 430 respondit
614 371 827 416 finaliter:
854 390 872 410 (ι
900 369 1130 430 Quidquid
1159 369 1308 414 debeat
1342 370 1450 414 mihi
1478 370 1747 426 contingere,

101 469 182 511 ego
207 470 296 498 non
322 455 475 499 faciam
503 455 569 498 vel
597 453 733 498 dicam
757 453 874 498 aliud
904 470 1034 512 quam
1072 466 1171 497 ante
1195 452 1376 496 dixerim
1402 455 1444 497 in
1475 468 1687 512 processu.
1726 468 1745 491 »

156 537 206 581 Et
232 539 320 581 istis
340 539 400 582 sic
428 553 501 596 per
540 554 620 582 nos
644 539 762 591 actis,
789 537 1050 581 venerabiles
1077 536 1275 581 doctores
1308 538 1392 594 jam
1423 536 1744 595 praenominati,

97 619 259 664 ibidem
281 623 540 674 assistentes,
565 620 774 664 exhortati
791 620 966 665 fuerunt
981 636 1074 664 eam
1091 619 1142 663 ad
1156 619 1238 663 hoc
1260 621 1482 678 potissime
1498 632 1544 664 ut
1560 633 1653 663 seer
1665 618 1746 663 fac-

98 715 139 746 ta
154 719 229 748 sua
264 704 470 748 militanti
497 704 692 748 Ecclesiae
723 703 978 748 submittere
1005 704 1149 757 vellet,
1169 703 1400 761 allegantes
1421 702 1562 747 eidem
1591 702 1748 746 multas

99 788 372 831 auctoritates
411 803 536 831 sacrae
573 787 802 845 Scripturae
850 800 890 830 et
915 787 1126 845 exempla,
1157 800 1197 830 et
1249 785 1419 830 easdem
1465 798 1743 845 exponentes.

97 871 148 914 Et
175 871 395 928 signanter
412 886 526 915 unus
540 872 734 928 ipsorum
761 869 1007 924 doctorum,
1026 886 1148 913 suam
1165 870 1512 914 exhortationem
1533 868 1743 923 faciendo,

92 952 271 998 adduxit
303 952 410 997 illud
462 953 674 1007 Matthaei,
704 963 860 997 XV1110:
918 970 937 993 «
973 954 1015 997 Si
1042 955 1276 1012 peccaverit
1318 955 1361 996 in
1399 966 1440 997 te
1469 953 1595 998 frater
1626 966 1742 1007 tuus»,

96 1050 218 1081 etc».
248 1055 258 1091 ;
287 1050 328 1081 et
351 1038 561 1096 sequitur,
592 1055 611 1078 «
634 1038 667 1081 si
695 1037 925 1081 Ecclesiam
953 1053 1041 1080 non
1063 1036 1264 1091 audierit,
1292 1038 1346 1080 sit
1372 1036 1447 1080 tibi
1474 1038 1583 1080 sicut
1607 1036 1747 1080 ethni-

93 1137 166 1165 cus
199 1123 240 1165 et'
262 1121 532 1179 publicanus,
560 1133 640 1164 etc.
661 1137 700 1162 ».
731 1121 844 1174 Quae
877 1120 1015 1164 verbis
1042 1120 1205 1178 gallicis
1232 1119 1354 1164 dictae
1380 1120 1592 1176 Johannae
1616 1136 1745 1178 expo-

98 1206 197 1258 suit,
227 1203 412 1249 dicendo
437 1203 578 1248 eidem
606 1204 792 1248 finaliter
817 1204 953 1263 quod,
978 1205 1059 1247 nisi
1088 1203 1216 1247 vellet
1247 1219 1290 1247 se
1323 1203 1575 1248 submittere
1606 1203 1744 1247 Eccle-

99 1290 171 1332 siae
199 1301 240 1332 et
281 1289 318 1332 ei
354 1287 545 1341 obedire,
582 1300 802 1346 oporteret
829 1287 946 1346 quod
985 1288 1299 1346 relinqueretur
1340 1288 1448 1331 sicut
1488 1303 1572 1331 una
1604 1287 1743 1331 Sarra-

93 1388 212 1416 cena.

155 1455 222 1500 Ad
250 1455 368 1514 quod
403 1454 513 1499 dicta
546 1455 746 1512 Johanna
784 1454 1005 1513 respondit
1031 1455 1148 1513 quod
1179 1467 1267 1498 erat
1294 1454 1406 1498 bona
1431 1455 1659 1498 christiana
1701 1468 1743 1498 et

93 1538 201 1584 bene
223 1539 443 1597 baptizata,
474 1551 514 1583 et
538 1540 646 1583 sicut
671 1538 781 1582 bona
803 1539 1031 1583 christiana
1061 1551 1314 1582 moreretur.

150 1741 293 1781 Ultima
318 1742 496 1796 responsio
507 1742 588 1795 fuit
608 1742 712 1795 quia,
744 1742 967 1794 interrogata
998 1755 1046 1779 an
1067 1754 1099 1780 se
1117 1746 1147 1780 et
1166 1741 1269 1794 facta
1293 1754 1359 1780 sua
1383 1740 1609 1779 submitteret
1639 1754 1740 1780 sanc-

88 1818 133 1852 tae
162 1814 277 1852 matri
300 1813 480 1860 Ecclesiae,
509 1813 694 1853 videlicet:
735 1829 753 1850 (ε
779 1812 966 1866 Quelque
990 1813 1111 1851 chose
1134 1813 1201 1866 qui
1222 1811 1324 1851 m’en
1351 1812 1468 1850 doive
1499 1812 1676 1859 advenir,
1704 1813 1739 1864 je

87 1885 178 1924 n'en
199 1884 306 1938 feray
330 1899 381 1924 ou
408 1885 491 1924 dire
510 1895 618 1924 autre
640 1885 776 1931 chose,
801 1898 863 1923 car
879 1885 955 1936 J’en
978 1898 1026 1937 ay
1050 1884 1107 1922 dit
1131 1884 1274 1922 devant
1299 1897 1347 1922 au
1369 1884 1524 1936 proceS.
1548 1901 1563 1918 »

140 1958 189 1995 Et
219 1956 272 1996 his
306 1957 354 1996 sic
377 1957 466 1996 actis
493 1963 561 2010 per
589 1956 812 1995 venerabiles
840 1956 997 1994 doctores
1028 1955 1079 1994 ihi
1110 1955 1307 2003 adstantes,
1331 1954 1511 2002 videlicet,
1549 1954 1742 2008 magistros

89 2028 340 2067 Guillelmum
365 2039 373 2055 ¹
399 2030 451 2067 Le
474 2029 715 2076 Bouchie1-2‚
746 2028 978 2066 Mauricium
994 2028 1035 2066 a'e
1049 2027 1227 2075 Quesneio
1248 2026 1468 2076 ³,Jac0bum
1490 2026 1531 2065 de
1559 2026 1737 2070 Turonia,

86 2104 117 2139 et
140 2099 391 2139 Guillelmum
412 2109 428 2131 4
455 2099 607 2148 Adelis,
631 2113 671 2138 ac
700 2099 912 2139 Gerara'unz
937 2099 1104 2147 Feullet‚
1130 2098 1608 2152 exhortatafuitpotissime
1630 2103 1670 2136 ut
1706 2112 1740 2136 se

87 2176 119 2210 et
135 2172 239 2225 facta
267 2185 333 2211 sua
370 2171 582 2211 suhrnittere
601 2171 709 2210 vellet
731 2176 861 2210 nostrae
886 2171 1001 2209 nzatri
1024 2170 1203 2218 Ecclesia,
1240 2174 1272 2208 et
1290 2170 1366 2216 hoc,
1390 2169 1518 2208 multis
1539 2169 1740 2208 auctorita-

89 2243 184 2282 tihus
203 2257 315 2282 sacrce
345 2243 548 2297 Scripturoe
572 2248 603 2281 el
642 2242 815 2296 exemplis
838 2242 951 2281 eidem
965 2242 1145 2291 solmam
1164 2248 1229 2295 per
1252 2241 1362 2280 dictos
1380 2241 1545 2280 dominos
1585 2241 1739 2280 doctores

87 2315 190 2354 dictis
231 2321 262 2354 et
304 2315 483 2369 expositis.
537 2317 585 2353 Et
635 2315 730 2353 inter
773 2314 868 2353 alias
909 2314 1189 2361 exhortationes,
1220 2313 1394 2365 magister
1416 2312 1595 2351 Nicotaus
1619 2313 1735 2358 Midi,

86 2400 191 2425 suant
213 2386 499 2425 exhortationem
535 2386 719 2440 faciendo,
764 2385 912 2425 adducit
933 2385 1032 2424 illud
1055 2385 1228 2424 Maubai
1247 2385 1409 2423 Xl'Hlo
1432 2402 1447 2419 «
1478 2384 1522 2423 Si
1539 2385 1737 2437 peccaverit

85 2458 123 2496 in
146 2463 177 2496 le
192 2457 317 2511 frater
339 2463 438 2505 tuus,
463 2463 526 2497 etc.
552 2475 569 2494 »
609 2463 640 2497 et
663 2458 843 2511 sequitur,
873 2475 887 2493 α
917 2458 960 2496 Si
980 2457 1179 2496 Ecclesiam
1204 2470 1274 2495 uon
1298 2456 1473 2504 audierit,
1494 2456 1541 2495 sit
1556 2456 1622 2495 tihi
1644 2456 1738 2495 sicut

82 2530 246 2569 ethnicus
266 2535 296 2569 et
313 2529 553 2584 publicanus,
579 2535 643 2569 ets.
674 2547 691 2566 >³
713 2534 777 2568 etc.
800 2531 844 2567 Et
867 2529 928 2568 hoe
948 2528 1068 2568 verbis
1080 2528 1227 2582 gallicis
1249 2528 1353 2567 dictat
1376 2528 1557 2577 Johauna’
1577 2528 1737 2582 exposuit

82 2606 114 2640 et
139 2601 176 2640 in
198 2601 273 2654 fine
296 2601 443 2640 dicendo
465 2601 578 2640 eidem
608 2601 717 2655 quod,
742 2601 814 2640 nisi
848 2601 955 2639 vellet
980 2614 1014 2639 se
1042 2599 1254 2639 submittere
1275 2598 1442 2639 Ecclesiae
1461 2604 1493 2638 et
1528 2599 1560 2638 ei
1578 2599 1733 2646 obedire,

84 2677 258 2726 oporteret
276 2673 372 2726 quod
390 2672 661 2726 reliuqiu’retur
678 2673 769 2711 sicut
790 2686 862 2710 uua
884 2684 1078 2710 sarracena
1099 2676 1162 2710 etc.

141 2744 202 2783 Ad
222 2745 318 2798 quod
334 2744 429 2783 dicta
443 2744 615 2794 johanna
643 2744 822 2797 respondit
841 2743 936 2797 quod
954 2749 1030 2782 erat
1057 2743 1149 2782 Iunia
1169 2742 1369 2781 christiana
1389 2750 1420 2781 et
1443 2742 1526 2781 hene
1548 2742 1733 2796 baptizata

85 2821 117 2855 et
138 2821 340 2855 moreretur
362 2824 371 2849 5
395 2816 487 2855 sicut
513 2815 603 2855 bona
624 2816 839 2855 christiana.

142 3030 170 3053 1.
200 3019 272 3054 Ms.
299 3031 309 3052 :
337 3018 579 3053 Guillermum.
600 3039 645 3042 —
665 3028 696 3052 2.
727 3017 813 3051 Iln'd.
839 3030 848 3050 .·
870 3016 1024 3051 Boucher.
1047 3038 1093 3041 —
1112 3027 1140 3060 3.
1171 3016 1254 3050 [bid.
1273 3029 1282 3050 .·
1316 3016 1458 3061 Qum-cu.
1482 3037 1528 3041 —
1545 3027 1578 3059 4.
1609 3016 1696 3051 [hid.
1725 3029 1734 3051 .·

88 3078 330 3112 (ἱκῐῖῖιίἠιηηι.
353 3100 392 3103 -—
420 3088 447 3119 ς.
481 3077 565 3111 [lull.
585 3091 594 3111 .·
615 3083 814 3111 moraretur.
