<?xml version="1.0" encoding="UTF-8"?>
<!DOCTYPE html PUBLIC "-//W3C//DTD XHTML 1.0 Transitional//EN"
    "http://www.w3.org/TR/xhtml1/DTD/xhtml1-transitional.dtd">
<html xmlns="http://www.w3.org/1999/xhtml" xml:lang="en" lang="en">
 <head>
  <title>
</title>
<meta http-equiv="Content-Type" content="text/html;charset=utf-8" />
  <meta name='ocr-system' content='tesseract 3.04.00' />
  <meta name='ocr-capabilities' content='ocr_page ocr_carea ocr_par ocr_line ocrx_word'/>
</head>
<body>
  <div class='ocr_page' id='page_1' title='image "./procsdecondamn01cham_0408.png"; bbox 0 0 2099 3356; ppageno 0'>
   <div class='ocr_carea' id='block_1_1' title="bbox 297 193 1660 253">
    <p class='ocr_par' dir='ltr' id='par_1_1' title="bbox 297 193 1660 253">
     <span class='ocr_line' id='line_1_1' title="bbox 297 193 1660 253; baseline -0.001 -13"><span class='ocrx_word' id='word_1_1' title='bbox 297 197 381 253; x_wconf 81' lang='lat'>358</span> <span class='ocrx_word' id='word_1_2' title='bbox 579 194 738 237; x_wconf 57' lang='lat' dir='ltr'>PRocsss</span> <span class='ocrx_word' id='word_1_3' title='bbox 770 207 826 237; x_wconf 87' lang='lat' dir='ltr'>DE</span> <span class='ocrx_word' id='word_1_4' title='bbox 857 205 1208 236; x_wconf 76' lang='lat' dir='ltr'>CONDAMNATION</span> <span class='ocrx_word' id='word_1_5' title='bbox 1241 207 1298 237; x_wconf 85' lang='lat' dir='ltr'>DE</span> <span class='ocrx_word' id='word_1_6' title='bbox 1329 208 1498 250; x_wconf 85' lang='lat' dir='ltr'>JEANNE</span> <span class='ocrx_word' id='word_1_7' title='bbox 1530 193 1660 238; x_wconf 78' lang='lat' dir='ltr'>D’ARc</span> 
     </span>
    </p>
   </div>
   <div class='ocr_carea' id='block_1_2' title="bbox 294 306 1948 1116">
    <p class='ocr_par' dir='ltr' id='par_1_2' title="bbox 294 306 1938 436">
     <span class='ocr_line' id='line_1_2' title="bbox 294 306 1938 366; baseline -0.002 -13"><span class='ocrx_word' id='word_1_8' title='bbox 294 320 336 353; x_wconf 88' lang='lat' dir='ltr'>et</span> <span class='ocrx_word' id='word_1_9' title='bbox 362 307 468 352; x_wconf 86' lang='lat' dir='ltr'>facta</span> <span class='ocrx_word' id='word_1_10' title='bbox 494 322 570 352; x_wconf 87' lang='lat' dir='ltr'>sua</span> <span class='ocrx_word' id='word_1_11' title='bbox 602 306 798 350; x_wconf 80' lang='lat' dir='ltr'>Ecclesiae</span> <span class='ocrx_word' id='word_1_12' title='bbox 829 306 1049 360; x_wconf 88' lang='lat' dir='ltr'>militanti,</span> <span class='ocrx_word' id='word_1_13' title='bbox 1086 307 1298 366; x_wconf 84' lang='lat' dir='ltr'>praecipue</span> <span class='ocrx_word' id='word_1_14' title='bbox 1329 308 1374 350; x_wconf 90' lang='lat' dir='ltr'>in</span> <span class='ocrx_word' id='word_1_15' title='bbox 1410 306 1520 351; x_wconf 87' lang='lat' dir='ltr'>facto</span> <span class='ocrx_word' id='word_1_16' title='bbox 1554 307 1868 351; x_wconf 83' lang='lat' dir='ltr'>revelationum</span> <span class='ocrx_word' id='word_1_17' title='bbox 1896 318 1938 350; x_wconf 91' lang='lat' dir='ltr'>et</span> 
     </span>
     <span class='ocr_line' id='line_1_3' title="bbox 297 391 694 436; baseline -0.005 0"><span class='ocrx_word' id='word_1_18' title='bbox 297 391 452 436; x_wconf 86' lang='lat' dir='ltr'>talium</span> <span class='ocrx_word' id='word_1_19' title='bbox 488 406 647 435; x_wconf 87' lang='lat' dir='ltr'>rerum.</span> <span class='ocrx_word' id='word_1_20' title='bbox 675 407 694 430; x_wconf 90' lang='lat'>»</span> 
     </span>
    </p>

    <p class='ocr_par' dir='ltr' id='par_1_3' title="bbox 296 472 1940 699">
     <span class='ocr_line' id='line_1_4' title="bbox 362 472 1940 532; baseline 0.003 -18"><span class='ocrx_word' id='word_1_21' title='bbox 362 492 381 515; x_wconf 91' lang='lat'>«</span> <span class='ocrx_word' id='word_1_22' title='bbox 404 476 635 525; x_wconf 88' lang='lat' dir='ltr'>Quantum</span> <span class='ocrx_word' id='word_1_23' title='bbox 662 473 713 518; x_wconf 91' lang='lat' dir='ltr'>ad</span> <span class='ocrx_word' id='word_1_24' title='bbox 741 472 870 527; x_wconf 89' lang='lat' dir='ltr'>istud,</span> <span class='ocrx_word' id='word_1_25' title='bbox 904 473 1044 518; x_wconf 89' lang='lat' dir='ltr'>clerici</span> <span class='ocrx_word' id='word_1_26' title='bbox 1077 472 1227 518; x_wconf 90' lang='lat' dir='ltr'>dicunt</span> <span class='ocrx_word' id='word_1_27' title='bbox 1257 473 1372 532; x_wconf 91' lang='lat' dir='ltr'>quod</span> <span class='ocrx_word' id='word_1_28' title='bbox 1402 490 1445 518; x_wconf 90' lang='lat' dir='ltr'>es</span> <span class='ocrx_word' id='word_1_29' title='bbox 1480 474 1746 519; x_wconf 82' lang='lat' dir='ltr'>schismatica</span> <span class='ocrx_word' id='word_1_30' title='bbox 1773 483 1803 528; x_wconf 88' lang='lat'>¹,</span> <span class='ocrx_word' id='word_1_31' title='bbox 1831 474 1940 518; x_wconf 86' lang='lat' dir='ltr'>male</span> 
     </span>
     <span class='ocr_line' id='line_1_5' title="bbox 296 556 1937 617; baseline -0.001 -15"><span class='ocrx_word' id='word_1_32' title='bbox 296 559 488 603; x_wconf 86' lang='lat' dir='ltr'>sentiens</span> <span class='ocrx_word' id='word_1_33' title='bbox 511 556 563 601; x_wconf 89' lang='lat' dir='ltr'>de</span> <span class='ocrx_word' id='word_1_34' title='bbox 589 557 754 600; x_wconf 88' lang='lat' dir='ltr'>unitate</span> <span class='ocrx_word' id='word_1_35' title='bbox 787 568 829 600; x_wconf 88' lang='lat' dir='ltr'>et</span> <span class='ocrx_word' id='word_1_36' title='bbox 855 557 1103 600; x_wconf 85' lang='lat' dir='ltr'>auctoritate</span> <span class='ocrx_word' id='word_1_37' title='bbox 1137 556 1347 608; x_wconf 89' lang='lat' dir='ltr'>Ecclesiae,</span> <span class='ocrx_word' id='word_1_38' title='bbox 1386 569 1575 615; x_wconf 84' lang='lat' dir='ltr'>apostata</span> <span class='ocrx_word' id='word_1_39' title='bbox 1608 571 1648 602; x_wconf 90' lang='lat' dir='ltr'>et</span> <span class='ocrx_word' id='word_1_40' title='bbox 1679 557 1905 617; x_wconf 89' lang='lat' dir='ltr'>hucusque</span> <span class='ocrx_word' id='word_1_41' title='bbox 1924 565 1937 582; x_wconf 89' lang='lat'><strong>²</strong></span> 
     </span>
     <span class='ocr_line' id='line_1_6' title="bbox 298 638 974 699; baseline -0.006 -15"><span class='ocrx_word' id='word_1_42' title='bbox 298 641 569 699; x_wconf 87' lang='lat' dir='ltr'>pernitaciter</span> <span class='ocrx_word' id='word_1_43' title='bbox 592 655 736 683; x_wconf 87' lang='lat' dir='ltr'>errans</span> <span class='ocrx_word' id='word_1_44' title='bbox 757 641 800 683; x_wconf 91' lang='lat' dir='ltr'>in</span> <span class='ocrx_word' id='word_1_45' title='bbox 824 638 920 683; x_wconf 88' lang='lat' dir='ltr'>fide.</span> <span class='ocrx_word' id='word_1_46' title='bbox 954 657 974 679; x_wconf 90' lang='lat'>»</span> 
     </span>
    </p>

    <p class='ocr_par' dir='ltr' id='par_1_4' title="bbox 298 722 1948 1116">
     <span class='ocr_line' id='line_1_7' title="bbox 359 722 1944 782; baseline 0 -15"><span class='ocrx_word' id='word_1_47' title='bbox 359 725 593 782; x_wconf 84' lang='lat' dir='ltr'>Postquam</span> <span class='ocrx_word' id='word_1_48' title='bbox 638 739 740 767; x_wconf 91' lang='lat' dir='ltr'>vero</span> <span class='ocrx_word' id='word_1_49' title='bbox 785 739 858 781; x_wconf 89' lang='lat' dir='ltr'>per</span> <span class='ocrx_word' id='word_1_50' title='bbox 906 723 1021 766; x_wconf 78' lang='lat' dir='ltr'>bunc</span> <span class='ocrx_word' id='word_1_51' title='bbox 1070 722 1255 767; x_wconf 91' lang='lat' dir='ltr'>modum</span> <span class='ocrx_word' id='word_1_52' title='bbox 1305 725 1558 768; x_wconf 79' lang='lat' dir='ltr'>assertiones</span> <span class='ocrx_word' id='word_1_53' title='bbox 1609 723 1817 782; x_wconf 86' lang='lat' dir='ltr'>praedictae</span> <span class='ocrx_word' id='word_1_54' title='bbox 1863 725 1944 782; x_wconf 87' lang='lat' dir='ltr'>ipsi</span> 
     </span>
     <span class='ocr_line' id='line_1_8' title="bbox 298 805 1944 866; baseline -0.002 -13"><span class='ocrx_word' id='word_1_55' title='bbox 298 809 525 866; x_wconf 82' lang='lat' dir='ltr'>Johannae,</span> <span class='ocrx_word' id='word_1_56' title='bbox 556 823 654 850; x_wconf 91' lang='lat' dir='ltr'>cum</span> <span class='ocrx_word' id='word_1_57' title='bbox 682 805 1076 865; x_wconf 85' lang='lat' dir='ltr'>qualificationibus</span> <span class='ocrx_word' id='word_1_58' title='bbox 1110 822 1183 864; x_wconf 91' lang='lat' dir='ltr'>per</span> <span class='ocrx_word' id='word_1_59' title='bbox 1209 807 1429 865; x_wconf 77' lang='lat' dir='ltr'>praefatam</span> <span class='ocrx_word' id='word_1_60' title='bbox 1462 808 1800 852; x_wconf 84' lang='lat' dir='ltr'>Universitatem</span> <span class='ocrx_word' id='word_1_61' title='bbox 1831 808 1944 851; x_wconf 85' lang='lat' dir='ltr'>Pari-</span> 
     </span>
     <span class='ocr_line' id='line_1_9' title="bbox 299 888 1947 948; baseline -0.002 -11"><span class='ocrx_word' id='word_1_62' title='bbox 299 895 486 937; x_wconf 89' lang='lat' dir='ltr'>siensem</span> <span class='ocrx_word' id='word_1_63' title='bbox 510 890 636 943; x_wconf 84' lang='lat' dir='ltr'>datis,</span> <span class='ocrx_word' id='word_1_64' title='bbox 656 904 833 933; x_wconf 83' lang='lat' dir='ltr'>narratae</span> <span class='ocrx_word' id='word_1_65' title='bbox 854 903 896 934; x_wconf 91' lang='lat' dir='ltr'>et</span> <span class='ocrx_word' id='word_1_66' title='bbox 923 888 1140 935; x_wconf 80' lang='lat' dir='ltr'>declaratae</span> <span class='ocrx_word' id='word_1_67' title='bbox 1159 890 1362 948; x_wconf 67' lang='lat' dir='ltr'>fuerunt,</span> <span class='ocrx_word' id='word_1_68' title='bbox 1392 891 1564 935; x_wconf 87' lang='lat' dir='ltr'>tandem</span> <span class='ocrx_word' id='word_1_69' title='bbox 1592 893 1759 935; x_wconf 87' lang='lat' dir='ltr'>monita</span> <span class='ocrx_word' id='word_1_70' title='bbox 1785 902 1847 934; x_wconf 88' lang='lat' dir='ltr'>est</span> <span class='ocrx_word' id='word_1_71' title='bbox 1874 906 1947 948; x_wconf 87' lang='lat' dir='ltr'>per</span> 
     </span>
     <span class='ocr_line' id='line_1_10' title="bbox 302 973 1948 1033; baseline -0.001 -13"><span class='ocrx_word' id='word_1_72' title='bbox 302 977 468 1021; x_wconf 89' lang='lat' dir='ltr'>dictum</span> <span class='ocrx_word' id='word_1_73' title='bbox 507 974 764 1019; x_wconf 78' lang='lat' dir='ltr'>doctorem3</span> <span class='ocrx_word' id='word_1_74' title='bbox 808 975 937 1017; x_wconf 87' lang='lat' dir='ltr'>etiam</span> <span class='ocrx_word' id='word_1_75' title='bbox 967 973 1107 1018; x_wconf 84' lang='lat' dir='ltr'>verbis</span> <span class='ocrx_word' id='word_1_76' title='bbox 1140 974 1317 1033; x_wconf 84' lang='lat' dir='ltr'>gallicis,</span> <span class='ocrx_word' id='word_1_77' title='bbox 1354 987 1400 1018; x_wconf 89' lang='lat' dir='ltr'>ut</span> <span class='ocrx_word' id='word_1_78' title='bbox 1444 973 1948 1033; x_wconf 75' lang='lat' dir='ltr'>plurimum‘adverteret</span> 
     </span>
     <span class='ocr_line' id='line_1_11' title="bbox 303 1057 1948 1116; baseline -0.002 -12"><span class='ocrx_word' id='word_1_79' title='bbox 303 1062 408 1105; x_wconf 87' lang='lat' dir='ltr'>circa</span> <span class='ocrx_word' id='word_1_80' title='bbox 435 1058 545 1103; x_wconf 84' lang='lat' dir='ltr'>dicta</span> <span class='ocrx_word' id='word_1_81' title='bbox 567 1071 608 1102; x_wconf 90' lang='lat' dir='ltr'>et</span> <span class='ocrx_word' id='word_1_82' title='bbox 629 1057 734 1102; x_wconf 83' lang='lat' dir='ltr'>facta</span> <span class='ocrx_word' id='word_1_83' title='bbox 760 1074 834 1101; x_wconf 89' lang='lat' dir='ltr'>sua</span> <span class='ocrx_word' id='word_1_84' title='bbox 856 1070 896 1101; x_wconf 91' lang='lat' dir='ltr'>et</span> <span class='ocrx_word' id='word_1_85' title='bbox 926 1059 1159 1116; x_wconf 83' lang='lat' dir='ltr'>praesertim</span> <span class='ocrx_word' id='word_1_86' title='bbox 1187 1059 1293 1103; x_wconf 81' lang='lat' dir='ltr'>circa</span> <span class='ocrx_word' id='word_1_87' title='bbox 1324 1058 1531 1103; x_wconf 87' lang='lat' dir='ltr'>ultimum</span> <span class='ocrx_word' id='word_1_88' title='bbox 1555 1058 1812 1111; x_wconf 58' lang='lat' dir='ltr'>articulum</span> <span class='ocrx_word' id='word_1_89' title='bbox 1837 1057 1948 1102; x_wconf 89' lang='lat' dir='ltr'>dice-</span> 
     </span>
    </p>
   </div>
   <div class='ocr_carea' id='block_1_3' title="bbox 304 1141 1096 1202">
    <p class='ocr_par' dir='ltr' id='par_1_5' title="bbox 304 1141 1096 1202">
     <span class='ocr_line' id='line_1_12' title="bbox 304 1141 1096 1202; baseline -0.004 -14"><span class='ocrx_word' id='word_1_90' title='bbox 304 1145 514 1202; x_wconf 83' lang='lat' dir='ltr'>baturque</span> <span class='ocrx_word' id='word_1_91' title='bbox 537 1141 617 1186; x_wconf 84' lang='lat' dir='ltr'>sibi</span> <span class='ocrx_word' id='word_1_92' title='bbox 639 1157 711 1200; x_wconf 88' lang='lat' dir='ltr'>per</span> <span class='ocrx_word' id='word_1_93' title='bbox 736 1142 851 1186; x_wconf 89' lang='lat' dir='ltr'>hunc</span> <span class='ocrx_word' id='word_1_94' title='bbox 879 1141 1062 1186; x_wconf 88' lang='lat' dir='ltr'>modum</span> <span class='ocrx_word' id='word_1_95' title='bbox 1088 1159 1096 1186; x_wconf 90' lang='lat'>:</span> 
     </span>
    </p>
   </div>
   <div class='ocr_carea' id='block_1_4' title="bbox 368 1226 1950 1284">
    <p class='ocr_par' dir='ltr' id='par_1_6' title="bbox 368 1226 1950 1284">
     <span class='ocr_line' id='line_1_13' title="bbox 368 1226 1950 1284; baseline -0.001 -14"><span class='ocrx_word' id='word_1_96' title='bbox 368 1245 386 1267; x_wconf 87' lang='lat'>«</span> <span class='ocrx_word' id='word_1_97' title='bbox 422 1226 636 1284; x_wconf 83' lang='lat' dir='ltr'>Johanna,</span> <span class='ocrx_word' id='word_1_98' title='bbox 669 1227 803 1270; x_wconf 87' lang='lat' dir='ltr'>amica</span> <span class='ocrx_word' id='word_1_99' title='bbox 829 1227 1062 1280; x_wconf 82' lang='lat' dir='ltr'>carissima,</span> <span class='ocrx_word' id='word_1_100' title='bbox 1085 1242 1201 1270; x_wconf 87' lang='lat' dir='ltr'>nunc</span> <span class='ocrx_word' id='word_1_101' title='bbox 1228 1239 1400 1284; x_wconf 88' lang='lat' dir='ltr'>tempus</span> <span class='ocrx_word' id='word_1_102' title='bbox 1428 1238 1505 1280; x_wconf 88' lang='lat' dir='ltr'>est,</span> <span class='ocrx_word' id='word_1_103' title='bbox 1534 1228 1640 1270; x_wconf 79' lang='lat' dir='ltr'>circa</span> <span class='ocrx_word' id='word_1_104' title='bbox 1667 1226 1800 1270; x_wconf 89' lang='lat' dir='ltr'>finem</span> <span class='ocrx_word' id='word_1_105' title='bbox 1820 1227 1950 1270; x_wconf 85' lang='lat' dir='ltr'>vestri</span> 
     </span>
    </p>
   </div>
   <div class='ocr_carea' id='block_1_5' title="bbox 307 1309 2018 1370">
    <p class='ocr_par' dir='ltr' id='par_1_7' title="bbox 307 1309 2018 1370">
     <span class='ocr_line' id='line_1_14' title="bbox 307 1309 2018 1370; baseline -0.001 -15"><span class='ocrx_word' id='word_1_106' title='bbox 307 1327 542 1370; x_wconf 82' lang='lat' dir='ltr'>processus,</span> <span class='ocrx_word' id='word_1_107' title='bbox 566 1310 673 1354; x_wconf 89' lang='lat' dir='ltr'>bene</span> <span class='ocrx_word' id='word_1_108' title='bbox 701 1326 875 1369; x_wconf 84' lang='lat' dir='ltr'>pensare</span> <span class='ocrx_word' id='word_1_109' title='bbox 904 1326 1001 1368; x_wconf 89' lang='lat' dir='ltr'>quae</span> <span class='ocrx_word' id='word_1_110' title='bbox 1027 1309 1138 1354; x_wconf 86' lang='lat' dir='ltr'>dicta</span> <span class='ocrx_word' id='word_1_111' title='bbox 1161 1322 1290 1366; x_wconf 81' lang='lat' dir='ltr'>sunt3</span> <span class='ocrx_word' id='word_1_112' title='bbox 1324 1312 1552 1369; x_wconf 88' lang='lat' dir='ltr'>quoniam,</span> <span class='ocrx_word' id='word_1_113' title='bbox 1586 1310 1682 1354; x_wconf 79' lang='lat' dir='ltr'>licet</span> <span class='ocrx_word' id='word_1_114' title='bbox 1710 1326 1782 1368; x_wconf 84' lang='lat' dir='ltr'>per</span> <span class='ocrx_word' id='word_1_115' title='bbox 1805 1309 1950 1353; x_wconf 89' lang='lat' dir='ltr'>domi-</span> <span class='ocrx_word' id='word_1_116' title='bbox 2013 1337 2018 1339; x_wconf 95' lang='lat'><em>-</em></span> 
     </span>
    </p>
   </div>
   <div class='ocr_carea' id='block_1_6' title="bbox 307 1392 1962 2785">
    <p class='ocr_par' dir='ltr' id='par_1_8' title="bbox 307 1392 1962 2785">
     <span class='ocr_line' id='line_1_15' title="bbox 307 1392 1951 1453; baseline -0.002 -14"><span class='ocrx_word' id='word_1_117' title='bbox 307 1412 415 1439; x_wconf 89' lang='lat' dir='ltr'>num</span> <span class='ocrx_word' id='word_1_118' title='bbox 444 1395 743 1439; x_wconf 83' lang='lat' dir='ltr'>Belvacensem</span> <span class='ocrx_word' id='word_1_119' title='bbox 775 1407 816 1438; x_wconf 91' lang='lat' dir='ltr'>et</span> <span class='ocrx_word' id='word_1_120' title='bbox 843 1393 1074 1438; x_wconf 87' lang='lat' dir='ltr'>dominum</span> <span class='ocrx_word' id='word_1_121' title='bbox 1103 1395 1310 1438; x_wconf 86' lang='lat' dir='ltr'>vicarium</span> <span class='ocrx_word' id='word_1_122' title='bbox 1334 1395 1621 1453; x_wconf 86' lang='lat' dir='ltr'>Inquisitoris,</span> <span class='ocrx_word' id='word_1_123' title='bbox 1651 1409 1697 1437; x_wconf 92' lang='lat' dir='ltr'>ac</span> <span class='ocrx_word' id='word_1_124' title='bbox 1720 1394 1826 1437; x_wconf 86' lang='lat' dir='ltr'>alios</span> <span class='ocrx_word' id='word_1_125' title='bbox 1853 1392 1951 1437; x_wconf 91' lang='lat' dir='ltr'>doc-</span> 
     </span>
     <span class='ocr_line' id='line_1_16' title="bbox 308 1476 1952 1536; baseline -0.002 -14"><span class='ocrx_word' id='word_1_126' title='bbox 308 1492 439 1532; x_wconf 76' lang='lat' dir='ltr'>tore5‚</span> <span class='ocrx_word' id='word_1_127' title='bbox 476 1493 527 1521; x_wconf 84' lang='lat' dir='ltr'>ex</span> <span class='ocrx_word' id='word_1_128' title='bbox 554 1489 668 1536; x_wconf 87' lang='lat' dir='ltr'>parte</span> <span class='ocrx_word' id='word_1_129' title='bbox 696 1493 847 1521; x_wconf 88' lang='lat' dir='ltr'>eorum</span> <span class='ocrx_word' id='word_1_130' title='bbox 883 1478 1166 1530; x_wconf 82' lang='lat' dir='ltr'>transmissos,</span> <span class='ocrx_word' id='word_1_131' title='bbox 1197 1477 1364 1535; x_wconf 89' lang='lat' dir='ltr'>publice</span> <span class='ocrx_word' id='word_1_132' title='bbox 1391 1491 1433 1521; x_wconf 83' lang='lat' dir='ltr'>et</span> <span class='ocrx_word' id='word_1_133' title='bbox 1462 1476 1513 1520; x_wconf 87' lang='lat' dir='ltr'>ad</span> <span class='ocrx_word' id='word_1_134' title='bbox 1536 1490 1699 1535; x_wconf 86' lang='lat' dir='ltr'>partem</span> <span class='ocrx_word' id='word_1_135' title='bbox 1732 1492 1847 1520; x_wconf 87' lang='lat' dir='ltr'>nunc</span> <span class='ocrx_word' id='word_1_136' title='bbox 1880 1492 1952 1534; x_wconf 88' lang='lat' dir='ltr'>per</span> 
     </span>
     <span class='ocr_line' id='line_1_17' title="bbox 309 1560 1952 1622; baseline -0.002 -16"><span class='ocrx_word' id='word_1_137' title='bbox 309 1575 496 1622; x_wconf 88' lang='lat' dir='ltr'>quatuor</span> <span class='ocrx_word' id='word_1_138' title='bbox 530 1560 678 1620; x_wconf 85' lang='lat' dir='ltr'>[vices]</span> <span class='ocrx_word' id='word_1_139' title='bbox 704 1575 744 1605; x_wconf 86' lang='lat' dir='ltr'>et</span> <span class='ocrx_word' id='word_1_140' title='bbox 775 1562 833 1605; x_wconf 88' lang='lat' dir='ltr'>sic</span> <span class='ocrx_word' id='word_1_141' title='bbox 870 1560 1085 1619; x_wconf 87' lang='lat' dir='ltr'>deinceps,</span> <span class='ocrx_word' id='word_1_142' title='bbox 1124 1573 1296 1619; x_wconf 88' lang='lat' dir='ltr'>propter</span> <span class='ocrx_word' id='word_1_143' title='bbox 1332 1561 1545 1605; x_wconf 88' lang='lat' dir='ltr'>honorem</span> <span class='ocrx_word' id='word_1_144' title='bbox 1588 1573 1630 1603; x_wconf 90' lang='lat' dir='ltr'>et</span> <span class='ocrx_word' id='word_1_145' title='bbox 1672 1561 1952 1604; x_wconf 87' lang='lat' dir='ltr'>reverentiam</span> 
     </span>
     <span class='ocr_line' id='line_1_18' title="bbox 309 1644 1952 1703; baseline -0.002 -13"><span class='ocrx_word' id='word_1_146' title='bbox 309 1647 407 1700; x_wconf 89' lang='lat' dir='ltr'>Dei,</span> <span class='ocrx_word' id='word_1_147' title='bbox 431 1645 560 1689; x_wconf 82' lang='lat' dir='ltr'>fidem</span> <span class='ocrx_word' id='word_1_148' title='bbox 590 1659 630 1689; x_wconf 89' lang='lat' dir='ltr'>et</span> <span class='ocrx_word' id='word_1_149' title='bbox 657 1645 797 1703; x_wconf 83' lang='lat' dir='ltr'>legem</span> <span class='ocrx_word' id='word_1_150' title='bbox 826 1644 985 1689; x_wconf 88' lang='lat' dir='ltr'>Christi</span> <span class='ocrx_word' id='word_1_151' title='bbox 1006 1644 1138 1701; x_wconf 90' lang='lat' dir='ltr'>Jhesu</span> <span class='ocrx_word' id='word_1_152' title='bbox 1162 1653 1196 1698; x_wconf 76' lang='lat'>4,</span> <span class='ocrx_word' id='word_1_153' title='bbox 1225 1645 1543 1688; x_wconf 86' lang='lat' dir='ltr'>serenationem</span> <span class='ocrx_word' id='word_1_154' title='bbox 1570 1645 1952 1697; x_wconf 85' lang='lat' dir='ltr'>conscientiarum,</span> 
     </span>
     <span class='ocr_line' id='line_1_19' title="bbox 309 1727 1952 1785; baseline -0.002 -12"><span class='ocrx_word' id='word_1_155' title='bbox 309 1729 575 1773; x_wconf 86' lang='lat' dir='ltr'>sedationem</span> <span class='ocrx_word' id='word_1_156' title='bbox 611 1728 796 1773; x_wconf 86' lang='lat' dir='ltr'>scandali</span> <span class='ocrx_word' id='word_1_157' title='bbox 836 1730 935 1779; x_wconf 87' lang='lat' dir='ltr'>orti,</span> <span class='ocrx_word' id='word_1_158' title='bbox 979 1727 1030 1772; x_wconf 84' lang='lat' dir='ltr'>ad</span> <span class='ocrx_word' id='word_1_159' title='bbox 1068 1728 1251 1773; x_wconf 89' lang='lat' dir='ltr'>salutem</span> <span class='ocrx_word' id='word_1_160' title='bbox 1287 1729 1443 1772; x_wconf 86' lang='lat' dir='ltr'>animae</span> <span class='ocrx_word' id='word_1_161' title='bbox 1479 1739 1628 1772; x_wconf 86' lang='lat' dir='ltr'>vestrae</span> <span class='ocrx_word' id='word_1_162' title='bbox 1670 1740 1711 1771; x_wconf 92' lang='lat' dir='ltr'>et</span> <span class='ocrx_word' id='word_1_163' title='bbox 1748 1729 1952 1785; x_wconf 86' lang='lat' dir='ltr'>corporis,</span> 
     </span>
     <span class='ocr_line' id='line_1_20' title="bbox 310 1810 1955 1872; baseline -0.002 -14"><span class='ocrx_word' id='word_1_164' title='bbox 310 1814 637 1872; x_wconf 83' lang='lat' dir='ltr'>diligentissime</span> <span class='ocrx_word' id='word_1_165' title='bbox 688 1811 911 1856; x_wconf 85' lang='lat' dir='ltr'>admonita</span> <span class='ocrx_word' id='word_1_166' title='bbox 958 1811 1151 1866; x_wconf 90' lang='lat' dir='ltr'>fueritis;</span> <span class='ocrx_word' id='word_1_167' title='bbox 1201 1812 1419 1870; x_wconf 90' lang='lat' dir='ltr'>simulque</span> <span class='ocrx_word' id='word_1_168' title='bbox 1456 1811 1662 1856; x_wconf 82' lang='lat' dir='ltr'>declarata</span> <span class='ocrx_word' id='word_1_169' title='bbox 1701 1811 1822 1856; x_wconf 85' lang='lat' dir='ltr'>vobis</span> <span class='ocrx_word' id='word_1_170' title='bbox 1867 1810 1955 1855; x_wconf 89' lang='lat' dir='ltr'>fue-</span> 
     </span>
     <span class='ocr_line' id='line_1_21' title="bbox 312 1896 1954 1954; baseline -0.002 -13"><span class='ocrx_word' id='word_1_171' title='bbox 312 1900 396 1941; x_wconf 88' lang='lat' dir='ltr'>rint</span> <span class='ocrx_word' id='word_1_172' title='bbox 443 1897 599 1941; x_wconf 87' lang='lat' dir='ltr'>damna</span> <span class='ocrx_word' id='word_1_173' title='bbox 644 1910 737 1940; x_wconf 87' lang='lat' dir='ltr'>tum</span> <span class='ocrx_word' id='word_1_174' title='bbox 786 1897 942 1940; x_wconf 80' lang='lat' dir='ltr'>animae</span> <span class='ocrx_word' id='word_1_175' title='bbox 997 1912 1127 1954; x_wconf 84' lang='lat' dir='ltr'>quam</span> <span class='ocrx_word' id='word_1_176' title='bbox 1179 1897 1383 1953; x_wconf 88' lang='lat' dir='ltr'>corporis,</span> <span class='ocrx_word' id='word_1_177' title='bbox 1431 1912 1527 1954; x_wconf 56' lang='lat' dir='ltr'>quae</span> <span class='ocrx_word' id='word_1_178' title='bbox 1575 1897 1673 1939; x_wconf 88' lang='lat' dir='ltr'>estis</span> <span class='ocrx_word' id='word_1_179' title='bbox 1717 1896 1954 1949; x_wconf 87' lang='lat' dir='ltr'>incursura,</span> 
     </span>
     <span class='ocr_line' id='line_1_22' title="bbox 313 1978 1957 2032; baseline -0.002 -7"><span class='ocrx_word' id='word_1_180' title='bbox 313 1982 393 2025; x_wconf 90' lang='lat' dir='ltr'>nisi</span> <span class='ocrx_word' id='word_1_181' title='bbox 433 1996 509 2024; x_wconf 90' lang='lat' dir='ltr'>vos</span> <span class='ocrx_word' id='word_1_182' title='bbox 567 1992 608 2024; x_wconf 84' lang='lat' dir='ltr'>et</span> <span class='ocrx_word' id='word_1_183' title='bbox 652 1979 760 2023; x_wconf 88' lang='lat' dir='ltr'>dicta</span> <span class='ocrx_word' id='word_1_184' title='bbox 811 1992 948 2023; x_wconf 88' lang='lat' dir='ltr'>vestra</span> <span class='ocrx_word' id='word_1_185' title='bbox 998 1980 1265 2024; x_wconf 81' lang='lat' dir='ltr'>correxeritis</span> <span class='ocrx_word' id='word_1_186' title='bbox 1316 1991 1356 2023; x_wconf 90' lang='lat' dir='ltr'>et</span> <span class='ocrx_word' id='word_1_187' title='bbox 1398 1978 1745 2032; x_wconf 83' lang='lat' dir='ltr'>emendaveritis,</span> <span class='ocrx_word' id='word_1_188' title='bbox 1797 1995 1872 2022; x_wconf 76' lang='lat' dir='ltr'>vos</span> <span class='ocrx_word' id='word_1_189' title='bbox 1916 1990 1957 2022; x_wconf 89' lang='lat' dir='ltr'>et</span> 
     </span>
     <span class='ocr_line' id='line_1_23' title="bbox 312 2061 1955 2121; baseline -0.001 -14"><span class='ocrx_word' id='word_1_190' title='bbox 312 2064 417 2108; x_wconf 88' lang='lat' dir='ltr'>facta</span> <span class='ocrx_word' id='word_1_191' title='bbox 453 2077 592 2108; x_wconf 77' lang='lat' dir='ltr'>vestra</span> <span class='ocrx_word' id='word_1_192' title='bbox 631 2063 824 2107; x_wconf 84' lang='lat' dir='ltr'>Ecclesiae</span> <span class='ocrx_word' id='word_1_193' title='bbox 854 2062 1140 2119; x_wconf 80' lang='lat' dir='ltr'>subjiciendo,</span> <span class='ocrx_word' id='word_1_194' title='bbox 1169 2062 1464 2121; x_wconf 80' lang='lat' dir='ltr'>judiciumque</span> <span class='ocrx_word' id='word_1_195' title='bbox 1501 2063 1633 2120; x_wconf 89' lang='lat' dir='ltr'>ipsius</span> <span class='ocrx_word' id='word_1_196' title='bbox 1668 2061 1955 2120; x_wconf 88' lang='lat' dir='ltr'>acceptando;</span> 
     </span>
     <span class='ocr_line' id='line_1_24' title="bbox 313 2140 1959 2205; baseline -0.002 -13"><span class='ocrx_word' id='word_1_197' title='bbox 313 2150 384 2192; x_wconf 89' lang='lat' dir='ltr'>cui</span> <span class='ocrx_word' id='word_1_198' title='bbox 433 2149 489 2191; x_wconf 90' lang='lat' dir='ltr'>rei</span> <span class='ocrx_word' id='word_1_199' title='bbox 536 2147 759 2205; x_wconf 87' lang='lat' dir='ltr'>hucusque</span> <span class='ocrx_word' id='word_1_200' title='bbox 805 2141 1007 2190; x_wconf 87' lang='lat' dir='ltr'>noluistis</span> <span class='ocrx_word' id='word_1_201' title='bbox 1053 2145 1287 2190; x_wconf 81' lang='lat' dir='ltr'>attendere.</span> <span class='ocrx_word' id='word_1_202' title='bbox 1321 2140 1397 2189; x_wconf 54' lang='grc' dir='ltr'>7ΙΞῑ</span> <span class='ocrx_word' id='word_1_203' title='bbox 1449 2162 1699 2204; x_wconf 83' lang='lat' dir='ltr'>quanquam</span> <span class='ocrx_word' id='word_1_204' title='bbox 1742 2161 1791 2188; x_wconf 87' lang='lat' dir='ltr'>ex</span> <span class='ocrx_word' id='word_1_205' title='bbox 1841 2145 1959 2189; x_wconf 90' lang='lat' dir='ltr'>factis</span> 
     </span>
     <span class='ocr_line' id='line_1_25' title="bbox 314 2228 1957 2290; baseline -0.003 -14"><span class='ocrx_word' id='word_1_206' title='bbox 314 2248 411 2290; x_wconf 79' lang='lat' dir='ltr'>erga</span> <span class='ocrx_word' id='word_1_207' title='bbox 460 2248 554 2283; x_wconf 89' lang='lat' dir='ltr'>vos,</span> <span class='ocrx_word' id='word_1_208' title='bbox 610 2232 695 2288; x_wconf 85' lang='lat' dir='ltr'>jam</span> <span class='ocrx_word' id='word_1_209' title='bbox 756 2231 933 2288; x_wconf 90' lang='lat' dir='ltr'>plurimi</span> <span class='ocrx_word' id='word_1_210' title='bbox 981 2231 1222 2289; x_wconf 86' lang='lat' dir='ltr'>potuissent</span> <span class='ocrx_word' id='word_1_211' title='bbox 1279 2230 1536 2283; x_wconf 87' lang='lat' dir='ltr'>contentari,</span> <span class='ocrx_word' id='word_1_212' title='bbox 1595 2242 1738 2272; x_wconf 90' lang='lat' dir='ltr'>tamen</span> <span class='ocrx_word' id='word_1_213' title='bbox 1789 2228 1957 2272; x_wconf 89' lang='lat' dir='ltr'>domini</span> 
     </span>
     <span class='ocr_line' id='line_1_26' title="bbox 316 2313 1961 2373; baseline -0.002 -13"><span class='ocrx_word' id='word_1_214' title='bbox 316 2315 476 2373; x_wconf 86' lang='lat' dir='ltr'>judices</span> <span class='ocrx_word' id='word_1_215' title='bbox 498 2313 704 2372; x_wconf 83' lang='lat' dir='ltr'>praedicti,</span> <span class='ocrx_word' id='word_1_216' title='bbox 730 2314 915 2357; x_wconf 86' lang='lat' dir='ltr'>zelantes</span> <span class='ocrx_word' id='word_1_217' title='bbox 942 2313 1123 2357; x_wconf 88' lang='lat' dir='ltr'>salutem</span> <span class='ocrx_word' id='word_1_218' title='bbox 1146 2326 1329 2356; x_wconf 83' lang='lat' dir='ltr'>vestram</span> <span class='ocrx_word' id='word_1_219' title='bbox 1352 2325 1440 2356; x_wconf 84' lang='lat' dir='ltr'>tam</span> <span class='ocrx_word' id='word_1_220' title='bbox 1466 2313 1622 2356; x_wconf 84' lang='lat' dir='ltr'>anirnae</span> <span class='ocrx_word' id='word_1_221' title='bbox 1646 2328 1775 2370; x_wconf 84' lang='lat' dir='ltr'>quam</span> <span class='ocrx_word' id='word_1_222' title='bbox 1806 2327 1961 2369; x_wconf 91' lang='lat' dir='ltr'>corpo-</span> 
     </span>
     <span class='ocr_line' id='line_1_27' title="bbox 316 2395 1958 2454; baseline -0.002 -12"><span class='ocrx_word' id='word_1_223' title='bbox 316 2401 386 2450; x_wconf 89' lang='lat' dir='ltr'>ris,</span> <span class='ocrx_word' id='word_1_224' title='bbox 414 2399 525 2443; x_wconf 82' lang='lat' dir='ltr'>dicta</span> <span class='ocrx_word' id='word_1_225' title='bbox 542 2411 679 2441; x_wconf 87' lang='lat' dir='ltr'>vestra</span> <span class='ocrx_word' id='word_1_226' title='bbox 699 2396 749 2441; x_wconf 84' lang='lat' dir='ltr'>ad</span> <span class='ocrx_word' id='word_1_227' title='bbox 777 2398 1108 2441; x_wconf 86' lang='lat' dir='ltr'>Universitatem</span> <span class='ocrx_word' id='word_1_228' title='bbox 1132 2397 1428 2450; x_wconf 85' lang='lat' dir='ltr'>Parisiensem,</span> <span class='ocrx_word' id='word_1_229' title='bbox 1454 2412 1551 2454; x_wconf 87' lang='lat' dir='ltr'>quae</span> <span class='ocrx_word' id='word_1_230' title='bbox 1569 2408 1630 2439; x_wconf 81' lang='lat' dir='ltr'>est</span> <span class='ocrx_word' id='word_1_231' title='bbox 1663 2395 1735 2439; x_wconf 88' lang='lat' dir='ltr'>lux</span> <span class='ocrx_word' id='word_1_232' title='bbox 1756 2396 1958 2439; x_wconf 90' lang='lat' dir='ltr'>omnium</span> 
     </span>
     <span class='ocr_line' id='line_1_28' title="bbox 315 2477 1956 2539; baseline -0.003 -13"><span class='ocrx_word' id='word_1_233' title='bbox 315 2484 590 2527; x_wconf 85' lang='lat' dir='ltr'>scientiarum</span> <span class='ocrx_word' id='word_1_234' title='bbox 634 2494 674 2524; x_wconf 89' lang='lat' dir='ltr'>et</span> <span class='ocrx_word' id='word_1_235' title='bbox 713 2482 977 2539; x_wconf 84' lang='lat' dir='ltr'>exstirpatrix</span> <span class='ocrx_word' id='word_1_236' title='bbox 1005 2496 1219 2533; x_wconf 86' lang='lat' dir='ltr'>errorum,</span> <span class='ocrx_word' id='word_1_237' title='bbox 1257 2481 1602 2533; x_wconf 87' lang='lat' dir='ltr'>transmiserunt,</span> <span class='ocrx_word' id='word_1_238' title='bbox 1642 2492 1690 2523; x_wconf 90' lang='lat' dir='ltr'>ut</span> <span class='ocrx_word' id='word_1_239' title='bbox 1727 2495 1798 2536; x_wconf 91' lang='lat' dir='ltr'>per</span> <span class='ocrx_word' id='word_1_240' title='bbox 1839 2477 1956 2522; x_wconf 88' lang='lat' dir='ltr'>illam</span> 
     </span>
     <span class='ocr_line' id='line_1_29' title="bbox 317 2561 1961 2622; baseline -0.003 -12"><span class='ocrx_word' id='word_1_241' title='bbox 317 2567 687 2620; x_wconf 78' lang='lat' dir='ltr'>examinarentur;</span> <span class='ocrx_word' id='word_1_242' title='bbox 708 2566 973 2622; x_wconf 87' lang='lat' dir='ltr'>receptisque</span> <span class='ocrx_word' id='word_1_243' title='bbox 995 2562 1375 2608; x_wconf 89' lang='lat' dir='ltr'>deliberationibus</span> <span class='ocrx_word' id='word_1_244' title='bbox 1395 2564 1498 2616; x_wconf 85' lang='lat' dir='ltr'>suis,</span> <span class='ocrx_word' id='word_1_245' title='bbox 1516 2564 1595 2621; x_wconf 84' lang='lat' dir='ltr'>ipsi</span> <span class='ocrx_word' id='word_1_246' title='bbox 1613 2561 1780 2607; x_wconf 84' lang='lat' dir='ltr'>domini</span> <span class='ocrx_word' id='word_1_247' title='bbox 1800 2561 1961 2619; x_wconf 77' lang='lat' dir='ltr'>judices</span> 
     </span>
     <span class='ocr_line' id='line_1_30' title="bbox 317 2639 1962 2705; baseline -0.002 -13"><span class='ocrx_word' id='word_1_248' title='bbox 317 2649 642 2701; x_wconf 80' lang='lat' dir='ltr'>ordinaverunt,</span> <span class='ocrx_word' id='word_1_249' title='bbox 670 2648 720 2692; x_wconf 87' lang='lat' dir='ltr'>ad</span> <span class='ocrx_word' id='word_1_250' title='bbox 742 2647 875 2691; x_wconf 86' lang='lat' dir='ltr'>finem</span> <span class='ocrx_word' id='word_1_251' title='bbox 901 2646 1170 2705; x_wconf 84' lang='lat' dir='ltr'>praedictum,</span> <span class='ocrx_word' id='word_1_252' title='bbox 1200 2663 1276 2691; x_wconf 81' lang='lat' dir='ltr'>vos</span> <span class='ocrx_word' id='word_1_253' title='bbox 1305 2648 1457 2690; x_wconf 91' lang='lat' dir='ltr'>iterato</span> <span class='ocrx_word' id='word_1_254' title='bbox 1488 2647 1672 2699; x_wconf 87' lang='lat' dir='ltr'>moneri,</span> <span class='ocrx_word' id='word_1_255' title='bbox 1700 2662 1775 2689; x_wconf 71' lang='lat' dir='ltr'>vos</span> <span class='ocrx_word' id='word_1_256' title='bbox 1809 2639 1962 2689; x_wconf 85' lang='lat' dir='ltr'>adver—</span> 
     </span>
     <span class='ocr_line' id='line_1_31' title="bbox 318 2726 1960 2785; baseline -0.002 -12"><span class='ocrx_word' id='word_1_257' title='bbox 318 2729 449 2774; x_wconf 88' lang='lat' dir='ltr'>tendo</span> <span class='ocrx_word' id='word_1_258' title='bbox 469 2728 520 2773; x_wconf 87' lang='lat' dir='ltr'>de</span> <span class='ocrx_word' id='word_1_259' title='bbox 542 2728 770 2782; x_wconf 85' lang='lat' dir='ltr'>erroribus,</span> <span class='ocrx_word' id='word_1_260' title='bbox 800 2727 1008 2772; x_wconf 84' lang='lat' dir='ltr'>scandalis</span> <span class='ocrx_word' id='word_1_261' title='bbox 1035 2740 1076 2771; x_wconf 90' lang='lat' dir='ltr'>et</span> <span class='ocrx_word' id='word_1_262' title='bbox 1103 2728 1194 2771; x_wconf 88' lang='lat' dir='ltr'>aliis</span> <span class='ocrx_word' id='word_1_263' title='bbox 1222 2726 1456 2772; x_wconf 85' lang='lat' dir='ltr'>defectibus</span> <span class='ocrx_word' id='word_1_264' title='bbox 1489 2742 1562 2785; x_wconf 88' lang='lat' dir='ltr'>per</span> <span class='ocrx_word' id='word_1_265' title='bbox 1588 2742 1665 2770; x_wconf 86' lang='lat' dir='ltr'>vos</span> <span class='ocrx_word' id='word_1_266' title='bbox 1688 2727 1960 2779; x_wconf 89' lang='lat' dir='ltr'>commissis;</span> 
     </span>
    </p>
   </div>
   <div class='ocr_carea' id='block_1_7' title="bbox 319 2922 1961 3028">
    <p class='ocr_par' dir='ltr' id='par_1_9' title="bbox 319 2922 1961 3028">
     <span class='ocr_line' id='line_1_32' title="bbox 370 2922 1959 2970; baseline -0.003 -11"><span class='ocrx_word' id='word_1_267' title='bbox 370 2935 398 2959; x_wconf 92' lang='lat'>1.</span> <span class='ocrx_word' id='word_1_268' title='bbox 415 2924 446 2958; x_wconf 83' lang='lat' dir='ltr'><em>A</em></span> <span class='ocrx_word' id='word_1_269' title='bbox 461 2936 472 2958; x_wconf 91' lang='lat'>.·</span> <span class='ocrx_word' id='word_1_270' title='bbox 491 2924 688 2958; x_wconf 81' lang='lat' dir='ltr'>scismatica.</span> <span class='ocrx_word' id='word_1_271' title='bbox 710 2944 753 2949; x_wconf 89' lang='grc'><strong>-</strong></span> <span class='ocrx_word' id='word_1_272' title='bbox 773 2934 805 2958; x_wconf 90' lang='lat'>2.</span> <span class='ocrx_word' id='word_1_273' title='bbox 820 2923 849 2959; x_wconf 89' lang='lat' dir='ltr'>C</span> <span class='ocrx_word' id='word_1_274' title='bbox 869 2936 878 2959; x_wconf 93' lang='lat'><em>:</em></span> <span class='ocrx_word' id='word_1_275' title='bbox 897 2923 1016 2970; x_wconf 75' lang='lat' dir='ltr'>hasque</span> <span class='ocrx_word' id='word_1_276' title='bbox 1032 2923 1117 2958; x_wconf 82' lang='lat' dir='ltr'>hunc</span> <span class='ocrx_word' id='word_1_277' title='bbox 1136 2924 1228 2968; x_wconf 81' lang='lat' dir='ltr'>(sic).</span> <span class='ocrx_word' id='word_1_278' title='bbox 1248 2943 1295 2949; x_wconf 89' lang='lat'>—-</span> <span class='ocrx_word' id='word_1_279' title='bbox 1318 2933 1348 2968; x_wconf 82' lang='lat'>3.</span> <span class='ocrx_word' id='word_1_280' title='bbox 1365 2923 1396 2957; x_wconf 87' lang='lat' dir='ltr'><em>A</em></span> <span class='ocrx_word' id='word_1_281' title='bbox 1417 2933 1462 2957; x_wconf 90' lang='lat' dir='ltr'>en</span> <span class='ocrx_word' id='word_1_282' title='bbox 1489 2933 1608 2968; x_wconf 87' lang='lat' dir='ltr'>marge</span> <span class='ocrx_word' id='word_1_283' title='bbox 1629 2933 1636 2956; x_wconf 90' lang='lat'><strong>:</strong></span> <span class='ocrx_word' id='word_1_284' title='bbox 1659 2922 1807 2956; x_wconf 82' lang='lat' dir='ltr'>Monz&#39;tio</span> <span class='ocrx_word' id='word_1_285' title='bbox 1828 2922 1959 2956; x_wconf 82' lang='lat' dir='ltr'>carita-</span> 
     </span>
     <span class='ocr_line' id='line_1_33' title="bbox 319 2981 1961 3028; baseline -0.002 -11"><span class='ocrx_word' id='word_1_286' title='bbox 319 2985 387 3017; x_wconf 75' lang='lat' dir='ltr'>tiva.</span> <span class='ocrx_word' id='word_1_287' title='bbox 410 2984 504 3028; x_wconf 79' lang='lat' dir='ltr'>sacta</span> <span class='ocrx_word' id='word_1_288' title='bbox 533 2983 689 3027; x_wconf 74' lang='lat' dir='ltr'>johannae</span> <span class='ocrx_word' id='word_1_289' title='bbox 718 2991 775 3027; x_wconf 72' lang='lat' dir='ltr'>per</span> <span class='ocrx_word' id='word_1_290' title='bbox 803 2982 927 3017; x_wconf 79' lang='lat' dir='ltr'>dictum</span> <span class='ocrx_word' id='word_1_291' title='bbox 958 2982 1142 3022; x_wconf 79' lang='lat' dir='ltr'>doctorem;</span> <span class='ocrx_word' id='word_1_292' title='bbox 1174 2983 1201 3016; x_wconf 87' lang='lat' dir='ltr'><em>B</em></span> <span class='ocrx_word' id='word_1_293' title='bbox 1230 2994 1274 3016; x_wconf 84' lang='lat' dir='ltr'>en</span> <span class='ocrx_word' id='word_1_294' title='bbox 1296 2994 1416 3027; x_wconf 88' lang='lat' dir='ltr'>marge</span> <span class='ocrx_word' id='word_1_295' title='bbox 1454 2994 1460 3016; x_wconf 91' lang='lat'>:</span> <span class='ocrx_word' id='word_1_296' title='bbox 1493 2982 1641 3016; x_wconf 79' lang='lat' dir='ltr'>Monitio</span> <span class='ocrx_word' id='word_1_297' title='bbox 1668 2982 1851 3015; x_wconf 67' lang='lat' dir='ltr'>caritativa</span> <span class='ocrx_word' id='word_1_298' title='bbox 1866 2981 1961 3026; x_wconf 83' lang='lat' dir='ltr'>facta</span> 
     </span>
    </p>
   </div>
   <div class='ocr_carea' id='block_1_8' title="bbox 312 3039 1955 3144">
    <p class='ocr_par' dir='ltr' id='par_1_10' title="bbox 312 3039 1955 3144">
     <span class='ocr_line' id='line_1_34' title="bbox 312 3039 1955 3087; baseline -0.001 -12"><span class='ocrx_word' id='word_1_299' title='bbox 312 3042 473 3085; x_wconf 76' lang='lat' dir='ltr'>Jolmnnae</span> <span class='ocrx_word' id='word_1_300' title='bbox 490 3047 560 3087; x_wconf 69' lang='lat' dir='ltr'>post</span> <span class='ocrx_word' id='word_1_301' title='bbox 574 3042 637 3075; x_wconf 72' lang='lat' dir='ltr'>haec</span> <span class='ocrx_word' id='word_1_302' title='bbox 648 3049 706 3087; x_wconf 81' lang='lat' dir='ltr'>per</span> <span class='ocrx_word' id='word_1_303' title='bbox 718 3041 841 3075; x_wconf 74' lang='lat' dir='ltr'>dictum</span> <span class='ocrx_word' id='word_1_304' title='bbox 854 3042 1012 3076; x_wconf 75' lang='lat' dir='ltr'>doctorem</span> <span class='ocrx_word' id='word_1_305' title='bbox 1028 3055 1038 3082; x_wconf 89' lang='lat'>,·</span> <span class='ocrx_word' id='word_1_306' title='bbox 1060 3041 1089 3076; x_wconf 90' lang='lat' dir='ltr'>C</span> <span class='ocrx_word' id='word_1_307' title='bbox 1099 3053 1143 3076; x_wconf 86' lang='lat' dir='ltr'>en</span> <span class='ocrx_word' id='word_1_308' title='bbox 1165 3053 1286 3087; x_wconf 85' lang='lat' dir='ltr'>marge</span> <span class='ocrx_word' id='word_1_309' title='bbox 1304 3054 1310 3076; x_wconf 94' lang='lat'>:</span> <span class='ocrx_word' id='word_1_310' title='bbox 1329 3042 1477 3076; x_wconf 35' lang='lat' dir='ltr'>*Monitio</span> <span class='ocrx_word' id='word_1_311' title='bbox 1492 3042 1672 3075; x_wconf 71' lang='lat' dir='ltr'>caritativa</span> <span class='ocrx_word' id='word_1_312' title='bbox 1683 3041 1776 3085; x_wconf 71' lang='lat' dir='ltr'>fasta</span> <span class='ocrx_word' id='word_1_313' title='bbox 1787 3039 1955 3083; x_wconf 78' lang='lat' dir='ltr'>Johannae.</span> 
     </span>
     <span class='ocr_line' id='line_1_35' title="bbox 323 3100 789 3144; baseline -0.002 -9"><span class='ocrx_word' id='word_1_314' title='bbox 323 3122 366 3125; x_wconf 97' lang='lat'><strong>—</strong></span> <span class='ocrx_word' id='word_1_315' title='bbox 392 3112 425 3143; x_wconf 82' lang='lat'>4.</span> <span class='ocrx_word' id='word_1_316' title='bbox 448 3101 476 3135; x_wconf 89' lang='lat' dir='ltr'><em>C</em></span> <span class='ocrx_word' id='word_1_317' title='bbox 501 3113 510 3134; x_wconf 92' lang='lat'>.·</span> <span class='ocrx_word' id='word_1_318' title='bbox 527 3101 623 3144; x_wconf 75' lang='lat' dir='ltr'>Jhesu</span> <span class='ocrx_word' id='word_1_319' title='bbox 646 3100 789 3134; x_wconf 71' lang='lat' dir='ltr'>Christi.</span> 
     </span>
    </p>
   </div>
   <div class='ocr_carea' id='block_1_9' title="bbox 1997 0 2099 1694">
    <p class='ocr_par' dir='ltr' id='par_1_11' title="bbox 1997 0 2099 1694">
     <span class='ocr_line' id='line_1_36' title="bbox 1997 0 2099 1694; baseline 0 0"><span class='ocrx_word' id='word_1_320' title='bbox 1997 0 2099 1694; x_wconf 95' lang='lat' dir='ltr'> </span> 
     </span>
    </p>
   </div>
   <div class='ocr_carea' id='block_1_10' title="bbox 2076 1659 2099 2081">
    <p class='ocr_par' dir='ltr' id='par_1_12' title="bbox 2076 1659 2099 2081">
     <span class='ocr_line' id='line_1_37' title="bbox 2076 1659 2099 2081; textangle 90"><span class='ocrx_word' id='word_1_321' title='bbox 2081 2043 2099 2081; x_wconf 51' lang='grc' dir='ltr'>ἰὼ</span> <span class='ocrx_word' id='word_1_322' title='bbox 2076 1692 2099 2039; x_wconf 45' lang='grc' dir='ltr'>ἁᾯΜιΜκψ-ίσὴ</span> <span class='ocrx_word' id='word_1_323' title='bbox 2076 1659 2081 1663; x_wconf 97' lang='grc'><strong>’</strong></span> 
     </span>
    </p>
   </div>
  </div>
 </body>
</html>
