2099 3356
331 210 490 252 Pizocsss
525 223 579 251 DE
611 222 962 252 CONDAMNA’rioN
1000 223 1054 251 DE
1086 224 1252 264 JEANNE
1288 209 1412 252 οἵως
1611 223 1687 264 305

48 322 125 376 lis3
148 321 322 375 idcirco,
361 323 498 379 ipsam
533 323 752 366 caritative
791 322 1006 366 exhortari
1028 335 1070 366 et
1093 321 1274 366 dulciter
1310 321 1545 366 admonere
1573 320 1694 364 duxi-

51 422 164 459 mus,
198 417 238 449 et
278 404 503 449 admoneri
552 405 686 449 facere
735 421 807 462 per
840 405 1118 463 quamplures
1156 404 1313 463 probos
1350 419 1390 449 et
1440 402 1698 449 scientificos

49 491 180 542 viros,
226 502 314 533 tam
360 488 557 533 doctores
585 505 717 546 quam
746 489 866 542 alios,
893 501 940 533 ut
975 488 1026 532 ad
1054 490 1169 533 viam
1194 490 1385 533 veritatis
1420 501 1461 532 et
1487 489 1699 532 sinceram

52 572 151 617 fidei
171 585 326 617 nostrae
351 572 664 631 professionem
691 571 978 616 reduceretur.
1012 573 1153 629 Hujus
1174 588 1352 631 quoque
1374 574 1523 629 gratia,
1555 570 1716 615 locum*

53 663 228 707 carceris
273 661 396 706 dictae
440 661 666 717 Johannae,
715 660 783 705 die
825 661 1082 720 supradicta,
1129 645 1375 716 adivimus,
1406 659 1700 705 assistentibus

55 745 300 799 nobiscum,
337 745 577 790 Guillelmo
601 745 849 798 Boucherii,
886 744 1045 801 Jacobo
1078 745 1129 790 de
1164 745 1377 796 Turonia,
1404 746 1614 788 Mauricio
1651 743 1702 787 de

57 829 283 882 Quesneio
308 838 337 882 ¹,
367 829 550 873 Nicolao
575 829 703 882 Muli,
739 828 979 873 Guillelmo
1006 829 1145 873 Adelie
1186 842 1227 872 et
1262 828 1451 872 Gerardo
1489 827 1699 879 Fueilleti,

55 912 305 958 doctoribus
326 929 336 966 3
360 925 401 956 et
426 912 668 956 Guillelmo
686 913 841 955 Haitou
867 921 898 965 ²,
926 912 1165 956 bachal-ario
1194 914 1236 955 in
1264 927 1377 955 sacra
1395 912 1628 970 theologia.

114 997 161 1040 In
191 1012 380 1055 quorum
399 997 639 1053 praesentia,
665 1012 760 1047 nos,
786 997 1011 1054 episcopus
1034 995 1273 1054 praedictus,
1291 997 1425 1053 ipsam
1440 995 1702 1052 Johannam,

57 1097 152 1140 quae
198 1094 302 1124 tunc
356 1096 399 1124 se
438 1079 658 1122 infirmam
705 1094 794 1123 esse
834 1079 1016 1132 dicebat,
1081 1078 1256 1123 allocuti
1302 1095 1468 1132 sumus,
1519 1078 1707 1122 dicentes

57 1163 198 1209 eidem
232 1162 351 1222 quod
391 1164 694 1221 praenominati
737 1162 936 1207 doctores
963 1177 1005 1206 et
1050 1164 1241 1221 magistri
1270 1162 1321 1206 ad
1356 1164 1488 1221 ipsam
1530 1177 1708 1205 accesse-

59 1261 153 1292 rant
179 1247 444 1291 familiariter
465 1259 504 1290 et
522 1248 757 1300 caritative,
788 1248 831 1289 in
855 1247 1105 1290 infirmitate
1126 1262 1200 1291 sua
1213 1248 1433 1290 visitantes
1445 1245 1643 1289 eamdem
1658 1244 1709 1288 ad

58 1321 192 1390 ipsius
215 1331 559 1375 consolationem
589 1342 630 1374 et
657 1329 1038 1374 confortationem.
1066 1331 1281 1388 Deinceps
1324 1329 1465 1374 eidem
1521 1330 1708 1373 narravi-

60 1431 157 1460 mus
185 1415 384 1474 qualiter,
413 1413 561 1458 multis
589 1428 629 1458 et
664 1413 842 1458 diversis
875 1413 1043 1468 diebus,
1076 1416 1119 1457 in
1147 1415 1371 1471 praesentia
1418 1414 1707 1471 plurimorum

62 1500 305 1557 sapientum
330 1500 524 1542 virorum
553 1497 689 1541 fuerat
716 1499 975 1556 interrogata
1001 1513 1129 1556 super
1150 1498 1317 1555 magnis
1344 1510 1385 1541 et
1421 1496 1563 1540 arduis
1585 1494 1710 1539 rebus

62 1583 285 1626 materiam
313 1581 413 1626 fidei
435 1581 798 1625 concernentibus
820 1599 831 1635 3
860 1580 912 1625 ad
937 1597 1034 1640 quae
1055 1581 1185 1624 etiam
1207 1582 1322 1624 varia
1362 1592 1402 1624 et
1427 1579 1593 1624 diversa
1627 1594 1710 1622 res-

61 1664 284 1724 ponderat,
322 1681 420 1724 quae
451 1663 720 1709 attendentes
748 1665 923 1709 litterati
959 1678 1001 1708 et
1031 1663 1253 1708 scientifici
1294 1665 1373 1707 viri
1401 1676 1442 1707 et
1486 1662 1712 1720 diligenter

61 1748 395 1803 considerantes,
423 1762 675 1794 notaverant
699 1757 709 1781 ³
740 1749 925 1807 plurima
945 1747 1056 1791 dicta
1077 1761 1118 1792 et
1138 1746 1332 1792 confessa
1353 1758 1369 1780 4
1397 1762 1471 1806 per
1497 1763 1591 1790 eam
1626 1762 1713 1790 esse

64 1833 301 1892 periculosa
323 1834 367 1876 in
389 1832 472 1877 fide
499 1851 510 1888 3
551 1845 594 1876 et
618 1833 721 1891 quia
755 1833 842 1891 ipsa
874 1840 883 1865 5
914 1845 1002 1876 erat
1025 1831 1180 1876 mulier
1199 1831 1414 1875 illitterata
1444 1844 1484 1874 et
1512 1831 1715 1888 ignorans

61 1919 304 1976 scripturas,
328 1916 615 1961 offerebamus
636 1916 778 1960 eidem
812 1915 1012 1959 exhibere
1036 1915 1186 1959 doctos
1229 1928 1270 1958 et
1293 1913 1570 1967 scientificos,
1611 1929 1715 1971 pro-

64 2001 140 2045 bos
173 2014 214 2044 et
251 1999 476 2044 benivolos
503 2001 632 2053 viros,
656 2001 730 2058 qui
766 2001 903 2057 ipsam
924 1998 1067 2043 debite
1096 1998 1398 2043 informarent.
1440 1997 1711 2041 Adhortaba-

63 2097 250 2140 musque
299 2080 498 2125 doctores
522 2093 564 2124 et
603 2082 830 2139 magistros
879 2079 1040 2124 ibidem
1077 2092 1306 2137 praesentes
1351 2091 1579 2138 quatenus,
1627 2077 1704 2121 sub

64 2166 189 2210 omni
239 2164 384 2209 debito
456 2164 673 2209 fidelitatis
727 2180 815 2223 quo
870 2163 921 2207 ad
967 2180 1111 2208 veram
1152 2163 1394 2207 doctrinam
1442 2161 1542 2206 fidei
1597 2174 1717 2205 erant

121 2314 249 2353 Primo
278 2313 449 2353 dominus
474 2313 654 2367 episcopus
682 2313 841 2366 exposuit
879 2312 1040 2366 qualiter
1062 2312 1140 2365 ipsa
1172 2311 1354 2359 lohaniuz,
1382 2318 1449 2365 pei·
1472 2310 1602 2364 plures
1628 2309 1715 2357 dies,

10 2422 12 2424 .
60 2386 190 2439 fuerat
211 2385 249 2425 iu
273 2398 409 2438 magna
426 2390 458 2424 et
478 2385 599 2424 ardua
621 2384 778 2423 materici
797 2385 1038 2437 interrogata,
1068 2388 1100 2422 et
1121 2383 1158 2422 in
1172 2383 1368 2438 praeseutia
1398 2382 1618 2421 notabilium
1648 2380 1721 2420 cle-

71 2457 247 2505 ricorum,
267 2462 332 2496 etc.
355 2458 462 2506 Item,
490 2456 584 2495 idem
604 2456 776 2495 domiuus
797 2455 926 2509 [dixit]
948 2455 1045 2509 quod
1061 2455 1203 2494 domiui
1222 2454 1344 2493 clerici
1360 2453 1476 2508 plura
1496 2460 1562 2507 pei·
1585 2453 1721 2492 dictam

67 2529 277 2578 Johannczm
299 2528 393 2567 dicta
415 2533 447 2567 et
476 2528 572 2578 facta
597 2528 786 2576 viderunt,
819 2527 951 2581 quibus
977 2526 1124 2566 videtur
1146 2526 1242 2581 quod
1263 2526 1299 2565 iu
1322 2525 1498 2580 pluribus
1507 2525 1587 2577 fuit
1598 2523 1724 2578 deffec-

75 2606 146 2648 tus,
163 2606 227 2640 ele.
262 2602 371 2648 Item,
394 2600 482 2654 quia
508 2599 655 2639 nesciret
674 2613 875 2654 cognoscere
895 2604 926 2637 et
950 2598 1148 2637 discernere
1168 2597 1208 2636 de
1225 2597 1413 2651 aliquibus
1434 2597 1545 2635 iusuo
1561 2603 1722 2650 processu

73 2673 259 2720 contentis,
285 2686 331 2711 an
356 2677 466 2711 essent
490 2677 616 2710 contra
646 2671 763 2726 fidem
799 2676 979 2718 nostram,
998 2684 1140 2709 sacram
1165 2669 1369 2708 doctrinam
1399 2673 1430 2707 et
1462 2668 1648 2707 doctorum
1679 2667 1724 2706 ab

74 2744 231 2784 Ecclesia
257 2744 557 2798 approbatorum,
583 2742 781 2796 offerebant
801 2742 915 2781 eidem
936 2741 1025 2780 dare
1051 2741 1183 2780 bouum
1206 2741 1398 2780 consilium
1418 2745 1449 2779 et
1469 2739 1631 2785 salubre,
1659 2746 1725 2793 pro

72 2815 272 2855 acl-visando
285 2815 415 2870 ipsum.
440 2817 489 2855 Et
512 2815 608 2869 quod
625 2815 794 2854 czdvisare
815 2814 922 2853 vellet
954 2814 995 2852 de
1015 2812 1218 2866 incipiendo
1238 2817 1269 2851 et
1290 2812 1451 2866 eligendo
1475 2812 1636 2865 aliquem
1665 2825 1724 2850 seu

72 2886 214 2941 aliquos
238 2887 280 2926 de
308 2888 391 2942 ipsis
416 2886 681 2934 assistentibus,
712 2886 760 2924 ad
787 2899 820 2925 se
856 2884 1120 2924 cousuleudzmz
1152 2883 1314 2938 qualiter
1333 2898 1366 2922 se
1400 2883 1527 2922 habere
1547 2882 1693 2922 debehat
1711 2896 1724 2928 ,-

134 3067 162 3091 1.
183 3056 249 3092 AC
267 3069 276 3089 .·
294 3056 475 3102 Quesneyo.
490 3076 536 3081 -—
552 3065 588 3092 2.
614 3054 644 3090 C
665 3067 674 3089 .·
698 3055 854 3089 Huitton.
867 3074 914 3079 —
932 3063 961 3098 3.
979 3053 1041 3087 AB
1063 3065 1071 3086 .·
1089 3058 1297 3087 nom-verunt.
1315 3073 1360 3076 —
1380 3062 1413 3094 4.
1428 3052 1494 3086 AC
1513 3052 1724 3096 :consessalm

83 3137 125 3140 —
148 3126 180 3160 5.
204 3115 240 3160 Q
259 3125 357 3150 omet
378 3117 463 3162 ipsa.

210 3182 334 3211 PRoci'zs
359 3191 398 3210 na
421 3181 548 3220 ῙΕΑΝΝΕ
572 3180 688 3210 D’Auc.
1586 3187 1623 3206 20
