2099 3356
413 204 572 247 PRoci'zs
606 218 660 246 DE
693 217 1047 247 CONDAMNATION
1083 219 1137 247 DE
1169 220 1334 260 JEANNE
1368 206 1497 249 D'ARC
1726 222 1772 263 53

187 319 450 375 Interrogata
477 315 582 375 quid
603 331 688 360 vox
714 316 911 360 ultimate
942 315 1047 360 dixit
1072 316 1151 360 sibi
1178 330 1186 360 :
1223 317 1444 376 respondit
1467 318 1585 376 quod
1607 319 1776 378 petebat

130 400 359 446 consilium
388 399 439 444 de
463 399 679 457 aliquibus
704 398 756 444 de
777 399 934 458 quibus
963 402 1223 459 interrogata
1247 401 1399 445 fuerat.

186 485 450 542 Interrogata
473 495 621 527 utrum
654 499 738 527 vox
764 483 844 526 sibi
875 482 1047 528 dederat
1082 484 1313 529 consilium
1343 483 1394 529 de
1424 484 1638 545 aliquibus
1663 500 1671 530 ε
1698 503 1779 531 res-

128 567 280 627 pondit
304 566 422 626 quod
447 566 497 610 de
522 565 738 625 aliquibus
767 568 935 626 punctis
958 567 1109 611 habuit
1134 568 1385 622 consilium,
1422 583 1462 613 et
1492 568 1544 613 de
1564 569 1779 629 aliquibus

129 652 286 711 poterit
305 650 383 694 sibi
409 652 494 708 peti
517 652 754 708 responsio,
784 649 836 694 de
862 650 1021 709 quibus
1052 667 1140 695 non
1169 651 1444 710 respondebit
1471 654 1562 696 sine
1587 653 1774 698 licentia.

129 735 194 787 Et,
225 736 258 778 si
277 734 436 793 absque
455 733 626 778 licentia
643 733 934 792 responderet,
951 734 1093 778 forsan
1115 750 1204 778 non
1221 734 1394 780 haberet
1412 752 1537 780 voces
1559 737 1603 780 in
1620 753 1776 795 garan-

130 820 396 872 tizationem,
446 817 594 875 gallice
641 834 686 861 en
733 817 909 875 gdrant;
951 817 1023 861 sed
1069 817 1244 877 quando
1283 818 1454 863 habebit
1500 819 1717 864 licentiam
1753 838 1774 865 a

128 903 339 956 Domino,
370 918 460 946 non
488 901 739 946 formidabit
760 900 915 956 dicere,
939 903 1038 961 quia
1052 901 1159 947 bene
1176 901 1348 947 habebit
1370 905 1770 961 garantizationem.

187 987 450 1045 Interrogata
474 1003 527 1030 an
552 998 639 1031 erat
666 1002 750 1030 vox
770 986 911 1044 angeli
931 1003 1029 1044 quae
1051 987 1310 1045 loquebatur
1330 988 1383 1041 ei,
1413 988 1481 1032 vel
1505 1004 1558 1032 an
1580 1001 1668 1032 erat
1693 1005 1774 1032 vox

126 1071 285 1124 Sancti,
323 1083 396 1115 aut
429 1071 610 1121 Sanctae,
639 1084 712 1114 aut
746 1070 827 1114 Dei
863 1071 954 1114 sine
983 1070 1129 1114 medio
1155 1088 1162 1114 :
1209 1070 1431 1130 respondit
1457 1071 1575 1130 quod
1599 1072 1669 1117 illa
1691 1089 1775 1116 vox

125 1168 212 1199 erat
238 1167 395 1199 sanctae
415 1154 664 1198 Katharinae
701 1166 742 1198 et
771 1166 926 1198 sanctae
954 1155 1217 1212 Margaretae.
1250 1156 1300 1199 Et
1327 1154 1476 1213 figurae
1501 1171 1648 1199 earum
1676 1169 1774 1200 sunt

124 1251 340 1283 coronatae
368 1238 557 1297 pulchris
594 1239 781 1292 coronis,
808 1238 997 1282 multum
1019 1239 1247 1297 opulenter
1273 1252 1313 1283 et
1351 1239 1543 1283 multum
1571 1242 1770 1298 pretiose.

129 1341 148 1363 «
178 1324 229 1366 Et
251 1322 302 1367 de
323 1322 404 1366 hoc
432 1339 472 1376 >),
497 1323 654 1381 inquit,
683 1339 702 1363 «
735 1321 871 1366 habeo
899 1322 1118 1366 licentiam
1145 1340 1166 1366 a
1194 1324 1407 1367 Domino.
1433 1324 1475 1367 Si
1494 1339 1596 1368 vero
1617 1323 1668 1369 de
1693 1324 1774 1368 hoc

125 1406 286 1451 faciatis
310 1405 511 1460 dubium,
540 1407 720 1450 mittatis
741 1407 921 1450 Pictavis
948 1405 1020 1450 ubi
1048 1406 1147 1450 alias
1175 1422 1255 1465 ego
1276 1406 1338 1450 fui
1357 1408 1630 1466 interrogata.
1668 1427 1687 1447 »

186 1492 447 1548 Interrogata
484 1489 711 1549 quomodo
735 1491 812 1534 scit
841 1489 959 1549 quod
987 1504 1088 1534 sunt
1126 1491 1207 1534 illae
1241 1490 1337 1535 duae
1372 1492 1552 1543 Sanctae,
1583 1508 1636 1535 an
1665 1492 1772 1536 bene

125 1587 353 1633 cognoscat
379 1591 511 1619 unam
537 1574 588 1618 ab
621 1574 749 1618 altera
780 1591 787 1617 :
833 1573 1054 1633 respondit
1094 1574 1212 1633 quod
1255 1574 1363 1619 bene
1403 1576 1478 1619 scit
1517 1575 1634 1634 quod
1671 1589 1772 1620 sunt

125 1661 241 1718 ipsae,
272 1671 313 1703 et
340 1658 447 1703 bene
464 1659 685 1716 cognoscit
714 1674 846 1702 unam
874 1657 925 1702 ab
952 1658 1081 1703 altera
1100 1667 1128 1702 ¹.

184 1744 447 1800 Interrogata
466 1741 692 1801 quomodo
720 1741 827 1786 bene
855 1743 1076 1800 cognoscit
1098 1758 1230 1786 unam
1249 1741 1299 1786 ab
1317 1752 1330 1768 2
1356 1743 1484 1787 altera
1512 1761 1519 1787 :
1552 1743 1770 1801 respondit

123 1826 240 1886 quod
268 1827 490 1884 cognoscit
510 1842 577 1870 eas
610 1842 683 1885 per
709 1826 1013 1870 salutationem
1041 1842 1173 1885 quam
1214 1828 1251 1870 ei
1284 1826 1459 1871 faciunt.
1494 1828 1613 1871 Dixit
1641 1829 1770 1872 etiarn

123 1910 239 1970 quod
267 1911 374 1955 bene
401 1924 503 1954 sunt
524 1923 687 1968 septem
715 1911 817 1954 anni
855 1911 984 1969 elapsi
1023 1910 1141 1970 quod
1169 1912 1305 1969 ipsam
1330 1924 1585 1969 acceperunt
1618 1912 1772 1970 guber-

123 1994 326 2039 nandam.
351 1995 470 2038 Dixit
501 1996 627 2038 etiam
657 1993 776 2053 quod
804 1994 895 2038 illas
926 1995 1100 2038 Sanctas
1132 2011 1206 2053 per
1233 1994 1315 2039 hoc
1337 1996 1557 2053 cognoscit
1585 1995 1703 2054 quod
1730 2013 1773 2040 se

123 2080 353 2123 nominant
383 2080 437 2122 ei.
912 2134 931 2155 ἱ

181 2164 444 2221 Interrogata
492 2164 526 2206 si
566 2164 730 2207 Sanctae
765 2162 945 2220 praefatae
977 2176 1078 2206 sunt
1102 2164 1263 2207 vestitae
1290 2162 1443 2207 eodem
1467 2179 1611 2221 panno
1643 2179 1651 2204 ε
1683 2181 1771 2208 res-

123 2246 274 2305 pondit
301 2265 308 2290 :
339 2266 358 2288 «
384 2247 473 2305 Ego
495 2263 583 2290 non
612 2245 750 2290 dicam
766 2245 888 2290 vobis
902 2262 1018 2290 nunc
1038 2246 1178 2301 aliud3
1199 2259 1240 2290 et
1269 2263 1357 2290 non
1384 2247 1521 2291 habeo
1550 2248 1768 2292 licentiam

122 2329 173 2374 de
208 2329 452 2374 revelando.
495 2331 537 2374 Si
565 2346 640 2374 vos
669 2346 757 2374 non
785 2329 963 2374 credatis
997 2330 1123 2384 mihi,
1162 2330 1322 2374 vadatis
1355 2332 1551 2375 Pictavis.
1585 2349 1604 2371 »
1651 2332 1772 2375 Dixit

122 2416 280 2458 etiam3
307 2413 425 2473 quod
450 2427 551 2458 sunt
583 2414 862 2458 revelationes
889 2430 986 2472 quae
1028 2414 1192 2459 vadunt
1231 2414 1282 2458 ad
1318 2430 1460 2472 regem
1490 2416 1690 2469 Franciae,
1729 2428 1771 2459 et

126 2514 214 2542 non
240 2497 290 2542 ad
314 2500 427 2557 ipsos
443 2508 458 2530 '4
480 2499 555 2557 qui
579 2513 673 2542 eam
694 2507 703 2531 ἰ
727 2500 1007 2555 interrogant.

182 2583 307 2635 Item,
338 2584 597 2639 interrogata
621 2583 654 2626 si
681 2581 763 2625 illae
789 2583 954 2626 Sanctae
989 2595 1090 2625 sunt
1111 2580 1304 2638 ejusdem
1339 2583 1473 2625 aetatis
1502 2596 1509 2625 :
1554 2582 1774 2640 respondit

122 2665 238 2724 quod
264 2664 315 2709 de
333 2665 414 2709 hoc
441 2664 625 2710 dicendo
644 2682 733 2710 non
757 2664 940 2709 habebat
968 2665 1202 2709 licentiam.

184 2749 446 2806 Interrogata
479 2765 530 2792 an
561 2750 644 2793 illae
686 2750 850 2793 Sanctae
890 2749 1123 2807 loquantur
1149 2749 1295 2801 simul,
1327 2750 1392 2793 vel
1430 2766 1517 2793 una
1545 2763 1638 2808 post
1669 2749 1769 2793 alte-

126 2847 230 2886 ram,
272 2831 493 2891 respondit
529 2850 536 2876 :
579 2849 598 2872 «
642 2833 730 2890 Ego
768 2849 857 2876 non
890 2832 1026 2876 habeo
1069 2832 1119 2877 de
1164 2833 1245 2876 hoc
1285 2832 1468 2877 dicendo
1515 2833 1732 2877 licentiam
1757 2851 1768 2887 3

125 2927 267 2959 tamen
292 2932 371 2974 ego
398 2932 566 2974 semper
592 2915 718 2960 habui
747 2916 981 2960 consilium
1003 2916 1053 2960 ab
1082 2917 1181 2975 ipsis
1202 2916 1421 2960 ambabus
1449 2933 1468 2956 »

179 3093 207 3116 1.
232 3083 263 3116 A
287 3095 296 3116 :
318 3095 418 3116 unam
439 3084 478 3117 ab
498 3083 601 3117 altera
629 3085 801 3128 cognoscit.
825 3104 871 3109 —-
902 3093 933 3117 2.
958 3083 984 3116 B
999 3092 1097 3117 oniet
1117 3084 1168 3118 ab.
1190 3104 1233 3108 —
1262 3093 1291 3127 3.
1315 3082 1370 3116 C:
1391 3084 1432 3117 ei.
1455 3104 1501 3108 —
1530 3093 1563 3125 4.
1588 3083 1655 3116 AC
1678 3096 1687 3117 ,·
1708 3095 1769 3118 eos.

128 3160 172 3166 —
194 3153 223 3185 3.
250 3142 278 3174 ,4
305 3155 312 3174 .·
333 3144 452 3187 ipsum,
