2099 3356
330 197 487 241 pnoc'sss
530 212 588 240 DE
630 210 982 240 coNDAixiNA'rioN
1018 211 1074 239 DE
1105 210 1272 251 JEANNE
1305 195 1436 239 D'ARC
1628 210 1706 251 157
1742 238 1748 244 ,

61 327 191 370 quam
218 326 433 369 responsa,
463 311 569 354 facta
590 322 630 354 et
657 309 767 353 dicta
791 308 919 352 fuisse
947 310 991 352 in
1019 325 1117 352 casu
1142 325 1230 367 quo
1257 308 1367 352 dicta
1395 308 1596 364 Jolianna
1629 309 1704 351 ali-

61 410 166 454 quas
192 393 244 438 de
266 393 619 452 responsionibus
644 392 802 437 ibidem
826 394 992 450 scriptis
1025 408 1067 435 se
1099 391 1254 436 dixisse
1284 404 1470 448 negaret.
1498 392 1711 448 Deinceps

63 479 150 536 ipsa
175 477 375 533 Johanna
396 477 494 521 fecit
521 479 815 535 juramentum
843 475 894 519 de
917 475 1025 519 nihil
1053 474 1253 519 addendo
1280 477 1324 518 in
1349 476 1439 519 suis
1470 476 1711 531 responsio-

62 560 204 615 nibus,
229 562 309 604 nisi
331 560 448 619 quod
478 577 629 604 verum
652 573 773 604 esset.

121 645 271 688 Postea
298 660 414 697 vero,
444 643 550 688 dum
571 643 823 701 hujusmodi
845 644 996 701 scripta
1023 643 1267 700 legerentur
1294 652 1322 695 ¹,
1348 641 1455 685 dixit
1481 640 1599 700 quod
1624 653 1711 684 erat

63 729 369 787 cognominata
395 728 537 771 D'Arc
565 744 640 771 seu
673 729 877 779 Romme'e3
916 740 957 770 et
994 726 1129 784 quod,
1161 727 1205 769 in
1240 725 1431 784 partibus
1464 727 1568 779 suis,
1612 724 1711 768 filiae

65 811 290 870 portabant
319 827 565 869 cognomen
597 812 758 854 matris.
789 810 980 854 Ulterius
1007 810 1114 853 dixit
1141 808 1260 868 quod
1291 810 1533 872 legerentur
1565 825 1713 852 conse—

65 906 245 951 quenter
268 893 596 950 interrogatoria
613 905 654 935 et
682 892 998 949 responsiones,
1023 903 1064 934 et
1090 906 1136 933 ea
1156 906 1253 948 quae
1280 890 1537 947 legerentur,
1564 890 1597 932 si
1623 905 1712 932 non

65 975 387 1029 contradiceret,
410 974 581 1019 tenebat
606 991 683 1032 pro
712 976 820 1019 veris
848 987 888 1018 et
910 974 1173 1018 confessuris.

124 1061 242 1103 Dixit
266 1061 412 1110 etiam,
448 1075 575 1118 super
609 1058 790 1103 articulo
833 1057 885 1102 de
925 1057 1171 1116 recipiendo
1209 1057 1406 1101 habitum
1440 1056 1711 1110 muliebrem,

64 1157 104 1188 et
131 1142 294 1188 addidit
325 1145 400 1187 ista
430 1142 556 1186 verba
581 1159 589 1185 :
623 1159 643 1182 «
679 1140 875 1185 Tradatis
904 1140 1011 1184 mihi
1039 1157 1171 1185 unam
1207 1143 1400 1185 tunicam
1436 1140 1711 1194 muliebrem,

65 1244 141 1287 pro
165 1227 311 1271 eundo
337 1226 386 1270 ad
415 1226 600 1270 domum
623 1227 785 1279 matris,
809 1239 850 1269 et
868 1242 947 1283 ego
969 1226 1188 1283 accipiam.
1225 1244 1244 1263 »
1265 1226 1315 1268 Et
1340 1238 1402 1269 est
1428 1241 1506 1282 pro
1533 1223 1714 1269 essendo

65 1324 178 1355 extra
211 1327 423 1364 carceres;
453 1323 493 1354 et
536 1308 714 1368 quando
748 1322 855 1353 esset
891 1322 1006 1353 extra
1044 1325 1243 1361 carceres,
1278 1321 1444 1365 caperet
1481 1308 1714 1352 consilium

67 1394 173 1452 quid
197 1394 370 1439 deberet
397 1393 546 1438 facere.

124 1478 327 1522 Finaliter
343 1490 439 1536 post
463 1477 671 1521 lecturam
692 1476 909 1521 dictorum
932 1485 946 1502 ²
979 1489 1291 1520 contentorum
1313 1477 1357 1519 in
1380 1477 1573 1533 registro,
1603 1475 1716 1519 dicta

66 1562 265 1619 Johanna
290 1561 482 1606 confessa
501 1561 581 1605 fuit
609 1560 727 1620 quod
753 1560 860 1605 bene
884 1560 1080 1604 credebat
1099 1576 1143 1603 se
1177 1559 1330 1603 dixisse
1350 1559 1488 1618 'prout
1511 1561 1718 1617 scriptum

68 1660 154 1690 erat
178 1648 221 1690 in
250 1647 428 1704 registro
455 1659 496 1689 et
519 1658 647 1703 prout
670 1644 811 1689 eidem
837 1644 999 1689 lectum
1027 1643 1135 1698 fuit;
1171 1660 1249 1688 nec
1275 1642 1326 1687 ad
1356 1643 1497 1701 aliqua
1517 1642 1569 1687 de
1596 1642 1721 1687 dictis

69 1732 281 1775 contentis
308 1731 352 1773 in
373 1729 488 1773 dicto
516 1730 694 1787 registro
721 1728 995 1773 contradixit.

386 1909 583 1937 DOMINICA
613 1910 653 1936 IN
684 1909 800 1936 RAMIS
830 1909 1041 1935 PALMARUM
1072 1908 1168 1934 XXV.
1203 1904 1390 1934 MART113.

6 2059 11 2066 ·
70 2041 89 2099 Jj
129 2043 238 2086 Item
265 2052 299 2095 4,
350 2041 569 2085 dominica
613 2042 658 2084 in
707 2042 853 2085 Ramis
895 2039 1160 2089 palmarum,
1208 2038 1457 2082 immediate
1504 2039 1717 2096 sequenti,

71 2125 138 2170 die
161 2141 263 2169 XXV.
279 2125 381 2169 dicti
404 2126 563 2168 mensis
582 2125 738 2175 martii,
756 2124 807 2168 de
828 2140 969 2177 mane,
986 2125 1030 2166 in
1052 2123 1149 2167 loco
1162 2124 1334 2166 carceris
1349 2122 1474 2166 dictae
1491 2121 1718 2179 Johannae,

72 2210 116 2253 in
137 2222 272 2253 castro
301 2209 662 2266 Rothomagensi,
692 2224 788 2263 nos,
819 2209 1043 2265 episcopus
1070 2206 1314 2264 p1·aedictUS‚
1346 2206 1519 2250 allocuti
1555 2205 1720 2250 fuimus

74 2293 319 2352 praedictam
345 2292 611 2349 johannam,
642 2291 925 2350 praesentibus
957 2289 1276 2335 venerabilibus
1302 2291 1418 2343 viris,
1448 2289 1639 2333 dominis
1681 2302 1722 2332 et

76 2378 287 2435 magistris
314 2393 322 2419 ε
349 2376 548 2433 Johanne
587 2375 908 2433 Pulchripatris‚
944 2374 1127 2418 Nicolao
1157 2375 1285 2427 Midi,
1330 2375 1457 2417 Petro
1504 2373 1718 2425 Mauricii,

74 2459 349 2514 doctoribus3
379 2473 420 2504 et
442 2460 618 2503 Thoma
636 2458 688 2503 de
709 2458 962 2512 Courcellis,
986 2457 1225 2501 bachal-ario
1250 2465 1259 2491 5
1282 2458 1326 2500 in
1347 2473 1459 2500 sacra
1485 2456 1717 2513 theologia.

74 2544 124 2588 Et
150 2543 291 2589 eidem
311 2544 522 2600 Johannae
546 2542 735 2587 diximus
759 2542 875 2601 quod
901 2542 1075 2599 pluries,
1114 2554 1154 2585 et
1191 2542 1378 2584 maxime
1405 2540 1473 2584 die
1502 2540 1720 2592 hesterno,

75 2629 161 2686 ipsa
194 2629 473 2687 requisiverat
497 2626 631 2687 quod,
664 2638 837 2685 propter
868 2625 1038 2669 dierum
1065 2638 1107 2668 et
1143 2626 1351 2682 temporis
1379 2624 1720 2685 solemnitatem,

75 2712 164 2769 ipsa
198 2712 517 2776 permitteretur
561 2710 708 2755 audire
746 2711 920 2754 missam
963 2711 1007 2753 in
1047 2711 1136 2767 ipsa
1167 2697 1385 2752 dominica
1431 2725 1529 2766 quae
1559 2721 1646 2752 erat
1678 2709 1722 2750 in

77 2795 221 2839 Ramis
258 2795 503 2839 palmarum
535 2812 542 2837 :
579 2807 815 2853 propterea,
855 2810 935 2837 nos
967 2793 1018 2836 ab
1060 2809 1107 2836 ea
1142 2792 1441 2850 quaerebamus
1482 2805 1649 2845 utrum,
1690 2792 1723 2834 si

132 3002 160 3025 1.
183 2991 251 3026 AC
269 3004 313 3026 en
332 3004 472 3038 marge:
500 2992 637 3026 Lectum
651 2991 897 3037 responsionum
910 2990 1069 3034 Jolmnna'
1084 2990 1131 3035 (C
1143 2990 1261 3036 ajoute
1277 2990 1380 3036 ipsius
1395 2990 1523 3023 devant
1533 2988 1682 3032 Jolmmm
1697 2995 1721 3029 ).

81 3071 126 3075 —-
153 3062 185 3085 2.
204 3052 271 3086 AC
291 3060 302 3086 ,⁴
321 3052 572 3098 praedictorum.
601 3072 647 3076 —-
673 3062 703 3096 3.
729 3052 780 3085 En
801 3062 921 3096 marge
948 3052 990 3084 de
1016 3050 1090 3084 AB.
1115 3071 1159 3073 Α
1183 3060 1217 3091 4.
1248 3049 1278 3083 C
1297 3050 1415 3095 ajoute
1439 3049 1504 3082 dic.
1535 3069 1580 3073 —
1605 3058 1633 3091 5.
1658 3048 1688 3081 C
1714 3059 1724 3079 .·

81 3110 256 3144 baculario.
