2099 3356
393 208 553 252 PRocl'ss
584 222 642 250 DE
675 220 1027 250 coNDAMNATION
1062 220 1120 248 DE
1151 221 1317 261 JEANNE
1350 207 1476 250 D’ARC
1700 222 1723 263 7
1733 222 1751 263 3

110 322 352 380 Johannae:
383 319 604 379 respondit
633 337 641 364 :
677 337 697 359 «
728 321 900 364 Bonum
931 331 993 363 est
1025 320 1128 362 scire
1156 317 1275 377 quod
1308 318 1476 363 domini
1499 332 1756 363 manutene-

112 405 213 450 bant
239 421 357 449 arma
384 420 472 449 sua.
516 422 536 444 »
573 405 683 447 Item
717 402 817 448 dicit
843 402 960 462 quod
988 402 1120 461 aliqui
1147 401 1198 446 de
1225 404 1352 446 sociis
1374 419 1539 460 guerrae
1563 403 1757 447 fecerunt

111 489 200 533 fieri
222 488 274 533 de
301 488 382 532 illis
404 487 713 546 pannoncellis,
737 500 865 546 prout
885 487 944 530 eis
978 485 1184 545 placebat,
1215 498 1256 529 et
1276 486 1347 529 alii
1369 502 1477 530 non.

169 573 433 629 Interrogata
464 570 516 615 de
555 587 639 629 qua
666 572 844 615 materia
870 569 1065 614 fecerunt
1097 586 1170 614 eos
1203 569 1310 621 fieri,
1343 586 1396 613 an
1436 570 1517 614 hoc
1555 570 1683 614 fuerit
1706 569 1759 614 de

111 659 206 712 tela,
239 658 305 702 vel
334 674 478 716 panno
509 658 633 702 laneo
664 671 672 700 ἰ
702 656 924 715 respondit
952 655 1070 715 quod
1097 669 1184 700 erat
1210 655 1262 700 de
1286 656 1392 700 albis
1419 658 1582 710 satinis,
1608 657 1757 714 gallice

109 743 151 787 de
177 742 292 786 blam-
318 744 461 795 satius,
492 754 533 785 et
557 744 599 785 in
628 740 843 800 aliquibus
876 754 995 785 erant
1024 741 1137 795 lilia;
1173 757 1251 784 nec
1282 741 1370 799 ipsa
1401 741 1601 797 Johanna
1631 739 1778 784 habe--

111 826 180 870 bat
207 825 258 869 de
278 828 479 870 societate
503 841 578 869 sua
609 826 690 868 nisi
706 824 810 869 duas
837 825 902 869 vel
933 837 1016 868 tres
1044 825 1237 878 lanceas;
1262 824 1333 868 sed
1361 826 1465 868 socii
1495 840 1660 881 guerrae
1683 825 1758 868 ali-

109 909 284 969 quando
319 908 528 953 faciebant
565 908 655 952 fieri
694 908 1003 967 pannoncellos
1036 907 1087 952 ad
1113 907 1447 952 similitudinem
1478 924 1676 962 suorum,
1714 921 1757 952 et

110 1016 200 1044 non
224 999 434 1043 faciebant
462 1008 470 1025 ¹
502 999 624 1052 illud,
656 1000 737 1043 nisi
765 1015 843 1057 pro
870 997 1171 1057 cognoscendo
1208 998 1409 1042 homines
1435 1014 1536 1042 suos
1560 998 1610 1042 ab
1635 999 1748 1042 aliis.

167 1084 431 1141 Interrogata
476 1099 529 1126 an
560 1083 753 1127 multum
789 1098 899 1141 saepe
936 1081 1259 1127 ronovabantur
1296 1081 1397 1126 dicti
1431 1081 1707 1140 pannoncelli
1746 1098 1755 1126 :

109 1166 329 1225 respondit
366 1185 374 1210 :
407 1183 427 1205 ‹<
466 1167 556 1226 Ego
597 1168 758 1211 nescio.
796 1165 989 1220 Quando
1026 1167 1182 1210 lanceae
1205 1175 1219 1192 2
1248 1179 1368 1211 erant
1407 1179 1559 1224 ruptce‚
1599 1166 1759 1210 fiebant

109 1252 225 1295 novi.
260 1268 279 1291 >³

167 1336 430 1393 Interrogata
458 1347 606 1379 utrum
639 1336 727 1393 ipsa
759 1334 913 1378 dixerit
946 1334 1181 1393 aliquando
1205 1333 1325 1393 quod
1352 1333 1628 1393 pannoncelli
1662 1333 1758 1378 facti

107 1418 158 1462 ad
202 1418 537 1463 similitudinem
582 1409 763 1463 suorum
794 1431 913 1462 erant
951 1418 1059 1462 bene
1095 1418 1306 1463 fortunati
1338 1432 1345 1461 :
1383 1417 1604 1477 respondit
1637 1417 1755 1476 quod
1818 1452 1829 1456 -

106 1502 338 1561 aliquando
358 1501 465 1546 bene
488 1510 500 1535 3
524 1501 688 1546 dicebat
702 1503 790 1547 suis
814 1520 822 1546 :
847 1519 867 1542 «
887 1503 1059 1546 Intretis
1080 1501 1279 1546 audacter
1299 1518 1374 1560 per
1389 1502 1583 1546 medium
1607 1502 1757 1560 Angli-

106 1602 257 1630 corum
288 1604 326 1639 »‚
357 1599 399 1630 et
420 1588 602 1645 ipsamet
626 1585 825 1630 intrabat.

163 1671 429 1728 Interrogata
455 1687 509 1714 an
533 1669 686 1715 dixerit
718 1671 779 1714 eis
814 1668 933 1729 quod
960 1683 1182 1729 portarent
1201 1669 1400 1714 audacter
1428 1669 1524 1714 illos
1552 1685 1754 1728 pannon-

105 1854 412 1908 pennonceaulx
438 1855 458 1893 a
479 1854 514 1893 la
542 1855 716 1893 maniere
747 1854 799 1893 du
824 1855 907 1893 sien
933 1867 940 1893 :
966 1854 1139 1908 respond
1165 1869 1172 1892 :
1202 1871 1220 1891 «
1248 1854 1277 1892 Il
1300 1863 1359 1893 est
1382 1854 1463 1893 bon
1489 1854 1509 1892 a
1525 1855 1655 1893 savoir
1679 1868 1756 1908 que

105 1926 162 1966 les
188 1927 393 1979 seigneurs
416 1927 709 1966 maintenoient
732 1926 835 1965 leurs
862 1940 1005 1965 armes.
1034 1943 1050 1962 »

161 1999 270 2046 Item,
295 1998 469 2051 respond
492 2016 498 2037 :
526 2015 544 2034 ‹<
570 1999 641 2036 Les
665 2012 818 2037 aucuns
843 1999 1138 2051 compaignons
1158 1998 1206 2037 de
1239 2012 1379 2051 guerre
1405 2012 1453 2037 en
1478 1998 1594 2037 firent
1614 1997 1709 2036 faire
1738 1999 1758 2036 a

104 2069 192 2109 leur
213 2069 361 2124 plaisir,
389 2079 426 2108 et
450 2069 506 2108 les
528 2079 656 2108 autres
679 2084 776 2109 non.
806 2087 825 2106 »

159 2143 416 2194 Interroguee
438 2141 485 2180 de
504 2141 637 2195 quelle
662 2143 825 2181 matiere
849 2141 898 2180 ilz
924 2142 978 2180 les
1012 2141 1128 2181 firent
1146 2141 1257 2189 faire,
1282 2142 1313 2180 si
1335 2155 1378 2180 ce
1402 2141 1461 2180 fut
1494 2141 1542 2180 de
1564 2141 1675 2180 toille
1700 2156 1754 2181 ou

103 2213 150 2252 de
177 2213 272 2266 drap
297 2228 304 2251 ε
333 2213 505 2266 respond
531 2228 538 2251 :
566 2230 583 2249 ‹<
609 2213 776 2252 C'estoit
797 2213 844 2253 de
866 2213 978 2252 blans
997 2214 1133 2262 satins‚
1157 2224 1194 2252 et
1214 2228 1240 2266 y
1262 2227 1311 2252 en
1334 2214 1441 2252 avoit
1459 2228 1507 2252 en
1523 2227 1674 2252 aucuns
1696 2214 1753 2253 les

103 2284 221 2323 fleurs
244 2285 291 2323 de
318 2284 368 2323 liz
404 2299 440 2333 »;
466 2295 503 2324 et
528 2285 676 2324 n'avoit
703 2299 780 2339 que
814 2285 917 2324 deux
947 2299 999 2324 ou
1033 2286 1130 2324 trois
1164 2285 1295 2324 lances
1318 2285 1365 2324 de
1393 2299 1435 2324 sa
1470 2286 1750 2338 compaignie3

103 2357 200 2395 mais
222 2357 278 2395 les
303 2358 598 2410 compaignons
620 2357 668 2396 de
692 2371 832 2410 guerre
854 2371 1027 2396 aucunes
1054 2357 1131 2396 fois
1157 2371 1205 2396 en
1227 2357 1415 2396 faisoient
1436 2357 1527 2396 faire
1549 2358 1568 2395 a
1588 2357 1623 2395 la
1646 2371 1753 2396 sem-

102 2428 239 2467 blance
261 2428 327 2467 des
349 2429 454 2467 siens
484 2438 522 2467 et
553 2442 601 2467 ne
622 2429 783 2468 faisoint
803 2429 886 2468 cela
918 2428 998 2468 sors
1027 2443 1129 2482 pour
1163 2430 1422 2482 congnoistre
1452 2428 1508 2467 les
1542 2430 1647 2467 siens
1681 2429 1752 2468 des

105 2509 250 2539 autres.
817 2492 819 2497 ⁷

113 2608 117 2612 ,
158 2571 415 2624 Interrogutie
440 2570 521 2609 s'ilz
546 2572 718 2610 estoient
735 2572 876 2624 gueres
911 2581 1082 2610 souvent
1106 2571 1358 2610 renouvclles
1390 2586 1397 2609 :
1426 2571 1598 2624 respond
1634 2586 1640 2610 :
1669 2588 1688 2607 «
1710 2573 1754 2620 Je

106 2655 154 2680 ne
175 2655 288 2695 scay3
313 2652 435 2696 quant
460 2643 514 2681 les
539 2642 672 2681 lances
685 2644 856 2681 estoient
876 2657 1082 2696 rompues,
1098 2643 1173 2682 l’en
1193 2657 1243 2682 en
1260 2643 1391 2682 faisoit
1407 2644 1453 2682 de
1473 2644 1709 2690 nouveaulz,
1734 2661 1753 2680 ›>

158 2714 415 2767 Interroguee
436 2714 543 2753 s’elle
564 2715 640 2753 dist
656 2716 769 2767 point
789 2729 865 2769 que
885 2715 940 2754 les
963 2715 1269 2768 pennonceaulx
1294 2716 1361 2768 qui
1383 2716 1555 2754 estoient
1577 2730 1625 2754 en
1651 2729 1753 2754 Sem-

103 2784 242 2824 blance
267 2786 334 2825 des
357 2787 463 2825 siens
485 2787 655 2825 estoient
676 2800 822 2825 eureux
845 2802 851 2825 :
876 2787 1064 2840 respond,
1089 2787 1162 2826 elle
1184 2786 1270 2825 leur
1288 2788 1408 2826 disoit
1428 2786 1519 2826 bien
1542 2788 1562 2825 a
1587 2787 1622 2826 la
1646 2786 1723 2825 fois
1743 2802 1750 2825 :

105 2872 122 2891 «
150 2858 290 2896 Entrez
315 2858 540 2897 hardiment
562 2872 631 2911 par
651 2872 718 2911 my
738 2858 794 2897 les
816 2858 986 2911 Anglois
1012 2876 1049 2907 n,
1073 2868 1110 2897 ct
1137 2858 1211 2897 elle
1237 2872 1408 2897 mesmes
1432 2873 1458 2911 y
1481 2859 1642 2897 entroit.

160 2929 413 2981 Interroguee
439 2929 544 2968 s'elle
573 2930 658 2968 leur
688 2930 763 2968 dist
784 2929 900 2983 qu’ilz
932 2930 987 2969 les
1018 2940 1241 2984 portassent
1270 2931 1534 2977 hardiement,
1565 2940 1603 2969 et
1633 2930 1751 2984 qu'ilz

159 3129 186 3152 1.
215 3120 245 3152 A
273 3119 458 3164 :facielmt.
484 3141 528 3145 —
547 3131 578 3154 2.
603 3121 633 3155 C
657 3133 666 3154 :
685 3121 798 3155 lam-212
829 3142 871 3146 —
896 3133 924 3163 ς.
948 3121 980 3155 A
1008 3134 1016 3155 .·
1041 3122 1114 3155 hene
1134 3122 1325 3167 aliquando,
