2099 3356
375 215 535 259 PRocizs
570 230 625 258 DE
656 229 1007 259 CONDAMNATmN
1042 231 1098 259 DE
1130 231 1296 272 JEANNE
1332 217 1456 261 o'ARC
1681 220 1730 274 85

98 329 317 389 respondit
340 328 458 388 quod
491 338 499 355 ¹
531 332 758 386 nunqnam
803 327 1030 386 denegavit
1076 329 1281 373 Sanctum
1333 346 1409 374 nec
1441 332 1659 384 Sanctam,
1701 345 1743 375 et

93 410 209 471 quod
237 410 299 454 illi
324 412 399 469 qui
437 409 519 454 hoc
546 408 749 453 dixerunt
796 409 863 452 vel
899 422 1225 467 reportaverunt
1260 410 1370 455 male
1409 410 1734 456 intellexerunt.

148 495 241 538 Istis
287 493 494 538 omnibus
517 494 576 537 sic
599 494 792 550 peractis,
829 491 1002 536 reducta
1027 492 1108 537 fuit
1137 495 1225 552 ipsa
1263 494 1463 550 Johanna
1486 493 1539 539 ad
1590 494 1736 540 locum

92 578 171 622 sibi
198 593 274 638 pro
301 593 463 621 carcere
492 578 775 635 assignatum.
811 577 860 620 Et
887 575 1088 636 deinceps
1120 593 1198 621 nos
1234 579 1460 636 episcopus
1491 576 1734 637 praedictus,

95 661 283 706 diximus
310 659 445 719 quod,
481 659 781 721 continuando
803 676 1052 718 processum
1083 673 1123 704 et
1149 660 1309 720 absque
1338 660 1737 706 discontinuatione

95 744 306 803 ejusdem,
331 759 583 788 vocaremus
607 743 777 803 aliquos
801 742 998 788 doctores
1020 757 1060 788 et
1076 746 1234 802 peritos
1258 746 1485 804 utriusque
1509 746 1613 803 juris
1634 744 1741 789 divi-

95 830 139 872 ni
178 842 219 873 et
245 828 442 882 humani,
477 829 551 887 qui
589 827 886 886 recolligerent
918 844 966 872 ea
995 844 1092 886 quse
1120 828 1404 886 recolligenda
1440 842 1581 873 essent
1614 845 1742 887 super

92 912 341 957 consessatis
369 928 442 971 per
460 910 657 956 eamdem
684 911 931 967 Johannam
958 925 999 955 et
1018 920 1030 937 ²
1067 912 1422 971 responsionibus
1445 915 1536 971 ejus
1563 912 1741 957 redactis

94 998 138 1040 in
162 997 351 1054 scriptis,
374 1008 431 1050 et,
454 997 555 1054 ipsis
578 990 756 1039 visitatis
778 1007 818 1039 et
835 994 1084 1049 recollectis,
1104 997 1138 1039 si
1165 995 1308 1055 aliqua
1328 1009 1470 1040 essent
1490 1012 1617 1054 super
1645 998 1742 1055 qui-

94 1079 172 1124 bus
193 1079 342 1124 eadem
362 1079 562 1136 Johanna
585 1078 802 1123 videretur
828 1079 1016 1138 amplius
1048 1079 1369 1138 interroganda,
1409 1081 1744 1139 interrogaretur

93 1180 165 1223 per
185 1164 352 1222 aliquos
379 1180 401 1207 a
432 1163 556 1208 nobis
577 1162 861 1222 deputandos,
899 1162 1058 1221 absque
1083 1163 1165 1207 hoc
1189 1163 1306 1223 quod
1331 1177 1468 1208 totam
1493 1173 1503 1197 ³
1535 1165 1736 1209 multitu-

91 1247 240 1292 dinem
268 1247 574 1307 praedictorum
596 1249 891 1291 assistentium
921 1263 1203 1303 vexaremu53
1232 1249 1470 1307 omniaque
1493 1247 1734 1306 redigeren·

92 1345 162 1376 tur
180 1333 224 1376 in
245 1333 411 1390 scriptis
428 1344 489 1385 ut,
518 1333 720 1390 quotiens
739 1344 846 1375 esset
868 1344 1187 1390 opportunum,
1206 1331 1369 1390 praefati
1389 1331 1585 1376 doctores
1603 1345 1644 1376 et
1660 1334 1740 1376 viri

95 1417 216 1473 periti
243 1430 417 1474 possent
444 1432 571 1474 super
596 1414 681 1459 illis
702 1414 933 1460 deliberare
962 1428 1004 1459 et
1027 1431 1123 1460 suas
1150 1416 1380 1473 opiniones
1400 1428 1528 1474 atque
1561 1416 1740 1461 consilia

94 1500 270 1545 tradere.
294 1501 487 1559 Ipsisque
501 1499 690 1544 diximus
709 1498 827 1558 quod
855 1512 1013 1543 extunc
1039 1508 1054 1532 4
1078 1499 1300 1544 studerent
1327 1513 1368 1544 et
1396 1499 1590 1544 viderent
1623 1500 1736 1559 apud

93 1600 150 1635 se,
174 1600 302 1643 super
316 1585 493 1628 materia
516 1596 558 1628 et
577 1600 704 1642 super
722 1583 805 1627 illis
831 1600 929 1642 quae
948 1585 1033 1641 iam
1049 1583 1304 1627 audiverant
1319 1583 1370 1628 de
1394 1600 1611 1642 processu,
1632 1584 1737 1643 quid

93 1669 154 1712 eis
180 1667 396 1713 videretur
422 1684 511 1712 esse
541 1667 776 1726 agendum,
810 1675 853 1711 et'
877 1667 1003 1711 nobis
1028 1681 1101 1712 aut
1127 1666 1342 1726 deputatis
1365 1684 1440 1712 seu
1476 1668 1734 1727 deputandis

93 1768 143 1797 ex
170 1764 287 1811 parte
309 1754 444 1796 nostri
470 1751 713 1810 referre[nt]
736 1752 802 1796 vel
823 1751 937 1810 apud
961 1767 1004 1796 se
1019 1764 1338 1805 conservarent,
1364 1764 1414 1795 ut
1435 1760 1445 1785 ³
1474 1753 1684 1796 maturius
1700 1766 1741 1796 et

91 1836 302 1881 salubrius
328 1836 560 1881 deliberare
594 1849 782 1894 possent,
810 1835 905 1880 loco
945 1849 986 1880 et
1016 1848 1210 1894 tempore
1250 1837 1526 1894 opportuniS,
1556 1849 1598 1880 et
1643 1852 1739 1880 suas
1764 1861 1768 1864 ·

90 2047 288 2086 trenchier
308 2060 357 2085 en
379 2056 515 2100 quatre
534 2047 667 2099 pieces
686 2060 693 2085 :
719 2046 893 2099 respond
913 2046 1057 2100 qu'elle
1073 2060 1122 2085 ne
1144 2060 1320 2100 regnoya
1340 2060 1519 2100 oncques
1543 2047 1669 2086 sainct
1691 2061 1740 2086 ne

91 2120 239 2158 saincte
258 2133 267 2166 3
291 2129 329 2159 et
352 2132 429 2172 que
453 2118 568 2158 ceulx
592 2119 659 2172 qui
679 2118 779 2157 l'ont
800 2118 857 2158 dit
887 2132 940 2157 ou
959 2119 1116 2172 raporte
1132 2127 1202 2157 ont
1227 2118 1305 2158 mal
1330 2118 1521 2158 entendu.

146 2190 348 2245 H1’sqnes1'c
369 2190 457 2229 actis
479 2195 511 2229 et
529 2190 605 2244 ipsa
635 2190 799 2238 reducta,
815 2189 986 2229 dominns
1001 2190 1225 2229 Belvncensis
1241 2189 1337 2229 dixit
1359 2190 1469 2244 qnod,
1492 2190 1740 2229 continuando

87 2272 305 2316 processum,
337 2267 369 2301 et
406 2261 539 2316 absque
571 2261 900 2301 dissontinnatione
929 2262 1103 2315 ejusdem,
1139 2267 1281 2301 vocaret
1322 2261 1464 2316 aliquos
1501 2262 1657 2301 doctores
1707 2267 1739 2301 et

90 2335 220 2387 peritos
244 2334 435 2388 ntrinsqne
451 2334 551 2387 juris
570 2333 692 2372 divini
707 2338 739 2372 et
763 2333 936 2382 hnmani,
958 2334 1025 2388 qni
1047 2333 1297 2387 recolligerent
1319 2348 1360 2373 ecz
1382 2348 1463 2388 qnae
1499 2334 1739 2388 recolligenda

91 2411 201 2446 essent
222 2413 330 2460 super
358 2406 564 2460 confes-salis
578 2410 610 2444 et
631 2405 920 2460 responsionibus
939 2405 1041 2445 dicta?
1054 2406 1236 2455 sohannae
1259 2406 1409 2445 redactis
1428 2406 1465 2444 in
1488 2405 1644 2460 scriptis.
1673 2407 1739 2455 Et,

92 2478 175 2532 ipsis
197 2478 363 2526 redactis,
385 2478 417 2517 si
436 2477 565 2531 aliqua
582 2482 693 2517 essent
715 2484 823 2531 snper
841 2477 975 2532 quillus
987 2477 1106 2517 adhuc
1126 2484 1210 2517 esset
1231 2477 1508 2531 interroganda,
1539 2478 1743 2532 interroga-

92 2555 195 2589 retur
216 2555 249 2589 et
268 2550 394 2588 omnin
415 2548 668 2602 redigerentur
692 2549 730 2588 in
754 2549 898 2603 scriptis
915 2554 970 2596 nt,
987 2556 1095 2603 snper
1113 2549 1174 2588 hoc
1188 2549 1315 2588 totiens
1335 2550 1499 2603 quotiens
1513 2554 1597 2589 esset
1616 2556 1743 2604 oppor-

93 2626 240 2670 tunum,
261 2626 401 2676 possent
418 2627 526 2675 snper
540 2621 722 2673 praedictis
744 2621 948 2660 deliberare
979 2626 1012 2660 et
1031 2621 1119 2660 dare
1135 2635 1218 2660 snas
1239 2621 1435 2675 opiniones.
1460 2623 1510 2660 Et
1539 2621 1636 2675 qnod
1658 2621 1744 2676 qni—

93 2693 177 2733 libet
208 2694 371 2748 ipsorum
385 2698 498 2748 posset
521 2693 621 2747 apud
649 2707 682 2732 se
709 2693 909 2732 deliberare
938 2698 970 2732 et
1010 2694 1178 2732 advisere
1199 2707 1241 2732 ex
1259 2693 1398 2732 audilis
1423 2693 1514 2748 qnid
1530 2693 1579 2733 eis
1595 2693 1745 2733 videtur

15 2763 25 2775 ‘
84 2765 299 2818 faciendmn
337 2766 375 2804 in
400 2766 570 2813 materia,
597 2765 750 2804 aedicto
781 2765 975 2804 reverendo
997 2766 1099 2819 patri
1120 2779 1181 2805 seu
1214 2765 1293 2819 ejus
1322 2771 1430 2819 snper
1462 2765 1523 2804 hoc
1560 2765 1746 2819 deputatis

94 2836 296 2890 reserrevel
314 2837 414 2889 apud
431 2851 465 2876 se
483 2837 651 2885 retinere,
677 2842 716 2876 nt
737 2836 924 2876 maturius
952 2842 984 2876 et
1023 2836 1213 2876 salubrius
1248 2837 1318 2876 loco
1354 2841 1386 2875 et
1420 2842 1576 2891 tempore
1605 2841 1746 2891 possent

148 3081 176 3104 1.
198 3070 264 3104 AC
291 3071 449 3116 ajoutent
482 3072 563 3116 ipsa.
586 3091 631 3094 ᾖ
658 3081 688 3104 2.
713 3071 740 3104 B
772 3079 870 3104 omet
905 3075 945 3103 et.
970 3091 1013 3094 —
1041 3081 1070 3114 3.
1095 3071 1125 3104 C
1155 3084 1164 3104 .·
1190 3075 1331 3103 tantam.
1365 3091 1409 3095 —
1442 3081 1476 3113 4.
1498 3070 1528 3104 C
1551 3084 1560 3104 :
1582 3075 1670 3105 ἵππι’.
1696 3090 1739 3096 —-

103 3139 132 3171 ς.
155 3129 185 3162 A
208 3141 217 3162 .·
235 3135 277 3164 et.
