2099 3356
392 165 548 208 PROCES
581 179 637 209 DE
669 177 1020 209 CONDAMNATION
1054 177 1110 206 DE
1141 177 1306 219 JEANNE
1338 162 1470 208 D'ARc
1671 178 1752 223 359

112 289 325 335 rogantes,
375 277 597 322 hortantes
632 291 674 322 et
712 291 942 322 monentes
981 292 1059 321 vos
1089 291 1163 336 per
1198 277 1356 321 viscera
1397 277 1581 322 Domini
1623 280 1757 323 nostri

108 360 242 416 Jhesu
270 360 449 412 Christi,
475 363 548 421 qui
578 374 664 406 tam
690 361 906 406 credulem
935 373 1123 405 mortem
1150 375 1228 419 pro
1255 359 1554 419 redemptione
1577 362 1757 406 humani

114 446 283 503 generis
305 446 390 502 pati
419 445 572 499 voluit,
614 445 726 490 dicta
756 457 894 489 vestra
923 446 1145 503 corrigatis
1170 457 1211 489 et
1239 443 1399 503 judicio
1431 445 1626 490 Ecclesiae
1654 444 1759 490 sub—

114 529 280 585 jiciatis,
321 530 431 572 sicut
463 529 646 588 quilibet
682 528 818 574 fidelis
848 542 1022 573 tenetur
1053 541 1095 573 et
1117 527 1363 588 obligatur3
1394 544 1470 573 nec
1501 530 1757 587 permittatis

110 628 185 656 vos
212 614 391 670 separari
419 630 440 657 a
478 614 674 657 Domino
705 613 837 670 Jhesu
866 613 1057 664 Christo,
1095 614 1170 672 qui
1211 628 1288 657 vos
1327 614 1485 657 creavit
1522 625 1570 656 ut
1609 614 1756 657 essetis

105 690 199 740 suae'
219 696 367 753 gloriae
394 698 600 755 particeps
617 715 628 752 3
657 713 733 741 nec
757 697 897 741 velitis
929 697 1084 755 eligere
1112 698 1225 740 viam
1256 710 1426 740 aeternae
1460 696 1752 741 damnationis

102 795 207 823 cum
234 781 419 824 inimicis
445 782 544 834 Dei,
570 782 645 839 qui
673 783 794 825 omni
819 781 888 825 die
918 781 1158 840 inquietare
1188 781 1388 824 homines
1417 780 1678 835 moliuntur,
1707 796 1751 825 se

103 862 324 908 interdum
354 864 700 922 transfigurando
725 866 767 908 in
803 866 987 923 speciem
1010 864 1191 919 Christi,
1224 864 1380 923 Angeli
1408 877 1449 909 et
1476 865 1746 918 Sanctarum,

102 946 286 991 dicendo
314 960 353 991 et
373 947 602 992 asserendo
629 964 672 992 se
699 948 801 992 tales
828 964 933 1002 esse,
966 961 1011 992 ut
1037 950 1137 993 satis
1162 949 1243 992 late
1270 957 1280 974 ¹
1308 950 1351 992 in
1379 950 1477 993 vitis
1504 950 1681 993 Patrum
1709 961 1751 993 et

102 1032 330 1090 Scripturis
365 1033 630 1075 continetur.
675 1033 917 1090 Propterea,
953 1034 987 1075 si
1022 1048 1085 1076 res
1121 1048 1416 1091 quaecumque,
1454 1032 1576 1077 vobis
1613 1033 1752 1077 taliter

101 1117 394 1174 apparuerint,
419 1115 556 1159 nolite
577 1115 775 1170 credere3
806 1117 895 1160 imo
923 1132 1097 1174 prorsus
1120 1115 1417 1160 credulitatem
1444 1129 1517 1161 aut
1544 1118 1751 1175 imagina-

102 1200 268 1244 tionem
299 1198 350 1243 de
386 1199 542 1243 talibus
573 1199 698 1244 rebus
729 1199 917 1244 habitam
946 1200 1173 1258 repellatis,
1205 1199 1519 1259 acquiescendo
1554 1200 1678 1245 dictis
1709 1214 1750 1245 et

98 1283 382 1341 opinionibus
427 1284 728 1327 Universitatis
755 1291 770 1308 ²
807 1284 1054 1327 Parisiensis
1088 1296 1129 1327 et
1166 1284 1351 1328 aliorum
1386 1283 1632 1338 doctorum,
1673 1286 1748 1343 qui

96 1368 234 1425 legem
264 1368 344 1411 Dei
366 1379 420 1425 <et
459 1383 619 1411 sacram
659 1367 920 1426 Scripturam
958 1380 1192 1422 noverunt,
1229 1367 1386 1426 quibus
1427 1368 1599 1412 videtur
1626 1368 1745 1427 quod

97 1451 253 1496 talibus
280 1450 620 1510 apparitionibus
641 1467 730 1495 non
753 1463 813 1496 est
840 1451 1123 1503 credendum,
1153 1468 1230 1495 nec
1254 1454 1459 1510 cuiquam
1487 1453 1744 1510 apparitioni

95 1536 281 1579 insolitze
311 1548 384 1579 aut
419 1535 603 1580 novitati
640 1535 884 1593 prohibitae,
930 1537 1010 1580 nisi
1052 1552 1125 1594 per
1165 1552 1324 1580 sacram
1362 1537 1625 1594 Scripturam
1671 1549 1744 1581 aut

94 1622 268 1678 signum
299 1618 518 1664 sufficiens
551 1632 591 1664 et
622 1620 896 1674 miraculum,
929 1636 1120 1678 quorum
1152 1633 1356 1665 neutrum
1394 1619 1632 1675 habuistis,
1670 1620 1742 1665 sed

93 1704 242 1748 leviter
266 1703 420 1748 talibus
439 1703 692 1757 credidistis,
719 1720 807 1747 non
836 1703 1128 1748 convertendo
1152 1720 1228 1748 vos
1246 1703 1295 1748 ad
1318 1705 1464 1748 Deum
1485 1720 1559 1762 per
1580 1705 1745 1748 oratio-

93 1805 195 1833 nem
219 1787 439 1841 devotam,
473 1801 522 1831 ut
552 1804 628 1832 vos
652 1800 811 1832 certam
833 1787 884 1832 de
911 1788 1066 1832 talibus
1093 1787 1303 1842 redderet,
1330 1804 1407 1832 nec
1432 1789 1668 1832 recurristis
1691 1787 1743 1832 ad

91 1873 280 1931 aliquem
303 1872 528 1931 praelatum
550 1884 624 1916 aut
650 1872 783 1916 alium
809 1873 952 1916 virum
980 1872 1312 1916 ecclesiasticum
1340 1872 1536 1927 doctum,
1564 1874 1639 1931 qui
1667 1888 1743 1916 vos

90 1956 323 2001 informare
348 1969 489 2014 posset
512 1973 521 2010 ;
547 1955 666 2015 quod
691 1968 836 2000 tamen
862 1956 996 2000 facere
1030 1956 1255 2010 debuistis,
1278 1969 1441 2001 attento
1463 1968 1576 2001 statu
1597 1970 1742 2002 vestro

89 2053 130 2085 et
151 2040 424 2098 simplicitate
447 2053 597 2084 vestrae
620 2041 824 2084 scientiae.
853 2041 903 2084 Et
925 2041 1100 2098 capiatis
1126 2041 1376 2099 exemplum
1400 2055 1407 2084 :
1439 2042 1473 2084 si
1504 2056 1573 2084 rex
1602 2053 1741 2085 vester

87 2141 162 2169 sua
182 2125 435 2168 auctoritate
453 2123 575 2168 vobis
599 2124 775 2182 aliquod
791 2124 1053 2169 fortalicium
1071 2123 1408 2169 custodiendum
1430 2126 1735 2180 commisisset,

87 2208 327 2253 inhibendo
348 2224 401 2251 ne
423 2223 746 2267 quemcumque
773 2210 1021 2252 venientem
1039 2210 1308 2267 reciperetis,
1333 2221 1425 2253 esto
1446 2208 1563 2267 quod
1579 2208 1737 2253 diceret

86 2309 128 2337 se
164 2294 309 2336 venire
339 2293 591 2336 auctoritate
619 2294 743 2350 regis,
778 2294 860 2336 nisi
900 2292 1058 2336 litteras
1090 2305 1162 2336 aut
1199 2292 1315 2337 aliud
1352 2294 1526 2350 signum
1569 2306 1735 2337 certum

87 2376 208 2421 vobis
235 2377 421 2430 afferret,
452 2392 542 2420 non
564 2375 771 2420 deberetis
798 2376 875 2420 sibi
901 2376 1068 2433 credere
1087 2393 1164 2420 nec
1188 2392 1288 2421 eum
1318 2378 1518 2435 recipere.
1546 2378 1613 2421 Sic
1635 2393 1736 2422 cum

89 2461 310 2504 Dominus
349 2473 495 2504 noster
529 2460 683 2516 Jhesus
726 2460 943 2514 Christus,
978 2459 1209 2504 ascendens
1244 2463 1286 2504 in
1323 2461 1502 2514 coelum,
1544 2463 1737 2519 regimen

88 2544 280 2588 Ecclesiae
299 2560 385 2588 suae
413 2545 540 2588 Beato
563 2545 690 2588 Petro
717 2545 913 2602 apostolo
941 2546 1091 2599 etsuis
1111 2545 1426 2589 successoribus
1453 2547 1737 2598 commiserit,

87 2627 311 2686 prohibuit
336 2644 389 2671 ne
420 2644 441 2671 a
472 2640 625 2672 caetero
650 2628 817 2686 aliquos
841 2629 1066 2672 venientes
1094 2630 1134 2672 in
1171 2645 1250 2673 suo
1285 2631 1464 2674 nomine
1488 2643 1739 2689 acceptaret,

86 2713 165 2755 nisi
196 2711 316 2756 aliter
347 2729 479 2771 quam
508 2728 662 2756 eorum
692 2712 813 2756 dictis
845 2724 1059 2756 constaret
1084 2712 1362 2757 sufficienter.
1400 2716 1494 2759 Nec
1522 2730 1598 2772 pro
1625 2728 1741 2760 certo

84 2795 166 2839 illis
214 2811 324 2854 quos
363 2795 502 2840 dicitis
541 2797 598 2840 sic
637 2797 803 2840 venisse
846 2794 1050 2840 debuistis
1090 2796 1220 2841 fidem
1261 2797 1496 2854 adhibere3
1542 2815 1618 2843 nec
1660 2815 1738 2843 nos

83 2878 206 2923 vobis
228 2878 357 2923 fidem
386 2879 596 2924 debemus
623 2878 736 2933 dare,
762 2895 861 2923 cum
889 2880 1110 2924 Dominus
1134 2888 1145 2914 ³
1175 2884 1426 2940 oppositum
1450 2884 1679 2942 praecipiat.
1712 2902 1731 2924 »

136 3093 163 3114 1.
187 3081 216 3115 C
241 3094 251 3116 :
271 3082 348 3116 lulis
369 3083 463 3127 (sic).
487 3103 530 3107 —
554 3093 586 3116 2.
616 3082 646 3116 C
662 3082 779 3128 aj0ute
799 3082 915 3117 studii.
938 3104 983 3108 —-
1008 3094 1038 3128 3.
1064 3083 1094 3117 C
1118 3096 1128 3118 .·
1146 3084 1248 3119 Deus.
