2099 3356
423 172 579 216 PRocizs
613 187 668 216 DE
700 187 1049 218 CONDAMNATION
1084 189 1139 217 DE
1171 189 1335 230 JEANNE
1370 174 1498 218 D'ARc
1697 189 1778 231 213

132 285 251 344 quod
268 287 355 344 ipsa
383 288 548 330 veniret
566 285 617 330 ad
644 302 894 331 succursum
922 288 1030 345 regis
1050 288 1265 341 vFranciae3
1287 301 1329 331 et
1350 304 1437 332 una
1464 289 1603 345 major
1620 304 1714 346 pars
1730 288 1782 332 de

133 369 213 413 hoc
239 368 357 427 quod
384 369 560 427 angelus
585 369 732 414 docuit
754 386 848 414 eam
877 384 938 414 est
953 371 996 413 in
1017 372 1098 414 isto
1120 370 1254 424 lib1·o;
1278 383 1318 414 et
1334 370 1537 415 recitabat
1560 370 1639 414 sibi
1655 387 1783 430 ange-

132 453 198 497 lus
226 454 444 496 miseriam
473 469 570 511 quae
595 466 682 497 erat
707 455 750 496 in
773 469 906 511 regno
931 454 1130 497 Franciae.

192 602 377 646 XXXV.
408 619 427 642 «
459 604 582 652 ITEM,
608 602 757 647 eadem
781 603 981 659 Johanna
1008 619 1050 647 se
1078 605 1246 661 jactavit
1273 616 1313 647 et
1338 605 1516 648 asseruit
1552 620 1594 647 se
1621 602 1780 647 discer—

133 701 232 730 nere
257 687 362 729 scire
383 702 493 744 quos
518 686 721 730 homines
749 686 844 745 plus
868 686 1007 744 diligit
1034 687 1153 731 Deus
1176 700 1251 731 aut
1277 687 1384 731 odit.
1422 706 1438 725 n

189 768 290 813 *Ad
316 769 432 813 hunc
458 778 466 794 ¹
501 770 751 825 articulum,
792 769 859 814 die
901 772 1117 824 mercurii,
1146 785 1300 814 xxvm.
1332 772 1489 824 martii,
1525 770 1777 829 respondit:

132 870 152 893 <r
184 853 274 911 Ego
301 866 430 897 teneo
454 869 521 896 me
545 853 597 897 ad
623 853 729 898 illud
747 853 867 912 quod
888 854 988 897 alias
1013 853 1229 912 respondi,
1252 853 1305 898 de
1326 870 1421 912 rege
1443 867 1483 899 et
1504 853 1611 898 duce
1635 857 1777 898 Aure-

129 936 310 980 lianensi
338 953 384 989 »3
420 935 472 979 de
499 936 591 980 aliis
618 935 820 994 gentibus
850 936 959 980 nihil
986 938 1077 981 scit.
1113 938 1223 981 Item
1257 936 1363 980 dixit
1395 936 1513 995 quod
1544 939 1633 996 ipsa
1670 936 1778 982 bene

126 1020 206 1063 scit
231 1018 350 1077 quod
372 1020 491 1063 Deus
529 1020 623 1078 plus
650 1019 790 1079 diligit
817 1036 947 1064 suum
972 1036 1119 1078 regem
1146 1033 1186 1064 et
1217 1020 1372 1065 ducem
1414 1022 1776 1066 Aurelianensem

129 1119 258 1162 quam
290 1105 441 1161 ipsam,
478 1119 555 1160 pro
591 1103 698 1148 ediis
732 1120 966 1162 corporum
996 1120 1195 1158 suorum,
1225 1118 1268 1149 et
1295 1103 1401 1148 dixit
1435 1104 1553 1162 quod
1581 1107 1670 1164 ipsa
1697 1104 1779 1149 hoc

128 1188 207 1232 scit
228 1203 301 1244 per
327 1187 653 1232 revelationem.

189 1278 299 1320 Item
323 1278 451 1335 jovis,
481 1292 588 1321 XXII.
624 1277 841 1331 februarii,
867 1277 978 1322 dixit
1001 1277 1120 1336 quod
1150 1280 1239 1336 ipsa
1266 1277 1375 1322 bene
1403 1279 1481 1322 scit
1511 1277 1629 1336 quod
1657 1279 1777 1322 Deus

129 1360 236 1405 bene
263 1360 403 1419 diligit
439 1360 594 1405 ducem
631 1362 1022 1416 Aurelianensem3
1055 1375 1096 1406 et
1124 1363 1253 1406 etiam
1285 1361 1404 1420 quod
1444 1363 1533 1419 ipsa
1574 1361 1776 1406 habuerat

128 1444 270 1502 plures
292 1445 573 1489 revelationes
600 1444 651 1490 de
673 1447 765 1504 ipso
792 1445 917 1500 duce,
948 1462 1079 1505 quam
1102 1445 1153 1490 de
1179 1445 1360 1490 homine
1382 1446 1569 1499 vivente,
1598 1459 1776 1504 excepto

128 1544 229 1586 rego
255 1545 350 1573 suo.

184 1613 309 1666 Item,
333 1611 511 1666 sabbati,
541 1628 679 1657 xxnu.
708 1613 923 1669 februarii,
954 1616 1211 1672 interrogata
1245 1628 1393 1658 utrum
1426 1626 1571 1672 posset
1602 1626 1775 1658 tantum

127 1695 261 1740 facere
289 1712 386 1754 erga
403 1713 555 1740 vocem
583 1695 663 1740 sibi
691 1709 987 1754 apparentem,
1013 1696 1132 1754 quod
1159 1697 1287 1741 vellet
1309 1697 1389 1741 sibi
1410 1696 1585 1741 obedire
1607 1710 1648 1741 et
1674 1713 1775 1756 por—

128 1793 216 1823 tare
244 1781 453 1825 nuntium
491 1781 579 1838 regi
616 1796 732 1824 suo:
773 1779 993 1838 respondit
1030 1779 1149 1838 quod
1179 1782 1310 1824 nescit
1336 1783 1369 1824 si
1412 1781 1539 1825 vellet
1583 1780 1772 1835 obedire,

125 1864 207 1907 nisi
229 1877 338 1908 esset
364 1865 566 1908 voluntas
587 1865 668 1907 Dei
690 1877 731 1908 et
758 1863 876 1923 quod
898 1865 1016 1908 Deus
1043 1865 1333 1918 consentiret3
1361 1877 1405 1909 et
1421 1865 1454 1908 si
1477 1864 1638 1922 placeat
1660 1865 1772 1918 Deo,

127 1949 215 2006 ipse
238 1957 252 1973 ²
274 1947 381 1992 bene
405 1949 563 2006 poterit
589 1946 723 1992 facere
746 1948 922 1992 revelari
944 1949 1053 2005 regi3
1071 1960 1113 1992 et
1126 1947 1178 1992 de
1199 1949 1280 1992 hoc
1296 1950 1385 2006 ipsa
1406 1960 1514 1992 esset
1540 1947 1647 1992 bene
1664 1964 1775 1992 con-

126 2044 256 2075 tenta.
283 2032 547 2090 Interrogata
582 2048 712 2091 quare
737 2033 825 2090 ipsa
859 2048 942 2076 vox
969 2048 1058 2076 non
1084 2033 1141 2075 sic
1178 2032 1373 2090 loquitur
1396 2031 1530 2076 modo
1554 2048 1651 2075 curn
1678 2048 1774 2090 rege

124 2131 221 2169 suo,
248 2117 358 2159 sicut
384 2115 560 2160 faciebat
593 2114 769 2175 quando
796 2114 945 2160 eadem
972 2115 1173 2172 johanna
1199 2129 1288 2159 erat
1324 2117 1366 2158 in
1396 2117 1486 2173 ejus
1509 2116 1731 2173 praesentia
1762 2132 1770 2158 :

125 2198 345 2257 respondit
365 2199 485 2251 Quod
514 2202 647 2244 nescit
673 2201 707 2244 si
728 2201 782 2244 sit
799 2199 1001 2244 voluntas
1026 2200 1124 2243 Dei.

183 2285 307 2334 Item,
346 2283 524 2338 sabbati,
559 2299 666 2328 xvn.
707 2285 865 2337 martii,
907 2285 1166 2341 interrogata
1200 2296 1345 2328 utrum
1383 2285 1470 2341 ipsa
1506 2284 1610 2327 sciat
1652 2282 1770 2341 quod

177 2463 394 2516 *Respond
420 2475 427 2501 :
473 2480 488 2498 α
515 2464 560 2511 Je
585 2463 689 2501 m’en
712 2462 792 2500 tien
828 2462 874 2500 ad
902 2475 946 2500 ce
978 2475 1054 2515 que
1079 2461 1156 2514 j'en
1180 2475 1228 2514 ay
1252 2460 1458 2500 autresfois
1478 2460 1696 2513 respondu,
1720 2461 1772 2499 du

125 2543 212 2582 roy,
234 2539 272 2568 et
289 2529 339 2567 du
362 2529 438 2567 duc
463 2527 676 2567 d'Orleans
704 2544 721 2563 »
741 2542 749 2574 ;
773 2537 810 2566 et
834 2527 903 2565 des
924 2536 1055 2565 autres
1079 2540 1192 2579 gens,
1221 2526 1311 2565 n’en
1335 2527 1443 2574 scait.

177 2596 287 2639 Item,
327 2594 384 2633 dit
407 2593 552 2648 qu'elle
577 2594 674 2642 scait
695 2593 786 2632 bien
820 2606 896 2646 que
932 2592 1034 2631 Dieu
1056 2605 1172 2644 ayme
1194 2591 1344 2630 mieulx
1369 2605 1441 2630 son
1468 2605 1540 2645 roy
1563 2601 1600 2630 et
1633 2592 1668 2630 le
1696 2592 1771 2630 duc

125 2660 337 2700 d’Orleans
359 2659 517 2713 qu'elle‚
547 2672 648 2712 pour
672 2658 780 2697 l’aise
805 2658 852 2697 de
886 2658 989 2696 leurs
1014 2671 1131 2710 corps
1151 2666 1188 2705 33
1212 2666 1251 2696 et
1284 2657 1340 2696 dit
1361 2656 1506 2710 qu'elle
1531 2656 1566 2696 le
1588 2657 1685 2705 scait
1705 2671 1774 2710 par

125 2726 351 2765 revelacion
372 2733 402 2763 4.

177 2917 205 2939 1.
228 2906 259 2939 A
286 2918 295 2939 :
326 2905 529 2938 tricesimum
554 2905 721 2951 quintum.
756 2925 802 2929 —
830 2914 862 2937 2.
896 2903 926 2937 C
951 2916 960 2937 :
983 2904 1064 2950 ipsa.
1096 2924 1140 2927 —
1177 2913 1207 2947 3.
1237 2902 1268 2946 Q
1299 2915 1309 2936 .·
1331 2914 1399 2937 son.
1432 2902 1479 2937 La
1503 2903 1700 2936 correction
1726 2903 1770 2936 de

124 2965 317 3005 Quicherat
338 2979 355 2997 «
385 2976 473 3011 pour
493 2964 588 2998 l'aise
608 2965 652 2998 dc
671 2975 727 2998 son
748 2975 848 3009 corps
872 2977 889 2995 »
912 2965 1020 3009 parait
1040 2962 1186 2997 d’abord
1214 2962 1418 2997 ne'cessaire.
1454 2962 1506 2996 En
1536 2975 1560 3008 y
1587 2961 1768 2996 reflechis-

125 3033 214 3067 sant,
243 3036 291 3059 on
311 3035 409 3059 verra
427 3024 512 3070 qu’il
536 3024 635 3069 s‘agit
662 3024 708 3057 du
737 3023 898 3058 malheur
924 3033 1096 3057 commun
1126 3023 1187 3056 des
1219 3022 1310 3056 deux
1340 3022 1569 3068 prisonniers.
1589 3042 1633 3046 —
1664 3031 1697 3062 4.
1726 3021 1768 3063 U,

126 3083 188 3118 fol.
215 3084 270 3126 28,
299 3091 353 3120 νο,
513 3090 518 3091 ’
