2099 3356
1432 137 1449 151 Χ

320 217 406 261 294
607 200 765 245 PROCi-:s
796 214 854 243 DE
886 213 1241 244 CONDAMNATION
1275 214 1332 244 DE
1362 215 1527 257 JEANNE
1560 199 1688 244 D’ARC

320 316 520 370 requisitis
542 328 561 353 a
583 321 690 367 parte
711 312 917 351 reverendi
940 313 978 351 in
996 312 1154 353 Christo
1175 313 1295 366 patris
1317 321 1355 351 et
1377 313 1548 359 domini,
1563 312 1727 352 ,domini
1749 312 1866 360 Petri,
1889 312 1962 351 Dei

319 389 443 442 gratia
478 385 656 440 episcopi
682 383 947 430 Belvacensis,
983 393 1022 423 et
1053 383 1228 437 religiosi
1253 385 1342 431 viri,
1381 383 1509 422 fratris
1539 384 1733 433 Johannis
1768 383 1961 436 Magistri,

320 459 455 498 vicarii
494 457 647 496 domini
682 455 950 509 Inquisitoi·i8‚
977 454 1221 494 deliberandi
1259 469 1377 508 super
1405 456 1520 494 certis
1545 454 1720 494 articulis
1754 467 1822 508 per
1856 455 1964 507 ipsos

322 531 509 570 dominos
537 528 687 579 judices
720 526 870 565 eisdem
895 526 1096 566 advocatis
1126 527 1379 574 transmissis,
1414 535 1452 566 et
1486 539 1626 571 eorum
1660 525 1965 565 deliberationes

323 602 471 640 eisdem
508 599 683 638 dominis
720 598 932 650 judicibus,
957 597 1056 637 infra
1080 598 1184 639 diem
1206 598 1311 636 lunae
1333 599 1573 651 proximam,
1599 597 1893 636 transmittendi
1925 598 1964 635 in

324 672 492 724 sc1·ipti3,
518 679 636 723 prout
660 670 743 708 haec
765 679 803 709 et
833 669 907 708 alia
929 670 967 707 in
990 670 1162 722 quadam
1187 669 1377 708 schedula
1400 679 1409 695 ¹
1438 682 1622 722 papyrea,
1651 670 1774 721 signis
1800 682 1966 707 manua-

324 741 426 780 libus
463 740 721 779 dominorum
761 738 967 778 Guillelmi
1007 738 1140 785 Colles,
1167 738 1260 777 alias
1296 738 1586 792 Boisguillaume
1608 747 1636 783 2,
1679 752 1722 777 ac
1759 737 1966 777 Guillelmi

325 812 526 859 Manchon,
571 811 908 865 presbyterorum,
949 811 1193 849 notariorum
1230 810 1502 863 publicorum,
1539 811 1704 862 signata,
1733 809 1970 848 videbantur

325 884 543 932 contineri3
572 883 611 921 in
634 883 807 935 meique,
832 882 976 920 notarii
998 881 1162 934 publici,
1184 889 1221 920 et
1244 883 1405 921 testium
1430 881 1788 935 infrascriptorum,
1816 882 1862 920 ad
1884 881 1970 920 haec

325 963 560 994 vocatorum
601 952 825 1006 specialiter
863 962 901 992 et
925 961 1171 1005 rogatorum,
1208 954 1417 1009 praesentia
1455 952 1716 1006 personaliter
1746 952 1972 991 constitutis

326 1027 440 1065 dictis
461 1026 635 1064 dominis
657 1024 874 1071 advocatis,
901 1025 968 1077 qui
998 1025 1118 1077 parati
1141 1024 1337 1063 mandatis
1359 1025 1556 1064 dictorum
1580 1025 1839 1063 dominorum
1869 1024 1973 1076 judi-

326 1111 417 1137 cum
446 1110 518 1150 pro
539 1109 656 1150 posse
691 1108 826 1149 parere
850 1105 887 1135 et
908 1095 1086 1143 obedire,
1111 1105 1147 1135 et
1173 1096 1356 1135 nolentes
1379 1109 1518 1149 poenas
1533 1097 1628 1148 juris
1651 1097 1866 1143 incurrere,
1887 1096 1970 1144 sed,

327 1179 513 1222 tanquam
540 1169 621 1207 veri
655 1167 894 1206 obedientiae
918 1166 1006 1215 filii,
1030 1168 1208 1206 unanimi
1232 1180 1431 1206 consensu
1453 1177 1490 1206 et
1517 1181 1595 1206 una
1615 1168 1835 1215 voluntate,
1861 1166 1972 1206 nullo

329 1241 575 1293 discrepante
607 1253 725 1292 super
752 1239 982 1288 hujusmodi
1008 1239 1198 1286 articulis,
1232 1239 1353 1278 modo
1387 1248 1425 1278 et
1453 1239 1578 1278 forma
1608 1238 1770 1278 inferius
1800 1239 1970 1292 scriptis,

330 1311 646 1351 deliberaverunt
672 1311 710 1349 in
736 1311 842 1350 hunc
862 1311 1028 1349 modum
1051 1325 1059 1349 :

389 1401 406 1419 ι(
441 1382 522 1422 Sub
548 1382 719 1434 benigna
742 1382 1051 1421 reverendorum
1069 1391 1224 1434 patrum
1241 1392 1278 1421 et
1303 1382 1578 1430 dominorum,
1603 1382 1861 1421 dominorum
1882 1395 1975 1421 con-

331 1455 507 1508 judicum
530 1462 561 1502 3,
587 1463 624 1492 et
649 1455 831 1493 omnium
857 1453 1027 1492 aliorum
1054 1467 1225 1506 quorum
1258 1454 1420 1492 interest
1441 1454 1700 1500 correctione,
1731 1453 1822 1493 licet
1852 1467 1976 1506 pauca

333 1537 398 1566 aut
424 1526 531 1565 nulla
550 1527 588 1564 in
611 1535 715 1565 tanta
737 1535 899 1578 tamque
929 1526 1047 1564 ardua
1071 1526 1246 1574 materia,
1274 1526 1321 1564 de
1347 1525 1491 1579 quibus
1526 1526 1565 1563 in
1591 1525 1766 1564 articulis
1804 1539 1872 1578 per
1893 1538 1978 1563 ves-

332 1608 409 1637 tras
428 1597 725 1637 dominationes
748 1597 863 1636 nobis
888 1597 1143 1644 transmissis,
1170 1597 1300 1636 dicere
1322 1597 1526 1636 valeamus
1547 1607 1613 1636 aut
1648 1598 1686 1635 in
1719 1597 1873 1650 scriptis
1903 1606 1977 1635 tra-

333 1670 448 1718 dere,
476 1678 767 1715 verumtamen,
791 1667 862 1707 sub
894 1668 1248 1722 protestationibus
1284 1669 1322 1706 in
1356 1668 1422 1707 tali
1455 1669 1614 1707 materia
1650 1667 1731 1708 fieri
1758 1669 1976 1717 consuetis,

334 1741 448 1781 nobis
470 1740 626 1780 videtur
645 1741 683 1778 in
721 1741 884 1779 materia
905 1754 988 1779 esse
1020 1739 1233 1798 dicendum
1262 1754 1269 1778 :
1296 1752 1342 1778 ET
1374 1753 1510 1787 PRlMO,
1535 1740 1664 1794 quoad
1699 1739 1976 1788 revelationes,

334 1813 382 1852 de
407 1812 549 1866 quibus
575 1812 614 1850 in
646 1812 762 1851 dictis
780 1811 953 1851 articulis
978 1810 1019 1850 fit
1041 1812 1208 1858 mentio,
1226 1812 1349 1865 quod,
1376 1811 1467 1850 licet
1489 1811 1591 1850 dicta
1614 1811 1825 1865 [praetensa
1848 1804 1977 1865 istius]

336 1884 528 1932 mulieris,
553 1897 671 1936 super
696 1883 868 1922 articulis
890 1883 1056 1931 traditis,
1078 1883 1180 1936 apud
1199 1884 1327 1922 Deum
1352 1883 1429 1922 sint
1447 1882 1666 1936 possibilia,
1693 1883 1823 1922 eidem
1844 1893 1976 1922 tamen

335 1956 492 1994 mulieri
519 1969 599 1994 non
625 1965 683 1994 est
703 1955 963 2002 credendum,
988 1968 1079 1993 cum
1102 1955 1204 1993 dicta
1237 1969 1305 1993 sua
1337 1969 1416 1993 non
1438 1955 1612 1994 adstruat
1630 1969 1699 2008 per
1728 1955 1980 2008 operationes

337 2026 514 2066 miraculi
546 2027 606 2065 vel
636 2027 869 2065 testimonio
891 2040 1009 2065 sacrae
1032 2026 1262 2079 Scripturae.
1289 2027 1399 2072 ITEM,
1426 2026 1557 2079 quoad
1580 2026 1855 2065 dimissionem
1871 2026 1981 2065 habi-

335 2108 397 2137 tus
420 2098 597 2137 mulieris
617 2107 654 2137 et
678 2099 969 2137 recusationem
994 2098 1280 2150 resumptionis
1301 2097 1478 2149 ejusdem
1501 2098 1672 2146 habitus,
1697 2097 1855 2136 videtur
1873 2096 1980 2150 quod

336 2172 419 2222 ipsa
455 2169 547 2209 fecit
583 2170 713 2223 primo
751 2179 887 2208 contra
920 2170 1116 2208 honorem
1155 2182 1268 2208 sexus
1302 2168 1529 2217 muliebris;
1571 2170 1666 2208 item
1710 2169 1816 2222 quod
1854 2178 1983 2221 potest

337 2242 491 2280 moneri
517 2254 759 2280 reassumere
791 2241 969 2279 habitum
1003 2240 1254 2284 muliebrem,
1279 2240 1389 2288 alias,
1411 2251 1547 2279 contra
1572 2241 1698 2293 ipsam
1730 2250 1859 2293 potest
1887 2253 1981 2293 pro-

336 2313 420 2352 cedi
443 2313 489 2351 ad
527 2313 763 2352 sententiam
795 2313 1240 2359 excommunicationis,
1272 2313 1347 2350 nisi
1374 2326 1491 2364 super
1516 2313 1592 2350 hoc
1617 2313 1798 2351 habuerit
1820 2312 1981 2350 manda-

337 2395 421 2423 tum
441 2398 461 2422 a
488 2386 588 2431 Deo,
615 2384 723 2437 quod
749 2397 830 2422 uon
853 2393 909 2422 est
931 2384 1272 2436 praesumendum.
1302 2385 1414 2431 ITEM,
1436 2384 1474 2421 in
1500 2384 1574 2422 hoc
1611 2384 1718 2436 quod
1752 2383 1846 2422 dicit
1873 2382 1980 2436 quod

339 2455 550 2508 praediligit
582 2468 712 2494 carere
742 2455 1030 2494 communione
1055 2455 1303 2494 eucharistiae
1334 2455 1497 2501 Christi,
1523 2465 1702 2507 tempore
1728 2468 1808 2507 quo
1845 2453 1982 2492 fideles

339 2528 638 2565 communicare
674 2536 984 2575 consueverunt,
1022 2540 1140 2579 quam
1172 2526 1372 2565 dimittere
1406 2525 1585 2564 habitum
1611 2525 1782 2573 virilem,
1816 2527 1855 2564 in
1888 2526 1980 2574 hoc,

340 2607 456 2650 prout
481 2597 649 2645 videtur,
680 2611 863 2650 expresse
885 2597 978 2636 facit
998 2606 1135 2637 contra
1159 2611 1283 2636 sacras
1305 2597 1547 2645 sanctiones,
1573 2611 1663 2636 cum
1700 2596 1867 2650 quilibet
1888 2596 1982 2635 fide-

339 2669 386 2707 lis
411 2669 531 2707 semel
556 2670 593 2707 in
619 2683 725 2709 anno
747 2678 925 2707 teneatur
946 2670 1119 2722 recipere
1148 2669 1396 2708 eucharistiae
1417 2678 1721 2707 sacramentum.
1751 2670 1861 2716 ITEM,
1892 2669 1983 2721 quia

341 2753 420 2779 non
443 2739 526 2778 vult
547 2753 587 2779 se
612 2740 843 2779 submittere
866 2740 1015 2792 judicio
1046 2739 1234 2779 Ecclesiae
1263 2739 1486 2787 militantiS,
1509 2739 1664 2778 videtur
1686 2740 1821 2778 venire
1849 2748 1984 2778 contra

341 2811 553 2850 articulum
592 2811 683 2850 fidei
729 2813 851 2850 Unam
892 2816 1070 2859 sanctam,
1107 2822 1186 2850 etc.
1214 2822 1245 2858 4,
1286 2824 1328 2849 ac
1367 2811 1463 2863 juris
1497 2809 1885 2849 determinationem.
1929 2811 1984 2848 ET

394 3046 423 3071 1.
445 3037 509 3071 AB
527 3049 536 3070 .·
553 3037 677 3072 scedula
691 3037 843 3074 medula.
866 3057 913 3063 -—
934 3048 965 3072 2.
986 3037 1052 3072 AC
1081 3050 1091 3072 .·
1121 3037 1398 3083 Boscguzllaume.
1419 3057 1463 3062 -
1493 3047 1522 3082 3.
1547 3037 1576 3072 C
1591 3049 1602 3071 :
1616 3037 1781 3083 judicum.
1802 3057 1849 3062 ——
1864 3046 1898 3080 4.
1915 3036 1982 3071 AC

344 3104 516 3130 oruettent
531 3102 586 3130 elc.
