2099 3356
435 188 594 231 pnoci'zs
629 203 684 232 DE
717 203 1067 236 CONDAMNATION
1103 207 1156 235 DE
1194 207 1360 249 JEANNE
1394 194 1522 238 D’ARC
1720 199 1800 253 389

152 314 257 343 nem
279 301 429 358 posita.
462 302 545 344 Pro
579 303 669 359 ejus
698 318 876 361 quoque
903 303 1076 348 salutari
1104 305 1404 351 admonitione
1431 321 1472 351 et
1497 309 1645 366 populi
1671 308 1801 353 redifi-

152 384 337 437 catione,
382 383 462 428 fuit
503 384 610 429 facta
634 394 644 411 ¹
690 386 897 430 solemnis
935 387 1181 446 praedicatio
1218 405 1290 447 per
1326 391 1536 435 eximium
1571 391 1800 450 theologiae

153 465 394 520 doctorem,
432 469 689 526 magistrum
716 471 946 515 Nicolaum
969 472 1084 516 Midz·
1108 490 1118 525 ;
1154 474 1228 530 qui
1259 475 1302 516 in
1335 475 1544 532 principio
1569 478 1799 534 assumpsit

151 549 337 594 verbum
365 551 581 608 Apostoli,
619 554 754 610 prima
787 552 837 596 ad
878 554 1148 608 Corinthios,
1190 565 1269 598 Χιιο
1306 557 1509 614 capitulo,
1548 559 1791 616 scriptum:

155 649 174 672 «
205 631 247 674 Si
272 631 376 690 quid
411 632 568 690 patitur
597 648 737 676 unum
768 633 1029 684 membrum,
1060 637 1388 693 compatiuntur
1417 637 1495 680 alia
1532 638 1738 682 membra.
1772 658 1791 681 »

210 715 348 759 Finita
369 731 468 759 vero
496 715 810 774 praedicatione‚
839 733 1006 761 rursum
1037 719 1171 776 ipsam
1196 719 1440 775 Johannam
1471 724 1726 766 monuimus
1749 737 1798 767 ut

149 798 275 841 saluti
297 800 454 842 animae
480 815 568 842 suae
593 800 834 844 consuleret
859 814 899 844 et
923 801 1162 845 intenderet
1190 802 1241 846 de
1267 802 1496 847 malefactis
1522 807 1624 858 suis,
1651 808 1793 864 poeni-

148 881 282 925 tendo
304 894 343 925 et
366 897 510 926 veram
529 884 837 926 contritionem
856 884 1117 929 assumendo
1135 903 1144 939 3
1173 887 1394 945 ipsamque
1414 887 1626 932 exhortati
1645 906 1796 933 sumus

149 976 198 1008 ut
220 964 407 1009 crederet
422 965 604 1009 consilio
628 966 887 1011 clericorum
903 980 943 1011 et
966 967 1224 1012 notabilium
1240 971 1451 1022 virorum,
1466 973 1647 1029 quieam
1672 972 1796 1016 doce-

149 1047 252 1092 bant
279 1061 319 1093 et
346 1048 616 1093 instruebant
643 1049 694 1093 de
725 1051 1041 1108 pertinentibus
1068 1051 1118 1096 ad
1140 1053 1337 1107 salutem,
1367 1066 1409 1097 et
1441 1055 1676 1112 specialiter
1695 1072 1796 1101 con-

148 1133 244 1177 silio
273 1131 463 1177 duorum
497 1133 809 1177 venerabilium
842 1135 1037 1179 Fratrum
1066 1135 1402 1180 Praedicatorum
1437 1139 1552 1195 juxta
1575 1154 1670 1182 eam
1692 1152 1794 1184 tunc

150 1218 468 1271 exsistentium,
529 1233 640 1276 quos
685 1217 825 1262 eidem
880 1218 1291 1270 administravimus,
1339 1234 1385 1265 ut
1437 1238 1531 1266 eam
1589 1225 1794 1268 continue

150 1303 428 1354 instruerent,
462 1314 504 1345 et
541 1301 621 1344 sibi
667 1301 870 1346 salutares
916 1301 1237 1348 admonitiones
1273 1318 1314 1348 et
1358 1304 1571 1350 salutifera
1618 1308 1794 1351 consilia

152 1384 304 1429 sedulo
331 1385 648 1444 impenderent.
676 1385 851 1439 Quibus
884 1388 940 1429 sic
961 1388 1154 1444 peractis,
1180 1404 1273 1439 nos,
1298 1390 1522 1447 episcopus
1549 1402 1591 1433 et
1615 1392 1794 1435 vicarius

146 1469 355 1527 praedicti,
387 1469 534 1513 habito
572 1482 765 1528 respectu
803 1469 853 1513 ad
892 1471 1123 1528 praemissa‚
1163 1487 1233 1529 per
1260 1488 1358 1530 quae
1385 1485 1550 1516 constat
1573 1474 1790 1531 praefatam

145 1553 376 1597 mulierem
403 1569 425 1596 a
451 1555 538 1597 suis
572 1545 788 1597 erroribu‘s
816 1553 1118 1613 obstinataque
1147 1557 1387 1599 temeritate
1417 1568 1458 1599 et
1489 1556 1682 1601 nefandis
1715 1559 1792 1602 cri-

145 1637 336 1682 minibus
357 1654 573 1697 nusquam
596 1639 801 1682 veraciter
825 1639 1038 1682 recessisse
1057 1656 1067 1692 3
1087 1640 1192 1696 quin
1215 1640 1304 1682 imo
1322 1639 1578 1684 diabolicam
1605 1640 1790 1685 obstina-

143 1723 276 1766 tionis
300 1737 388 1766 suae
417 1721 642 1776 malitiam,
674 1723 718 1765 in
745 1721 879 1766 fallaci
904 1723 1192 1773 contritionis,
1220 1725 1490 1781 poenitentiae
1517 1740 1562 1768 ac
1589 1724 1789 1769 emenda-

144 1807 274 1850 tionis
294 1805 561 1850 calumniosa
585 1814 598 1831 ²
626 1806 922 1860 simulatione,
952 1822 1051 1850 cum
1073 1807 1204 1850 sancti
1229 1805 1365 1850 divini
1384 1809 1575 1852 nominis
1600 1810 1788 1866 perjurio

142 1906 188 1933 ac
216 1888 442 1933 ineffabilis
471 1905 560 1933 suae
596 1891 824 1947 majestatis
855 1889 1135 1947 blasphemia,
1176 1891 1469 1949 multipliciter
1501 1890 1787 1936 damnabilio-

142 1990 234 2018 rem
282 1972 542 2027 ostendisse3
577 1986 705 2031 atque
736 1989 810 2031 per
848 1973 937 2017 haec
973 1987 1020 2017 ut
1058 1973 1333 2028 obstinatam,
1375 1974 1705 2032 incorrigibilem
1747 1990 1787 2020 et

143 2058 402 2110 haereticam,
421 2073 466 2101 ac
488 2059 531 2100 in
553 2057 749 2101 haeresim
767 2057 989 2115 relapsam,
1014 2059 1136 2101 omni
1153 2060 1285 2115 gratia
1309 2070 1350 2101 et
1378 2060 1692 2102 communione
1713 2075 1788 2117 per

140 2158 219 2186 nos
249 2142 292 2184 in
330 2143 461 2199 priori
501 2142 715 2186 sententia
750 2141 1080 2185 misericorditer
1114 2140 1283 2194 oblatis,
1319 2142 1490 2200 penitus
1530 2141 1779 2199 indignamg

134 2325 176 2363 de
196 2324 434 2377 Longavilla,
459 2327 566 2363 Petro
586 2324 783 2371 Mauricii,
804 2323 953 2364 Rolwrto
977 2324 1144 2371 Gilbert,
1162 2323 1293 2362 decano
1319 2323 1487 2377 cappella·
1509 2323 1651 2362 domini
1668 2325 1785 2363 nostri

136 2397 244 2449 regis,
281 2396 418 2435 leoma
449 2395 491 2435 de
524 2396 739 2436 Colere-tellis.
779 2396 867 2435 Fuit
902 2396 994 2435 dicta
1018 2396 1189 2445 johanna.
1225 2396 1333 2434 citata
1376 2396 1424 2434 ιιιῖ
1463 2395 1569 2434 illam
1603 2397 1697 2434 diem
1735 2397 1783 2435 ad

137 2468 364 2507 alm'iendum
374 2468 451 2521 jus.
475 2469 547 2507 Per
569 2468 744 2507 decanum
758 2468 838 2521 suit
858 2468 967 2506 eliam
992 2467 1163 2506 adducat.

192 2539 374 2593 Magister
393 2539 572 2580 Nicolaus
591 2540 707 2587 Midi,
726 2539 960 2593 pra‘dicalor‚
988 2539 1116 2592 inrepit
1136 2538 1445 2593 proedicalionem,
1472 2544 1502 2577 el
1522 2538 1602 2591 suit
1625 2539 1744 2578 thema
1768 2553 1779 2580 .·

139 2630 155 2645 «
175 2612 219 2651 Si
240 2611 331 2665 quid
343 2611 492 2666 patitur
519 2625 635 2650 unum
665 2610 888 2659 membrum,
917 2611 1194 2664 rompaliunlnr
1219 2609 1294 2648 alia
1319 2609 1480 2648 membra
1506 2627 1542 2656 2),
1570 2609 1617 2648 ad
1646 2611 1782 2650 Corin-

138 2683 243 2731 thios,
265 2683 474 2722 duodecimo
497 2683 670 2737 capitulo.

189 2756 238 2793 Et
259 2754 401 2803 deinde,
425 2754 501 2808 ipsa
528 2754 745 2808 praemonila
774 2753 869 2806 quod
890 2759 957 2806 pro
983 2752 1101 2791 salide
1133 2752 1268 2790 animae
1297 2765 1369 2790 sua‘
1400 2752 1555 2791 crederet
1585 2752 1723 2790 clericis
1755 2758 1785 2791 el

136 2825 359 2864 notabilibus
378 2825 536 2864 dominis
558 2825 623 2879 qui
641 2839 720 2863 eam
741 2824 903 2863 docerent
922 2829 953 2862 et
972 2823 1194 2862 instruerent
1215 2830 1280 2877 pro
1300 2823 1417 2862 salute
1438 2823 1514 2875 ejus
1533 2823 1684 2871 (mimae,
1703 2823 1785 2876 suit

132 2897 309 2936 sententia
325 2897 516 2951 definitiva
538 2897 612 2935 lasa
632 2903 699 2950 per
715 2909 896 2948 organum
920 2895 1060 2933 domini
1077 2894 1298 2933 Bel-vasensis
1320 2901 1347 2933 3.

191 3112 218 3135 1.
242 3101 276 3145 <Q
295 3101 512 3146 ometsacta.
527 3121 571 3124 —
595 3110 625 3133 2.
648 3100 677 3133 A
704 3112 713 3132 .·
732 3099 983 3145 calumpniosa:
1009 3099 1035 3131 B
1054 3098 1267 3143 :calumpnia
1284 3098 1376 3141 (sic).
1396 3118 1441 3121 —
1468 3108 1495 3141 3.
1520 3097 1558 3137 U,
1577 3097 1639 3131 sol.
1665 3107 1718 3141 34,
1735 3107 1780 3132 το.
