2099 3356
321 190 403 232 370
582 173 741 219 PRocizs
785 186 841 216 DE
882 184 1233 216 CONDAMNATION
1267 185 1324 214 DE
1353 185 1517 227 JEANNE
1551 170 1680 214 D'ARC

314 287 551 336 doctrinis
572 284 742 334 fideles
763 283 950 338 ,Christi
976 283 1213 332 abducere
1236 294 1452 347 possent,
1479 283 1573 330 nisi
1605 271 1953 331 sancta'mater
2010 327 2021 335 ,

314 377 540 432 Ecclesia,
570 390 700 423 sanae
727 373 962 421 doctrinae
999 385 1045 420 et
1070 375 1386 420 sanctionum
1413 373 1763 420 canonicarum
1795 373 1954 436 praesi-

314 467 423 524 diis,
454 480 626 513 eorum
649 463 1028 510 adinventiones
1051 479 1277 510 erroneas
1300 462 1603 526 diligentiori
1623 477 1770 525 opera
1792 461 1949 524 depel-

317 556 411 603 lere
442 554 670 602 studeret.
702 553 828 601 Cum
863 554 1027 616 itaque
1055 569 1219 600 coram
1252 552 1411 609 nobis,
1436 553 1606 615 Petro,
1640 551 1953 598 miseratione

316 645 481 692 divina
507 643 787 690 Belvacensi
816 643 1065 705 episcopo,
1097 655 1143 689 et
1170 642 1547 702 fratreJohanne
1567 643 1802 706 Magistri,
1834 642 1956 688 vica·
1988 632 1991 636 ¹

317 735 388 780 rio
427 735 475 779 in
513 732 599 779 hac
647 733 840 779 civitate
882 743 927 778 et
974 730 1172 778 dioecesi
1217 731 1426 794 praeclari
1475 731 1690 779 doctoris
1737 731 1954 796 magistri

313 822 556 883 Johannis
580 822 837 877 Grclverenl,
864 821 1175 884 Inquisitoris
1192 820 1429 868 haereticae
1450 822 1696 885 pravitatis
1725 821 1776 868 in
1804 836 1954 885 regno

318 913 543 967 Franciae,
575 923 619 958 et
656 927 737 975 per
768 910 1001 958 eumdem
1033 910 1090 958 ad
1125 927 1324 958 causam
1362 921 1651 975 praesentem
1687 909 1958 974 specialiter

317 1001 566 1065 deputato,
596 1000 845 1066 judicibus
867 999 1266 1068 competentibus
1289 1001 1339 1047 in
1354 1000 1441 1047 hac
1459 1011 1604 1064 parte,
1625 1011 1696 1057 tu,
1712 999 1955 1061 Johanna,

317 1090 580 1154 vulgariter
619 1089 744 1137 dicta
773 1090 815 1137 Ia
842 1089 1029 1147 Pacem,
1060 1106 1206 1154 super
1243 1089 1626 1153 quamplurimis
1671 1089 1958 1152 perniciosis

320 1180 612 1228 criminibus
640 1179 796 1227 delata
827 1179 976 1227 fueris
1004 1190 1050 1226 et
1078 1180 1127 1226 in
1161 1179 1402 1242 judicium
1429 1179 1543 1227 fidei
1572 1190 1768 1227 evocata
1793 1196 1803 1235 ·‚
1842 1178 1957 1227 hinc

320 1281 392 1318 est
417 1268 568 1333 quod,
596 1270 714 1317 visis
742 1279 787 1316 et
818 1268 1077 1332 diligenter
1122 1269 1354 1332 inspectis
1379 1269 1498 1316 serie
1527 1270 1599 1316 tui
1626 1284 1882 1332 processus
1913 1278 1959 1315 et

320 1359 555 1407 omnibus
585 1360 634 1406 in
657 1358 832 1406 eodem
855 1360 1049 1421 agitatis
1066 1359 1306 1421 praecipue
1328 1358 1752 1421 responsionibus,
1775 1358 1960 1406 confes—

320 1448 547 1496 sionibus
575 1459 620 1496 et
643 1448 996 1496 assertionibus
1029 1464 1110 1510 per
1134 1458 1179 1495 te
1201 1447 1340 1504 datis,
1395 1458 1676 1510 attentaque
1700 1447 1958 1510 percelebri

320 1538 668 1585 deliberatione
688 1538 1033 1600 magistrorum
1051 1536 1358 1584 Facultatum
1389 1536 1651 1599 theologiae
1679 1548 1724 1583 et
1751 1536 1962 1584 decreto--

325 1644 431 1674 rum
460 1629 507 1673 in
541 1627 866 1675 Universitate
904 1628 1179 1677 Parisiensi,
1222 1628 1324 1673 imo
1353 1628 1498 1673 etiam
1527 1638 1571 1673 et
1616 1627 1771 1690 ipsius
1805 1627 1960 1673 totius

321 1717 664 1764 Universitatis
699 1716 1011 1778 aliorumque
1041 1717 1242 1779 insuper
1272 1715 1598 1778 praelatorum,
1621 1715 1881 1763 doctorum
1914 1727 1960 1762 et

323 1807 720 1869 peritorum,tam
750 1807 797 1852 in
828 1822 957 1852 sacra
982 1807 1157 1869 pagina
1180 1822 1329 1869 quam
1363 1807 1411 1852 in
1435 1805 1625 1869 juribus
1648 1807 1886 1853 canonico
1915 1810 1963 1856 et

324 1895 469 1951 civili,
507 1897 554 1942 in
585 1895 672 1942 hac
700 1895 815 1943 urbe
848 1894 1236 1958 Rothomagensi
1277 1896 1618 1942 exsistentium
1649 1906 1694 1942 ct
1730 1892 1861 1953 alibi,
1910 1896 1958 1942 in

324 1984 645 2032 multitudine
663 1986 877 2047 copiosa,
902 2001 1047 2047 super
1068 1983 1521 2047 qualificationibus
1535 1995 1580 2031 et
1600 1984 1962 2032 determinatio·

326 2073 471 2120 nibus
509 2085 705 2120 tuarum
737 2075 1083 2125 assertionum,
1140 2072 1386 2120 dictorum
1413 2085 1466 2135 *et
1504 2074 1779 2130 factorum;
1826 2073 1961 2121 habi-

321 2164 481 2226 tisque
514 2163 724 2211 consilio
761 2175 807 2210 et
840 2175 1029 2211 matura
1060 2160 1409 2210 deliberatione
1441 2180 1555 2210 cum
1592 2164 1812 2226 practicis
1847 2163 1958 2210 fidei

323 2251 598 2300 christiana:
620 2252 934 2308 zelatoribus,
965 2253 1285 2300 consideratis
1302 2253 1448 2300 etiam
1477 2264 1523 2300 et
1543 2254 1742 2300 attentis
1762 2270 1844 2316 per
1870 2270 1960 2300 nos

323 2343 445 2389 circa
467 2341 568 2390 haec
597 2343 770 2390 merito
799 2341 1109 2390 attendendis
1127 2353 1172 2389 et
1191 2341 1577 2398 considerandis,
1596 2359 1647 2389 ac
1670 2358 1779 2405 quae
1809 2359 1899 2390 nos
1915 2353 1961 2390 et

325 2432 597 2494 quemlibet
616 2443 738 2479 recte
756 2431 1058 2495 judicantem
1085 2448 1283 2479 monere
1302 2442 1569 2494 potuerunt
1596 2431 1958 2479 etdebuerunt:

326 2520 446 2576 Nos,
478 2521 733 2569 Christum
762 2532 807 2568 et
830 2520 1072 2568 honorem
1105 2521 1218 2568 fidei
1245 2520 1531 2569 orthodoxa]
1560 2537 1654 2584 prae
1688 2521 1846 2568 oculis
1878 2521 1961 2568 ha-

328 2608 510 2665 bentes,
529 2622 582 2657 ut
610 2610 668 2657 de
696 2610 837 2658 vultu
863 2611 1067 2657 Domini
1097 2610 1338 2673 judicium
1371 2622 1597 2658 nostrum
1617 2611 1828 2674 prodeat,
1852 2610 1963 2658 dici-

327 2714 439 2746 mus
470 2711 515 2747 et
550 2699 859 2747 decernimus
892 2705 899 2721 ¹
946 2710 989 2746 te
1018 2700 1300 2761 gravissime
1338 2698 1604 2762 deliquisse
1641 2699 1960 2747 revelationes

325 2797 371 2834 et
417 2790 744 2851 apparitiones
781 2788 972 2836 divinas
1022 2788 1258 2836 mendose
1283 2788 1633 2851 confingendo,
1666 2788 1789 2835 alios
1823 2788 1962 2835 sedu-

326 2875 496 2932 cendo,
526 2875 693 2925 leviter
725 2888 770 2925 et
792 2888 972 2926 temere
1008 2876 1265 2932 credend0‚
1297 2878 1635 2941 superstitiose
1674 2877 1959 2935 divinando,

380 3075 408 3097 x.
432 3065 466 3108 Q
490 3077 498 3097 :
520 3065 731 3099 decr-evium&
