2099 3356
325 165 380 220 48
605 161 761 204 Pitoc'sss
795 175 851 203 DE
884 173 1236 204 CONDAMNATioN
1272 174 1326 203 DE
1358 174 1524 215 JEANNE
1557 160 1685 203 D'·A1³c

324 275 407 329 bat,
438 273 617 318 habebat
642 275 786 318 visum
808 286 848 317 et
877 273 1039 318 oculos.
1071 272 1335 331 Respondit:
1369 289 1388 312 «
1413 273 1503 316 Vos
1528 288 1617 316 non
1646 272 1727 316 hoc
1755 271 1964 316 habebitis

322 358 461 402 adhuc
490 368 516 401 ¹.
543 375 562 398 »
589 358 639 401 Et
680 357 787 401 dixit
821 356 938 412 quod
979 355 1143 400 dictum
1186 372 1415 413 parvorum
1456 371 1692 413 puerorum
1741 368 1803 399 est
1844 355 1960 414 quod

326 458 344 481 «
367 441 598 500 aliquando
623 441 822 504 homines
843 439 949 484 bene
975 448 987 464 ²
1023 439 1345 497 suspenduntur
1371 455 1446 497 pro
1467 438 1651 483 dicendo
1675 440 1910 483 veritatem.
1941 457 1958 476 υ

379 526 641 582 Interrogata
661 540 714 567 an
742 524 845 567 sciat
866 521 984 581 quod
1016 524 1104 580 ipsa
1127 523 1180 565 sit
1207 523 1249 565 in
1277 523 1410 579 gratia
1437 522 1517 565 Dei
1543 539 1551 565 :
1579 520 1796 577 respondit
1819 534 1826 560 t
1868 538 1887 561 «
1917 522 1959 564 Si

319 624 398 665 ego
424 624 512 652 non
535 609 632 659 sim,
661 607 778 650 Deus
806 619 937 664 ponat
962 622 1053 659 me3
1083 618 1123 649 et
1146 607 1179 649 si
1196 621 1275 663 ego
1295 606 1394 659 sim,
1414 606 1532 649 Deus
1553 621 1622 649 me
1644 617 1785 649 teneat
1804 606 1847 648 in
1873 605 1956 648 illa.

318 692 408 749 Ego
430 706 565 734 essem
593 691 728 748 magis
747 689 898 734 dolens
919 688 969 733 de
990 701 1082 733 toto
1108 688 1292 742 mundo,
1321 689 1353 731 si
1379 704 1458 746 ego
1480 689 1630 732 scirem
1659 704 1728 732 me
1757 704 1853 735 non
1871 703 1959 732 esse

320 777 361 819 in
389 777 520 833 gratia
548 776 644 819 Dei.
676 792 696 815 »
727 775 846 818 Dixit
873 774 998 827 ultra,
1023 774 1057 817 si
1083 786 1189 817 esset
1225 775 1268 816 in
1311 786 1496 830 peccato,
1546 771 1677 817 credit
1713 772 1831 831 quod
1874 789 1958 816 vox

324 876 410 903 non
441 861 605 903 veniret
628 858 678 902 ad
706 875 825 912 eam3
849 870 889 902 et
917 857 1044 901 vellet
1079 856 1196 914 quod
1219 855 1400 915 quilibet
1424 856 1678 914 intelligeret
1703 871 1822 914 aeque
1851 855 1958 899 bene

322 944 432 986 sicut
462 944 563 1001 ipsa.
592 943 715 996 Item,
745 941 850 985 dixit
871 940 986 999 quod
1010 942 1096 999 ipsa
1129 952 1245 983 tenet
1268 940 1385 998 quod
1414 952 1499 983 erat
1532 941 1572 982 in
1602 951 1721 983 aetate
1755 937 1957 982 tredecim

320 1042 553 1079 annorum,
579 1026 644 1069 vel
670 1027 848 1069 circiter.
881 1024 1054 1083 quando
1076 1025 1213 1082 prima
1234 1039 1316 1066 vox
1344 1024 1461 1066 venit
1484 1022 1533 1066 ad
1562 1039 1671 1066 eam.

379 1111 638 1167 Interrogata
665 1122 831 1161 utrum,
859 1110 900 1151 in
930 1124 1003 1151 sua
1032 1116 1041 1140 ³
1067 1109 1307 1165 juventute,
1335 1105 1419 1150 ibat
1446 1107 1672 1164 spatiatum
1708 1105 1758 1149 ad
1781 1121 1955 1164 campos

317 1209 418 1237 cum
453 1193 544 1237 aliis
567 1193 826 1250 juvenculis:
849 1191 1068 1249 respondit
1085 1189 1201 1249 quod
1219 1189 1325 1233 bene
1351 1191 1426 1234 ivit
1450 1189 1697 1248 aliquando,
1728 1188 1800 1232 sed
1821 1190 1954 1232 nescit

319 1278 359 1319 in
383 1293 465 1334 qua
484 1289 620 1320 aetate.

377 1361 635 1418 Interrogata
654 1373 800 1403 utrum
818 1359 877 1402 illi
891 1358 941 1402 de
957 1360 1188 1417 Dompremi
1207 1371 1401 1402 tenerent
1419 1370 1579 1415 partem
1598 1355 1953 1413 Burgundorum,

318 1443 384 1486 vel
415 1457 575 1501 partem
605 1442 823 1486 adversam
848 1460 855 1485 :
881 1442 1099 1500 respondit
1121 1441 1237 1499 quod
1262 1440 1473 1485 nesciebat
1502 1439 1558 1483 ibi
1588 1441 1667 1483 nisi
1696 1455 1836 1483 unum
1855 1440 1955 1482 Bur-

321 1527 535 1586 gundum,
571 1543 701 1585 quem
734 1527 937 1570 voluisset
977 1525 1172 1569 habuisse
1206 1539 1330 1583 caput
1353 1524 1586 1577 abscisum3
1626 1536 1786 1576 tamen,
1818 1523 1850 1566 si
1876 1523 1956 1566 hoc

321 1611 542 1668 placuisset
577 1611 688 1654 Deo.

380 1695 637 1752 Interrogata
658 1695 694 1736 si
719 1692 830 1751 apud
854 1693 998 1736 villam
1028 1691 1078 1736 de
1098 1694 1260 1749 Marce)
1279 1704 1398 1735 erant
1432 1689 1669 1748 Buiguiidi,
1710 1689 1776 1733 vel
1804 1689 1955 1733 adver-

317 1779 411 1822 sarii
441 1776 778 1834 Burgundorum
800 1794 806 1819 :
835 1775 1052 1833 respondit
1071 1775 1189 1833 quod
1215 1788 1333 1819 erant
1352 1773 1588 1831 Burgundi.

376 1863 638 1918 Interrogata
668 1877 720 1904 an
756 1876 838 1904 vox
879 1859 1031 1903 dixerit
1071 1860 1125 1910 ei,
1165 1858 1267 1902 dum
1305 1859 1473 1915 juvenis
1515 1870 1637 1909 esset,
1668 1855 1784 1914 quod
1813 1855 1949 1900 odiret

316 1944 594 2003 Burgundos:
623 1943 842 2007 respondit
871 1942 1004 2001 quod,
1035 1932 1265 2000 postquam
1291 1940 1497 1984 intellexit
1515 1940 1604 1983 illas
1629 1955 1754 1983 voces
1769 1954 1856 1983 esse
1876 1953 1952 1997 pro

314 2044 409 2086 rege
438 2030 635 2081 Francke,
664 2031 748 2086 ipsa
778 2043 864 2070 non
894 2026 1042 2070 dilexit
1080 2024 1350 2083 Burgundos.
1392 2025 1516 2074 Item,
1557 2022 1662 2066 dixit
1701 2021 1818 2081 quod
1851 2024 1951 2065 Bur-

309 2112 442 2169 gundi
464 2111 681 2155 habebunt
702 2126 914 2168 guerram,
939 2111 1018 2153 nisi
1044 2108 1197 2152 faciant
1220 2108 1337 2166 quod
1361 2106 1539 2160 debent3
1558 2120 1600 2149 et
1640 2105 1720 2149 hoc
1766 2107 1841 2148 scit
1882 2120 1955 2163 per

315 2194 560 2253 praedictam
583 2210 747 2238 vocem.

371 2280 628 2336 Interrogata
653 2294 720 2330 an,
746 2278 789 2319 in
814 2292 889 2320 sua
917 2276 1091 2332 juvenili
1119 2288 1255 2328 aetate,
1283 2274 1429 2318 habuit
1459 2273 1764 2317 revelationem
1793 2288 1815 2315 a
1840 2287 1944 2314 voce

314 2362 432 2421 quod
460 2361 628 2419 Anglici
659 2359 870 2404 debebant
902 2360 1046 2402 venire
1073 2357 1123 2402 ad
1155 2359 1373 2401 Franciam
1400 2374 1407 2399 :
1446 2355 1664 2414 respondit
1701 2354 1816 2413 quod
1868 2355 1950 2410 jam

315 2446 484 2504 Anglici
510 2458 629 2489 erant
651 2446 691 2487 in
719 2444 905 2496 Francia,
936 2441 1109 2501 quando
1136 2457 1262 2485 voces
1295 2442 1547 2499 inceperunt
1573 2440 1729 2491 venire,
1753 2437 1804 2481 ad
1838 2453 1948 2481 eam.

375 2531 635 2586 Interrogata
659 2529 692 2570 si
718 2542 909 2584 unquam
931 2525 1010 2569 fuit
1034 2541 1133 2568 cum
1159 2525 1296 2582 parvis
1320 2524 1475 2581 pueris,
1501 2524 1575 2581 qui
1599 2521 1844 2580 pugnabant
1875 2536 1951 2578 pro

314 2626 428 2671 parte
454 2613 522 2655 illa
558 2627 687 2670 quam
723 2623 866 2654 tenet:
914 2608 1133 2666 respondit
1167 2606 1285 2665 quod
1313 2623 1418 2660 non,
1441 2606 1555 2650 unde
1591 2605 1741 2649 habeat
1779 2620 1950 2648 memo-

313 2698 418 2739 riam
441 2713 450 2749 3
474 2694 544 2738 sed
573 2694 680 2738 bene
707 2693 815 2736 vidit
835 2690 952 2750 quod
980 2690 1157 2750 quidam
1183 2690 1357 2734 illorum
1391 2689 1442 2733 de
1487 2689 1585 2732 villa
1614 2687 1665 2732 de
1703 2688 1948 2746 Dompremi‚

311 2781 387 2837 qui
409 2791 702 2837 pugnaverant
729 2790 875 2819 contra
902 2775 997 2818 illos
1024 2774 1075 2818 de
1103 2776 1280 2832 Marce),
1314 2772 1412 2816 inde
1455 2770 1687 2830 aliquando
1721 2769 1947 2814 veniebant

314 2862 422 2907 bene
444 2863 529 2906 laesi
558 2874 597 2905 et
619 2861 842 2904 cruentati.

370 3076 396 3098 1.
420 3063 475 3098 Cf.
501 3065 574 3097 Art.
597 3062 670 3096 LX.
696 3082 735 3086 —
761 3071 791 3094 2.
822 3061 848 3093 B
871 3068 903 3094 et
923 3060 956 3103 Q
976 3068 1148 3093 ontettent
1181 3059 1265 3093 bene.
1305 3078 1344 3083 —
1377 3069 1406 3103 3.
1435 3058 1468 3101 Q
1493 3066 1590 3092 omer
1615 3069 1686 3090 sem.
1710 3072 1721 3086 κ
