2099 3356
351 227 354 229 Α
382 196 432 239 18
657 195 811 240 PRocizs
845 211 901 239 DE
935 209 1285 240 conoAMNATION
1320 210 1375 240 DE
1406 209 1572 253 JaANNE
1605 195 1734 242 D’ARC

374 321 463 348 rum
496 308 536 347 in
578 309 651 348 hac
685 309 842 348 civitate
879 309 1212 363 Rothomagensi,
1235 308 1456 362 (territorio
1494 310 1780 362 jurisdictionis
1804 310 2019 364 spiritualis

377 381 731 434 Rothomagensis,
758 394 830 434 pro
862 382 948 434 ipsa
972 381 1135 420 materia
1170 381 1370 420 tractanda
1405 390 1443 420 et
1482 381 1714 430 decidenda,
1756 382 1866 435 prius
1902 382 2021 422 nobis

372 452 711 505 accommodato),
732 451 1016 492 deliberatione
1038 462 1075 492 et
1103 452 1288 501 consilio,
1316 453 1537 506 reperimus
1562 453 1830 492 necessarium
1860 462 1899 492 et
1925 467 2019 493 con-

372 525 537 563 veniens
547 536 631 563 esse
643 523 787 563 habere
797 533 1071 577 promotorem
1081 537 1150 563 seu
1161 533 1460 577 procuratorem
1472 524 1698 577 generalem
1712 535 1720 551 ¹
1742 523 1864 564 officii
1877 526 2017 573 nostri,

375 596 413 634 in
427 608 543 634 causa
552 609 619 634 seu
632 596 796 635 materia
805 596 1051 648 hujusmodi,
1063 595 1312 635 consiliarios
1325 605 1363 634 et
1371 596 1548 634 notarios
1557 608 1626 634 seu
1639 595 1800 644 scribas,
1811 609 1855 635 ac
1876 597 1995 636 etiam
2005 606 2020 624 ²

374 676 648 706 exsecutorem
670 667 950 707 mandatorum
973 677 1010 707 et
1031 669 1371 707 convocationum
1392 668 1431 706 in
1454 668 1537 720 ipsa
1563 673 1574 698 3
1599 668 1762 706 materia
1779 667 2015 708 fiendarum.

373 739 527 777 Notum
541 739 660 792 igitur
672 738 840 778 facimus
854 739 961 792 quod
976 753 1064 787 nos,
1079 739 1406 778 deliberationem
1429 748 1491 777 et4
1503 737 1718 777 consilium
1730 738 1963 791 hujusmodi
1975 753 2017 778 ac

372 810 566 849 terminos
586 811 682 862 juris
707 811 863 863 insequi
885 809 1080 856 volentes,
1104 823 1148 849 ac
1170 810 1217 849 de
1236 810 1441 857 fidelitate,
1471 810 1680 862 probitate,
1708 810 1916 858 industria,
1938 809 2015 849 suf-

374 880 546 920 ficientia
567 890 604 920 et
623 881 838 920 idoneitate
864 895 1044 934 personae
1067 881 1303 921 venerabilis
1328 882 1401 920 viri
1432 882 1585 920 domini
1608 882 1800 930 Johannis
1831 881 1879 920 de
1914 882 2019 921 Esti—

372 962 463 991 veto
485 960 512 1000 5,
539 952 773 1006 presbyteri,
795 952 1052 992 ecclesiarum
1072 954 1300 992 Baiocensis
1315 962 1352 992 et
1370 953 1619 992 Belvacensis
1637 953 1837 999 canonici,
1858 952 2015 1005 plenam

372 1024 412 1062 in
434 1024 611 1063 Domino
637 1023 824 1063 fiduciam
845 1034 1027 1078 gerentes
1046 1035 1083 1064 et
1104 1024 1234 1064 debite
1251 1024 1470 1071 informati,
1491 1025 1621 1078 ipsum
1637 1024 1848 1063 dominum
1869 1025 2016 1073 Johan-

372 1108 464 1133 nem
496 1095 680 1144 fecimus,
719 1096 1020 1144 constituimus,
1051 1097 1288 1143 creavimus,
1326 1097 1641 1143 nominavimus,
1675 1095 1946 1134 ordinavimus
1980 1105 2018 1135 et

369 1166 650 1219 deputavimus
668 1182 677 1216 ;
706 1167 871 1206 facimus
891 1168 921 1215 ⁶,
949 1168 1248 1215 constituimus,
1269 1181 1463 1214 creamus,
1483 1168 1757 1214 nominamus,
1781 1167 2014 1206 ordinamus

370 1247 407 1276 et
432 1238 670 1291 deputamus
693 1249 969 1290 promotorem
998 1252 1065 1277 seu
1091 1247 1388 1291 procuratorem
1424 1238 1546 1277 officii
1570 1239 1711 1285 nostri,
1751 1238 1882 1292 quoad
1923 1252 2016 1277 cau-

371 1322 451 1348 sam
475 1310 557 1348 sive
579 1311 783 1348 materiam
808 1310 1039 1362 hujusmodi
1065 1309 1302 1358 deducendi,
1329 1309 1553 1363 generalem
1577 1319 1614 1348 et
1626 1309 1837 1363 specialem
1856 1310 2016 1357 3dantes

371 1380 502 1419 eidem
520 1381 742 1433 promotori
762 1390 799 1419 et
821 1382 1067 1433 procuratori
1098 1381 1289 1434 generali,
1319 1390 1457 1420 tenore
1489 1382 1759 1433 praesentium‚
1797 1380 2013 1429 licentiam,

372 1451 600 1491 facultatem
625 1462 662 1491 et
685 1462 697 1487 7
719 1454 994 1491 auctoritatem
1019 1453 1144 1491 standi
1168 1463 1205 1492 et
1229 1453 1486 1506 comparendi
1506 1454 1543 1491 in
1566 1453 1715 1506 judicio
1735 1461 1772 1491 et
1785 1463 1906 1499 extra,
1921 1465 2016 1491 con-

373 1533 429 1562 tra
450 1525 596 1563 dictam
618 1525 842 1573 Joliannam
865 1534 1013 1577 partem
1039 1538 1079 1563 se
1098 1524 1285 1573 faciendi,
1311 1524 1515 1573 articulos,
1540 1525 1859 1576 interrogatoria,
1881 1532 2013 1571 testes,

316 1625 319 1629 .
372 1594 535 1642 litteras,
572 1596 834 1635 instrumenta
867 1606 905 1635 et
936 1596 1009 1634 alia
1034 1596 1315 1649 probationum
1336 1610 1483 1649 genera
1513 1596 1647 1643 dandi,
1669 1595 1865 1644 tradendi,
1889 1596 2016 1634 admi-

373 1667 579 1715 nistrandi,
609 1668 859 1720 producendi
891 1677 926 1706 et
963 1667 1191 1712 exhibendi,
1228 1668 1434 1721 ipsamque
1470 1668 1695 1716 johannam
1732 1667 1942 1705 accusandi
1978 1675 2016 1705 et

372 1738 650 1786 denuntiandi,
683 1740 896 1777 examinari
930 1749 966 1778 et
999 1740 1230 1792 interrogari
1275 1739 1451 1791 petendi,
1495 1738 1661 1777 faciendi
1697 1748 1733 1776 et
1771 1738 2012 1791 requirendi,

370 1809 638 1848 concludendi
666 1811 704 1848 in
727 1824 842 1849 causa
873 1820 910 1848 et
945 1819 1083 1849 caetera
1107 1811 1244 1849 onmia
1268 1820 1305 1849 et
1332 1809 1487 1862 singula
1512 1809 1697 1856 faciendi,
1723 1810 2005 1862 promovendi,

370 1881 626 1933 procurandi,
653 1881 815 1933 gerendi
839 1891 875 1920 et
893 1884 907 1906 ⁸
927 1881 1134 1920 exercendi
1161 1895 1260 1935 quae
1282 1881 1327 1920 ad
1355 1881 1532 1920 officium
1565 1881 1806 1934 promotoris
1830 1894 1898 1920 seu
1919 1895 2008 1934 pro-

367 1953 574 2000 curatoris,
601 1953 648 1991 de
669 1954 752 2005 jure
781 1963 846 1992 aut
883 1954 1188 2001 consuetudine,
1222 1954 1418 2006 pertinere
1455 1954 1756 2005 dignoscuntur.
1793 1953 2008 2001 Quocirca,

368 2023 557 2062 omnibus
579 2033 616 2062 et
637 2024 804 2077 singulis
826 2038 997 2077 quorum
1022 2026 1198 2073 interest,
1214 2024 1464 2072 mandamus,
1480 2031 1674 2078 quatenus
1699 2023 1828 2062 eidem
1845 2023 2012 2063 domino
2052 2028 2056 2033 '

369 2094 560 2145 johanni,
583 2095 814 2148 hujusmodi
833 2095 1010 2134 officium
1035 2096 1274 2144 exercendo,
1309 2105 1484 2149 pareant,
1517 2094 1706 2134 obediant
1731 2104 1768 2134 et
1790 2094 2010 2143 intendant,

372 2167 526 2220 sibique
548 2166 739 2205 auxilium
767 2176 967 2219 praestent,
1002 2166 1218 2206 consilium
1255 2168 1397 2220 pariter
1427 2176 1464 2206 et
1496 2167 1696 2219 juvamen.
1742 2167 1785 2205 In
1822 2168 1934 2219 cujus
1958 2166 2012 2205 rei

371 2238 664 2286 testimonium,
691 2238 864 2291 sigillum
889 2248 1069 2277 nostrum
1095 2238 1354 2292 praesentibus
1376 2239 1435 2277 his
1452 2237 1590 2278 litteris
1606 2239 1791 2278 duximus
1807 2251 2012 2291 apponen-

371 2309 480 2348 dum.
510 2311 655 2348 Datum
681 2319 717 2348 et
748 2320 878 2348 actum
913 2311 950 2348 in
989 2310 1111 2349 domo
1151 2310 1406 2349 habitationis
1448 2311 1623 2363 magistri
1659 2310 1854 2359 Johannis
1894 2308 2009 2358 Rube,

370 2381 553 2420 canonici
580 2381 929 2433 Rothomagensis.
953 2382 1071 2420 Anno
1087 2382 1251 2421 Domini
1268 2381 1484 2421 millesimo
1501 2381 1807 2429 CCCCXXX„
1824 2379 1885 2420 die
1905 2393 2009 2419 nona

370 2453 517 2491 mensis
541 2452 720 2505 januarii.
752 2469 770 2488 »
797 2452 857 2491 Sic
873 2452 1015 2505 signata
1037 2462 1052 2487 9
1074 2467 1080 2491 ;
1111 2470 1128 2489 «
1155 2454 1198 2492 E.
1227 2466 1277 2492 DE
1299 2454 1505 2492 Rosmmzs.
1541 2469 1560 2489 »

421 2761 448 2784 1.
477 2749 509 2783 A
530 2762 539 2783 :
551 2755 771 2796 promotorem
787 2751 817 2784 51'
822 2763 857 2784 ve
871 2756 1119 2796 procuratorem
1134 2751 1319 2796 generalem
1337 2764 1348 2791 ,·
1359 2749 1419 2785 BC
1427 2756 1647 2797 promotorem
1666 2762 1720 2785 seu
1731 2755 2002 2797 procuratorem,-

368 2809 403 2853 ρ
419 2815 663 2855 :promotorem
677 2810 875 2855 generalem.
898 2831 940 2834 —
959 2820 991 2843 2.
1016 2809 1044 2843 Β
1063 2819 1161 2844 omet
1175 2811 1288 2843 eliam.
1303 2830 1347 2835 —
1373 2820 1401 2854 3.
1423 2810 1454 2844 A
1484 2822 1493 2843 :
1517 2810 1585 2844 hoc.
1608 2829 1652 2835 —
1671 2820 1705 2851 4.
1731 2809 1763 2843 Α
1782 2817 1880 2844 omet
1897 2814 1938 2843 et.
1962 2829 2009 2834 —-

372 2879 402 2912 5.
416 2868 448 2902 A
472 2881 481 2902 .·
502 2869 648 2903 Estiveo.
665 2889 711 2894 —
731 2868 764 2903 6.
787 2869 821 2912 Q
841 2869 1107 2913 ometfacimns.
1126 2889 1170 2894 —
1192 2879 1224 2914 7.
1244 2869 1276 2903 A
1293 2878 1391 2903 omet
1411 2874 1451 2903 et.
1476 2889 1518 2894 —
1542 2870 1574 2903 8.
1590 2868 1626 2912 Q
1645 2877 1743 2903 ornet
1762 2873 1875 2902 coeleriz
1892 2869 2004 2902 omnia

366 2933 394 2961 el
411 2928 544 2972 singula
557 2927 723 2973 faciendi,
740 2928 972 2974 promovendi,
985 2928 1205 2974 procurandi,
1224 2928 1362 2974 gerendi
1377 2934 1417 2962 et.
1438 2948 1483 2953 —
1500 2939 1534 2974 9.
1554 2928 1586 2962 A
1607 2940 1616 2962 :
1631 2929 1766 2974 signate.
