<?xml version="1.0" encoding="UTF-8"?>
<!DOCTYPE html PUBLIC "-//W3C//DTD XHTML 1.0 Transitional//EN"
    "http://www.w3.org/TR/xhtml1/DTD/xhtml1-transitional.dtd">
<html xmlns="http://www.w3.org/1999/xhtml" xml:lang="en" lang="en">
 <head>
  <title>
</title>
<meta http-equiv="Content-Type" content="text/html;charset=utf-8" />
  <meta name='ocr-system' content='tesseract 3.04.00' />
  <meta name='ocr-capabilities' content='ocr_page ocr_carea ocr_par ocr_line ocrx_word'/>
</head>
<body>
  <div class='ocr_page' id='page_1' title='image "./procsdecondamn01cham/procsdecondamn01cham_0113.png"; bbox 0 0 2099 3356; ppageno 0'>
   <div class='ocr_carea' id='block_1_1' title="bbox 367 170 1730 229">
    <p class='ocr_par' dir='ltr' id='par_1_1' title="bbox 367 170 1730 229">
     <span class='ocr_line' id='line_1_1' title="bbox 367 170 1730 229; baseline -0.001 -11"><span class='ocrx_word' id='word_1_1' title='bbox 367 173 526 218; x_wconf 59' lang='lat' dir='ltr'>PRochs</span> <span class='ocrx_word' id='word_1_2' title='bbox 558 188 614 216; x_wconf 83' lang='lat' dir='ltr'>DE</span> <span class='ocrx_word' id='word_1_3' title='bbox 647 186 999 216; x_wconf 73' lang='lat' dir='ltr'>coNDAMNArroN</span> <span class='ocrx_word' id='word_1_4' title='bbox 1037 186 1092 215; x_wconf 83' lang='lat' dir='ltr'>DE</span> <span class='ocrx_word' id='word_1_5' title='bbox 1124 186 1291 228; x_wconf 78' lang='lat' dir='ltr'>JEANNE</span> <span class='ocrx_word' id='word_1_6' title='bbox 1325 170 1455 216; x_wconf 82' lang='lat' dir='ltr'>D&#39;ARC</span> <span class='ocrx_word' id='word_1_7' title='bbox 1682 174 1730 229; x_wconf 84' lang='lat'>63</span> 
     </span>
    </p>
   </div>
   <div class='ocr_carea' id='block_1_2' title="bbox 79 285 1746 1685">
    <p class='ocr_par' dir='ltr' id='par_1_2' title="bbox 79 285 1744 1336">
     <span class='ocr_line' id='line_1_2' title="bbox 144 285 1736 344; baseline -0.003 -11"><span class='ocrx_word' id='word_1_8' title='bbox 144 291 195 333; x_wconf 90' lang='lat' dir='ltr'>Et</span> <span class='ocrx_word' id='word_1_9' title='bbox 219 287 374 333; x_wconf 89' lang='lat' dir='ltr'>deinde</span> <span class='ocrx_word' id='word_1_10' title='bbox 397 286 478 331; x_wconf 91' lang='lat' dir='ltr'>fuit</span> <span class='ocrx_word' id='word_1_11' title='bbox 501 287 763 344; x_wconf 87' lang='lat' dir='ltr'>interrogata</span> <span class='ocrx_word' id='word_1_12' title='bbox 788 301 840 329; x_wconf 87' lang='lat' dir='ltr'>an</span> <span class='ocrx_word' id='word_1_13' title='bbox 868 285 959 329; x_wconf 88' lang='lat' dir='ltr'>illas</span> <span class='ocrx_word' id='word_1_14' title='bbox 982 285 1142 329; x_wconf 84' lang='lat' dir='ltr'>litteras</span> <span class='ocrx_word' id='word_1_15' title='bbox 1169 285 1497 343; x_wconf 86' lang='lat' dir='ltr'>recognoscebat</span> <span class='ocrx_word' id='word_1_16' title='bbox 1521 301 1528 328; x_wconf 92' lang='lat'>:</span> <span class='ocrx_word' id='word_1_17' title='bbox 1559 300 1736 344; x_wconf 86' lang='lat' dir='ltr'>respon-</span> 
     </span>
     <span class='ocr_line' id='line_1_3' title="bbox 83 367 1729 431; baseline -0.003 -14"><span class='ocrx_word' id='word_1_18' title='bbox 83 373 144 418; x_wconf 86' lang='lat' dir='ltr'>dit</span> <span class='ocrx_word' id='word_1_19' title='bbox 171 371 288 431; x_wconf 89' lang='lat' dir='ltr'>quod</span> <span class='ocrx_word' id='word_1_20' title='bbox 322 373 396 425; x_wconf 83' lang='lat' dir='ltr'>sic,</span> <span class='ocrx_word' id='word_1_21' title='bbox 426 369 611 428; x_wconf 81' lang='lat' dir='ltr'>demptis</span> <span class='ocrx_word' id='word_1_22' title='bbox 638 368 772 413; x_wconf 88' lang='lat' dir='ltr'>tribus</span> <span class='ocrx_word' id='word_1_23' title='bbox 799 368 1033 422; x_wconf 80' lang='lat' dir='ltr'>vocabulis,</span> <span class='ocrx_word' id='word_1_24' title='bbox 1071 368 1268 412; x_wconf 86' lang='lat' dir='ltr'>videlicet</span> <span class='ocrx_word' id='word_1_25' title='bbox 1308 368 1390 412; x_wconf 91' lang='lat' dir='ltr'>hoc</span> <span class='ocrx_word' id='word_1_26' title='bbox 1425 367 1544 427; x_wconf 88' lang='lat' dir='ltr'>quod</span> <span class='ocrx_word' id='word_1_27' title='bbox 1571 368 1729 413; x_wconf 89' lang='lat' dir='ltr'>dicitur</span> 
     </span>
     <span class='ocr_line' id='line_1_4' title="bbox 82 451 1731 513; baseline -0.002 -12"><span class='ocrx_word' id='word_1_28' title='bbox 82 457 254 502; x_wconf 77' lang='lat' dir='ltr'>reddatis</span> <span class='ocrx_word' id='word_1_29' title='bbox 274 455 431 513; x_wconf 72' lang='lat' dir='ltr'>puellae‚</span> <span class='ocrx_word' id='word_1_30' title='bbox 456 453 529 497; x_wconf 90' lang='lat' dir='ltr'>ubi</span> <span class='ocrx_word' id='word_1_31' title='bbox 557 452 682 496; x_wconf 89' lang='lat' dir='ltr'>debet</span> <span class='ocrx_word' id='word_1_32' title='bbox 710 454 811 511; x_wconf 88' lang='lat' dir='ltr'>poni</span> <span class='ocrx_word' id='word_1_33' title='bbox 834 453 1008 496; x_wconf 75' lang='lat' dir='ltr'>reddatis</span> <span class='ocrx_word' id='word_1_34' title='bbox 1027 455 1129 509; x_wconf 69' lang='lat' dir='ltr'>regi3</span> <span class='ocrx_word' id='word_1_35' title='bbox 1155 452 1269 496; x_wconf 86' lang='lat' dir='ltr'>aliud</span> <span class='ocrx_word' id='word_1_36' title='bbox 1291 451 1409 511; x_wconf 91' lang='lat' dir='ltr'>quod</span> <span class='ocrx_word' id='word_1_37' title='bbox 1439 451 1594 496; x_wconf 89' lang='lat' dir='ltr'>dicitur</span> <span class='ocrx_word' id='word_1_38' title='bbox 1613 462 1731 511; x_wconf 80' lang='lat' dir='ltr'>caput</span> 
     </span>
     <span class='ocr_line' id='line_1_5' title="bbox 79 535 1727 598; baseline -0.002 -15"><span class='ocrx_word' id='word_1_39' title='bbox 79 555 246 598; x_wconf 51' lang='lat' dir='ltr'>guerra,</span> <span class='ocrx_word' id='word_1_40' title='bbox 290 552 330 583; x_wconf 90' lang='lat' dir='ltr'>et</span> <span class='ocrx_word' id='word_1_41' title='bbox 362 539 539 582; x_wconf 83' lang='lat' dir='ltr'>tertium</span> <span class='ocrx_word' id='word_1_42' title='bbox 570 535 687 595; x_wconf 89' lang='lat' dir='ltr'>quod</span> <span class='ocrx_word' id='word_1_43' title='bbox 722 536 779 579; x_wconf 87' lang='lat' dir='ltr'>ibi</span> <span class='ocrx_word' id='word_1_44' title='bbox 817 537 995 594; x_wconf 89' lang='lat' dir='ltr'>ponitur</span> <span class='ocrx_word' id='word_1_45' title='bbox 1027 546 1165 594; x_wconf 77' lang='lat' dir='ltr'>corpus</span> <span class='ocrx_word' id='word_1_46' title='bbox 1195 546 1266 594; x_wconf 77' lang='lat' dir='ltr'>pro</span> <span class='ocrx_word' id='word_1_47' title='bbox 1305 546 1471 595; x_wconf 78' lang='lat' dir='ltr'>corpore,</span> <span class='ocrx_word' id='word_1_48' title='bbox 1513 552 1610 595; x_wconf 86' lang='lat' dir='ltr'>quae</span> <span class='ocrx_word' id='word_1_49' title='bbox 1639 552 1727 580; x_wconf 92' lang='lat' dir='ltr'>non</span> 
     </span>
     <span class='ocr_line' id='line_1_6' title="bbox 85 619 1731 678; baseline -0.002 -12"><span class='ocrx_word' id='word_1_50' title='bbox 85 635 201 668; x_wconf 88' lang='lat' dir='ltr'>erant</span> <span class='ocrx_word' id='word_1_51' title='bbox 248 623 292 665; x_wconf 89' lang='lat' dir='ltr'>in</span> <span class='ocrx_word' id='word_1_52' title='bbox 347 622 497 665; x_wconf 86' lang='lat' dir='ltr'>litteris</span> <span class='ocrx_word' id='word_1_53' title='bbox 536 621 618 664; x_wconf 89' lang='lat' dir='ltr'>illis</span> <span class='ocrx_word' id='word_1_54' title='bbox 652 636 756 678; x_wconf 88' lang='lat' dir='ltr'>quas</span> <span class='ocrx_word' id='word_1_55' title='bbox 810 621 944 663; x_wconf 84' lang='lat' dir='ltr'>misit.</span> <span class='ocrx_word' id='word_1_56' title='bbox 1008 621 1123 663; x_wconf 80' lang='lat' dir='ltr'>Dicit</span> <span class='ocrx_word' id='word_1_57' title='bbox 1165 621 1293 664; x_wconf 89' lang='lat' dir='ltr'>etiam</span> <span class='ocrx_word' id='word_1_58' title='bbox 1345 619 1462 678; x_wconf 89' lang='lat' dir='ltr'>quod</span> <span class='ocrx_word' id='word_1_59' title='bbox 1504 636 1731 678; x_wconf 85' lang='lat' dir='ltr'>nunquam</span> 
     </span>
     <span class='ocr_line' id='line_1_7' title="bbox 87 703 1723 765; baseline -0.002 -15"><span class='ocrx_word' id='word_1_60' title='bbox 87 707 240 765; x_wconf 90' lang='lat' dir='ltr'>aliquis</span> <span class='ocrx_word' id='word_1_61' title='bbox 281 704 488 749; x_wconf 87' lang='lat' dir='ltr'>dominus</span> <span class='ocrx_word' id='word_1_62' title='bbox 519 704 609 748; x_wconf 89' lang='lat' dir='ltr'>illas</span> <span class='ocrx_word' id='word_1_63' title='bbox 648 703 807 748; x_wconf 81' lang='lat' dir='ltr'>litteras</span> <span class='ocrx_word' id='word_1_64' title='bbox 847 704 1107 756; x_wconf 83' lang='lat' dir='ltr'>nominavit,</span> <span class='ocrx_word' id='word_1_65' title='bbox 1155 703 1227 747; x_wconf 87' lang='lat' dir='ltr'>sed</span> <span class='ocrx_word' id='word_1_66' title='bbox 1268 705 1450 762; x_wconf 90' lang='lat' dir='ltr'>ipsamet</span> <span class='ocrx_word' id='word_1_67' title='bbox 1495 704 1723 747; x_wconf 81' lang='lat' dir='ltr'>nominavi</span> 
     </span>
     <span class='ocr_line' id='line_1_8' title="bbox 88 786 1739 847; baseline -0.001 -14"><span class='ocrx_word' id='word_1_68' title='bbox 88 806 154 834; x_wconf 86' lang='lat' dir='ltr'>eas</span> <span class='ocrx_word' id='word_1_69' title='bbox 193 802 425 847; x_wconf 80' lang='lat' dir='ltr'>antequam</span> <span class='ocrx_word' id='word_1_70' title='bbox 460 790 671 842; x_wconf 85' lang='lat' dir='ltr'>mitteret;</span> <span class='ocrx_word' id='word_1_71' title='bbox 711 787 817 830; x_wconf 88' lang='lat' dir='ltr'>bene</span> <span class='ocrx_word' id='word_1_72' title='bbox 851 799 995 830; x_wconf 87' lang='lat' dir='ltr'>tamen</span> <span class='ocrx_word' id='word_1_73' title='bbox 1038 786 1215 831; x_wconf 86' lang='lat' dir='ltr'>fuerunt</span> <span class='ocrx_word' id='word_1_74' title='bbox 1265 800 1445 831; x_wconf 78' lang='lat' dir='ltr'>ostensae</span> <span class='ocrx_word' id='word_1_75' title='bbox 1480 786 1739 846; x_wconf 87' lang='lat' dir='ltr'>quibusdam</span> 
     </span>
     <span class='ocr_line' id='line_1_9' title="bbox 92 870 1741 932; baseline -0.002 -14"><span class='ocrx_word' id='word_1_76' title='bbox 92 873 143 918; x_wconf 93' lang='lat' dir='ltr'>de</span> <span class='ocrx_word' id='word_1_77' title='bbox 181 885 294 932; x_wconf 83' lang='lat' dir='ltr'>parte</span> <span class='ocrx_word' id='word_1_78' title='bbox 345 889 435 917; x_wconf 87' lang='lat' dir='ltr'>sua.</span> <span class='ocrx_word' id='word_1_79' title='bbox 487 873 596 916; x_wconf 81' lang='lat' dir='ltr'>Item</span> <span class='ocrx_word' id='word_1_80' title='bbox 626 881 635 896; x_wconf 89' lang='lat'>¹</span> <span class='ocrx_word' id='word_1_81' title='bbox 687 870 790 915; x_wconf 86' lang='lat' dir='ltr'>dicit</span> <span class='ocrx_word' id='word_1_82' title='bbox 838 870 956 929; x_wconf 88' lang='lat' dir='ltr'>quod</span> <span class='ocrx_word' id='word_1_83' title='bbox 992 883 1224 928; x_wconf 79' lang='lat' dir='ltr'>antequam</span> <span class='ocrx_word' id='word_1_84' title='bbox 1273 872 1359 914; x_wconf 89' lang='lat' dir='ltr'>sint</span> <span class='ocrx_word' id='word_1_85' title='bbox 1414 883 1578 929; x_wconf 88' lang='lat' dir='ltr'>septem</span> <span class='ocrx_word' id='word_1_86' title='bbox 1638 872 1741 915; x_wconf 89' lang='lat' dir='ltr'>anni</span> 
     </span>
     <span class='ocr_line' id='line_1_10' title="bbox 89 953 1742 1015; baseline -0.002 -14"><span class='ocrx_word' id='word_1_87' title='bbox 89 957 258 1015; x_wconf 81' lang='lat' dir='ltr'>Anglici</span> <span class='ocrx_word' id='word_1_88' title='bbox 286 955 555 1000; x_wconf 87' lang='lat' dir='ltr'>dimmittent</span> <span class='ocrx_word' id='word_1_89' title='bbox 584 957 721 1012; x_wconf 86' lang='lat' dir='ltr'>majus</span> <span class='ocrx_word' id='word_1_90' title='bbox 749 953 923 998; x_wconf 78' lang='lat' dir='ltr'>vadium</span> <span class='ocrx_word' id='word_1_91' title='bbox 954 969 1085 1012; x_wconf 89' lang='lat' dir='ltr'>quarn</span> <span class='ocrx_word' id='word_1_92' title='bbox 1109 953 1286 998; x_wconf 82' lang='lat' dir='ltr'>fecerint</span> <span class='ocrx_word' id='word_1_93' title='bbox 1325 970 1470 998; x_wconf 88' lang='lat' dir='ltr'>coram</span> <span class='ocrx_word' id='word_1_94' title='bbox 1498 955 1742 999; x_wconf 82' lang='lat' dir='ltr'>Aurelianis</span> 
     </span>
     <span class='ocr_line' id='line_1_11' title="bbox 90 1038 1740 1099; baseline -0.002 -14"><span class='ocrx_word' id='word_1_95' title='bbox 90 1054 130 1085; x_wconf 92' lang='lat' dir='ltr'>et</span> <span class='ocrx_word' id='word_1_96' title='bbox 170 1040 287 1099; x_wconf 88' lang='lat' dir='ltr'>quod</span> <span class='ocrx_word' id='word_1_97' title='bbox 335 1053 478 1084; x_wconf 90' lang='lat' dir='ltr'>totum</span> <span class='ocrx_word' id='word_1_98' title='bbox 517 1039 697 1097; x_wconf 84' lang='lat' dir='ltr'>perdent</span> <span class='ocrx_word' id='word_1_99' title='bbox 747 1040 787 1081; x_wconf 86' lang='lat' dir='ltr'>in</span> <span class='ocrx_word' id='word_1_100' title='bbox 830 1039 1020 1081; x_wconf 81' lang='lat' dir='ltr'>Francia.</span> <span class='ocrx_word' id='word_1_101' title='bbox 1063 1038 1181 1082; x_wconf 80' lang='lat' dir='ltr'>Dicit</span> <span class='ocrx_word' id='word_1_102' title='bbox 1223 1039 1353 1082; x_wconf 89' lang='lat' dir='ltr'>etiam</span> <span class='ocrx_word' id='word_1_103' title='bbox 1405 1038 1523 1097; x_wconf 91' lang='lat' dir='ltr'>quod</span> <span class='ocrx_word' id='word_1_104' title='bbox 1580 1039 1740 1096; x_wconf 74' lang='lat' dir='ltr'>praefati</span> 
     </span>
     <span class='ocr_line' id='line_1_12' title="bbox 90 1120 1740 1182; baseline -0.001 -15"><span class='ocrx_word' id='word_1_105' title='bbox 90 1123 259 1182; x_wconf 83' lang='lat' dir='ltr'>Anglici</span> <span class='ocrx_word' id='word_1_106' title='bbox 302 1122 522 1167; x_wconf 82' lang='lat' dir='ltr'>habebunt</span> <span class='ocrx_word' id='word_1_107' title='bbox 550 1125 762 1180; x_wconf 82' lang='lat' dir='ltr'>majorem</span> <span class='ocrx_word' id='word_1_108' title='bbox 791 1120 1081 1180; x_wconf 78' lang='lat' dir='ltr'>perditionem</span> <span class='ocrx_word' id='word_1_109' title='bbox 1111 1138 1244 1180; x_wconf 88' lang='lat' dir='ltr'>quarn</span> <span class='ocrx_word' id='word_1_110' title='bbox 1273 1137 1471 1180; x_wconf 88' lang='lat' dir='ltr'>unquam</span> <span class='ocrx_word' id='word_1_111' title='bbox 1495 1122 1740 1166; x_wconf 86' lang='lat' dir='ltr'>habuerunt</span> 
     </span>
     <span class='ocr_line' id='line_1_13' title="bbox 92 1206 1744 1264; baseline -0.001 -13"><span class='ocrx_word' id='word_1_112' title='bbox 92 1210 135 1252; x_wconf 90' lang='lat' dir='ltr'>in</span> <span class='ocrx_word' id='word_1_113' title='bbox 164 1208 352 1261; x_wconf 85' lang='lat' dir='ltr'>Francia,</span> <span class='ocrx_word' id='word_1_114' title='bbox 383 1219 423 1251; x_wconf 91' lang='lat' dir='ltr'>et</span> <span class='ocrx_word' id='word_1_115' title='bbox 458 1207 540 1250; x_wconf 91' lang='lat' dir='ltr'>hoc</span> <span class='ocrx_word' id='word_1_116' title='bbox 590 1207 669 1250; x_wconf 88' lang='lat' dir='ltr'>erit</span> <span class='ocrx_word' id='word_1_117' title='bbox 703 1221 775 1264; x_wconf 87' lang='lat' dir='ltr'>per</span> <span class='ocrx_word' id='word_1_118' title='bbox 809 1221 1011 1263; x_wconf 85' lang='lat' dir='ltr'>magnam</span> <span class='ocrx_word' id='word_1_119' title='bbox 1036 1206 1259 1249; x_wconf 81' lang='lat' dir='ltr'>victoriam</span> <span class='ocrx_word' id='word_1_120' title='bbox 1277 1221 1409 1263; x_wconf 87' lang='lat' dir='ltr'>quam</span> <span class='ocrx_word' id='word_1_121' title='bbox 1437 1206 1555 1250; x_wconf 88' lang='lat' dir='ltr'>Deus</span> <span class='ocrx_word' id='word_1_122' title='bbox 1601 1208 1744 1250; x_wconf 86' lang='lat' dir='ltr'>mittet</span> 
     </span>
     <span class='ocr_line' id='line_1_14' title="bbox 93 1291 278 1336; baseline -0.011 0"><span class='ocrx_word' id='word_1_123' title='bbox 93 1291 278 1336; x_wconf 87' lang='lat' dir='ltr'>Gallicis.</span> 
     </span>
    </p>

    <p class='ocr_par' dir='ltr' id='par_1_3' title="bbox 95 1373 1746 1685">
     <span class='ocr_line' id='line_1_15' title="bbox 149 1373 1745 1432; baseline 0 -14"><span class='ocrx_word' id='word_1_124' title='bbox 149 1376 411 1432; x_wconf 79' lang='lat' dir='ltr'>Interrogata</span> <span class='ocrx_word' id='word_1_125' title='bbox 437 1383 450 1399; x_wconf 78' lang='lat'><strong>²</strong></span> <span class='ocrx_word' id='word_1_126' title='bbox 479 1374 664 1432; x_wconf 84' lang='lat' dir='ltr'>qualiter</span> <span class='ocrx_word' id='word_1_127' title='bbox 690 1373 770 1417; x_wconf 85' lang='lat' dir='ltr'>hoc</span> <span class='ocrx_word' id='word_1_128' title='bbox 798 1375 873 1418; x_wconf 89' lang='lat' dir='ltr'>scit</span> <span class='ocrx_word' id='word_1_129' title='bbox 901 1390 908 1416; x_wconf 91' lang='lat'>:</span> <span class='ocrx_word' id='word_1_130' title='bbox 937 1373 1157 1432; x_wconf 89' lang='lat' dir='ltr'>respondit</span> <span class='ocrx_word' id='word_1_131' title='bbox 1184 1390 1191 1416; x_wconf 91' lang='lat'>:</span> <span class='ocrx_word' id='word_1_132' title='bbox 1221 1391 1242 1415; x_wconf 86' lang='lat'>«</span> <span class='ocrx_word' id='word_1_133' title='bbox 1270 1375 1358 1431; x_wconf 84' lang='lat' dir='ltr'>Ego</span> <span class='ocrx_word' id='word_1_134' title='bbox 1391 1373 1497 1418; x_wconf 90' lang='lat' dir='ltr'>bene</span> <span class='ocrx_word' id='word_1_135' title='bbox 1521 1375 1609 1418; x_wconf 87' lang='lat' dir='ltr'>scio</span> <span class='ocrx_word' id='word_1_136' title='bbox 1630 1374 1745 1419; x_wconf 91' lang='lat' dir='ltr'>istud</span> 
     </span>
     <span class='ocr_line' id='line_1_16' title="bbox 95 1456 1744 1517; baseline -0.001 -14"><span class='ocrx_word' id='word_1_137' title='bbox 95 1474 168 1517; x_wconf 90' lang='lat' dir='ltr'>per</span> <span class='ocrx_word' id='word_1_138' title='bbox 204 1459 512 1502; x_wconf 83' lang='lat' dir='ltr'>revelationem</span> <span class='ocrx_word' id='word_1_139' title='bbox 541 1474 638 1516; x_wconf 82' lang='lat' dir='ltr'>quae</span> <span class='ocrx_word' id='word_1_140' title='bbox 667 1457 774 1500; x_wconf 83' lang='lat' dir='ltr'>mihi</span> <span class='ocrx_word' id='word_1_141' title='bbox 802 1457 908 1500; x_wconf 88' lang='lat' dir='ltr'>facta</span> <span class='ocrx_word' id='word_1_142' title='bbox 947 1456 1043 1509; x_wconf 79' lang='lat' dir='ltr'>fuit,</span> <span class='ocrx_word' id='word_1_143' title='bbox 1078 1469 1117 1501; x_wconf 88' lang='lat' dir='ltr'>et</span> <span class='ocrx_word' id='word_1_144' title='bbox 1145 1456 1263 1515; x_wconf 88' lang='lat' dir='ltr'>quod</span> <span class='ocrx_word' id='word_1_145' title='bbox 1291 1470 1389 1501; x_wconf 88' lang='lat' dir='ltr'>ante</span> <span class='ocrx_word' id='word_1_146' title='bbox 1413 1470 1579 1516; x_wconf 85' lang='lat' dir='ltr'>septem</span> <span class='ocrx_word' id='word_1_147' title='bbox 1607 1474 1744 1502; x_wconf 87' lang='lat' dir='ltr'>annos</span> 
     </span>
     <span class='ocr_line' id='line_1_17' title="bbox 95 1540 1744 1598; baseline 0 -12"><span class='ocrx_word' id='word_1_148' title='bbox 95 1543 287 1595; x_wconf 80' lang='lat' dir='ltr'>eveniet;</span> <span class='ocrx_word' id='word_1_149' title='bbox 318 1555 358 1585; x_wconf 94' lang='lat' dir='ltr'>et</span> <span class='ocrx_word' id='word_1_150' title='bbox 382 1541 491 1585; x_wconf 88' lang='lat' dir='ltr'>bene</span> <span class='ocrx_word' id='word_1_151' title='bbox 519 1556 655 1585; x_wconf 85' lang='lat' dir='ltr'>essem</span> <span class='ocrx_word' id='word_1_152' title='bbox 681 1542 785 1584; x_wconf 88' lang='lat' dir='ltr'>irata</span> <span class='ocrx_word' id='word_1_153' title='bbox 813 1540 930 1598; x_wconf 85' lang='lat' dir='ltr'>quod</span> <span class='ocrx_word' id='word_1_154' title='bbox 956 1552 1126 1584; x_wconf 85' lang='lat' dir='ltr'>tantum</span> <span class='ocrx_word' id='word_1_155' title='bbox 1150 1540 1405 1585; x_wconf 88' lang='lat' dir='ltr'>differretur.</span> <span class='ocrx_word' id='word_1_156' title='bbox 1436 1558 1454 1582; x_wconf 84' lang='lat'>»</span> <span class='ocrx_word' id='word_1_157' title='bbox 1480 1543 1601 1586; x_wconf 84' lang='lat' dir='ltr'>Dixit</span> <span class='ocrx_word' id='word_1_158' title='bbox 1615 1543 1744 1586; x_wconf 90' lang='lat' dir='ltr'>etiam</span> 
     </span>
     <span class='ocr_line' id='line_1_18' title="bbox 97 1624 1746 1685; baseline 0.001 -15"><span class='ocrx_word' id='word_1_159' title='bbox 97 1625 214 1685; x_wconf 89' lang='lat' dir='ltr'>quod</span> <span class='ocrx_word' id='word_1_160' title='bbox 241 1624 349 1669; x_wconf 91' lang='lat' dir='ltr'>illud</span> <span class='ocrx_word' id='word_1_161' title='bbox 374 1640 447 1684; x_wconf 91' lang='lat' dir='ltr'>per</span> <span class='ocrx_word' id='word_1_162' title='bbox 476 1625 783 1669; x_wconf 75' lang='lat' dir='ltr'>revelationem</span> <span class='ocrx_word' id='word_1_163' title='bbox 808 1626 885 1668; x_wconf 90' lang='lat' dir='ltr'>scit</span> <span class='ocrx_word' id='word_1_164' title='bbox 912 1640 1033 1683; x_wconf 72' lang='lat' dir='ltr'>aeque</span> <span class='ocrx_word' id='word_1_165' title='bbox 1065 1624 1172 1668; x_wconf 89' lang='lat' dir='ltr'>bene</span> <span class='ocrx_word' id='word_1_166' title='bbox 1190 1626 1298 1669; x_wconf 88' lang='lat' dir='ltr'>sicut</span> <span class='ocrx_word' id='word_1_167' title='bbox 1327 1625 1483 1669; x_wconf 88' lang='lat' dir='ltr'>sciebat</span> <span class='ocrx_word' id='word_1_168' title='bbox 1509 1625 1746 1684; x_wconf 79' lang='lat' dir='ltr'>quodera-</span> 
     </span>
    </p>
   </div>
   <div class='ocr_carea' id='block_1_3' title="bbox 98 1710 621 1767">
    <p class='ocr_par' dir='ltr' id='par_1_4' title="bbox 98 1710 621 1767">
     <span class='ocr_line' id='line_1_19' title="bbox 98 1710 621 1767; baseline -0.004 -13"><span class='ocrx_word' id='word_1_169' title='bbox 98 1726 194 1754; x_wconf 86' lang='lat' dir='ltr'>mus</span> <span class='ocrx_word' id='word_1_170' title='bbox 216 1722 318 1754; x_wconf 91' lang='lat' dir='ltr'>tunc</span> <span class='ocrx_word' id='word_1_171' title='bbox 346 1722 443 1753; x_wconf 87' lang='lat' dir='ltr'>ante</span> <span class='ocrx_word' id='word_1_172' title='bbox 470 1710 621 1767; x_wconf 89' lang='lat' dir='ltr'>ipsam.</span> 
     </span>
    </p>
   </div>
   <div class='ocr_carea' id='block_1_4' title="bbox 96 1790 1750 2688">
    <p class='ocr_par' dir='ltr' id='par_1_5' title="bbox 96 1790 1744 1937">
     <span class='ocr_line' id='line_1_20' title="bbox 151 1790 1744 1852; baseline 0 -14"><span class='ocrx_word' id='word_1_173' title='bbox 151 1795 413 1851; x_wconf 81' lang='lat' dir='ltr'>Interrogata</span> <span class='ocrx_word' id='word_1_174' title='bbox 455 1791 630 1852; x_wconf 88' lang='lat' dir='ltr'>quando</span> <span class='ocrx_word' id='word_1_175' title='bbox 658 1790 769 1836; x_wconf 87' lang='lat' dir='ltr'>istud</span> <span class='ocrx_word' id='word_1_176' title='bbox 807 1793 975 1836; x_wconf 86' lang='lat' dir='ltr'>eveniet</span> <span class='ocrx_word' id='word_1_177' title='bbox 1010 1809 1018 1835; x_wconf 92' lang='lat'><strong>:</strong></span> <span class='ocrx_word' id='word_1_178' title='bbox 1058 1791 1280 1850; x_wconf 88' lang='lat' dir='ltr'>respondit</span> <span class='ocrx_word' id='word_1_179' title='bbox 1312 1792 1430 1851; x_wconf 91' lang='lat' dir='ltr'>quod</span> <span class='ocrx_word' id='word_1_180' title='bbox 1471 1794 1603 1838; x_wconf 87' lang='lat' dir='ltr'>nescit</span> <span class='ocrx_word' id='word_1_181' title='bbox 1630 1793 1744 1838; x_wconf 87' lang='lat' dir='ltr'>diem</span> 
     </span>
     <span class='ocr_line' id='line_1_21' title="bbox 96 1878 433 1937; baseline -0.006 -15"><span class='ocrx_word' id='word_1_182' title='bbox 96 1894 236 1937; x_wconf 87' lang='lat' dir='ltr'>neque</span> <span class='ocrx_word' id='word_1_183' title='bbox 265 1878 433 1921; x_wconf 86' lang='lat' dir='ltr'>horam.</span> 
     </span>
    </p>

    <p class='ocr_par' dir='ltr' id='par_1_6' title="bbox 96 1959 1748 2173">
     <span class='ocr_line' id='line_1_22' title="bbox 153 1959 1745 2019; baseline 0.001 -14"><span class='ocrx_word' id='word_1_184' title='bbox 153 1963 414 2019; x_wconf 82' lang='lat' dir='ltr'>Interrogata</span> <span class='ocrx_word' id='word_1_185' title='bbox 444 1977 532 2019; x_wconf 91' lang='lat' dir='ltr'>quo</span> <span class='ocrx_word' id='word_1_186' title='bbox 560 1976 676 2004; x_wconf 86' lang='lat' dir='ltr'>anno</span> <span class='ocrx_word' id='word_1_187' title='bbox 704 1961 872 2004; x_wconf 89' lang='lat' dir='ltr'>eveniet</span> <span class='ocrx_word' id='word_1_188' title='bbox 900 1976 907 2003; x_wconf 77' lang='grc' dir='ltr'><em>τ</em></span> <span class='ocrx_word' id='word_1_189' title='bbox 938 1959 1158 2018; x_wconf 86' lang='lat' dir='ltr'>respondit</span> <span class='ocrx_word' id='word_1_190' title='bbox 1195 1977 1203 2003; x_wconf 90' lang='lat'>:</span> <span class='ocrx_word' id='word_1_191' title='bbox 1237 1978 1257 2001; x_wconf 86' lang='lat'>«</span> <span class='ocrx_word' id='word_1_192' title='bbox 1290 1961 1379 2004; x_wconf 86' lang='lat' dir='ltr'>Vos</span> <span class='ocrx_word' id='word_1_193' title='bbox 1414 1977 1504 2005; x_wconf 89' lang='lat' dir='ltr'>non</span> <span class='ocrx_word' id='word_1_194' title='bbox 1534 1961 1745 2006; x_wconf 87' lang='lat' dir='ltr'>habebitis</span> 
     </span>
     <span class='ocr_line' id='line_1_23' title="bbox 96 2043 1748 2103; baseline 0.001 -14"><span class='ocrx_word' id='word_1_195' title='bbox 96 2045 234 2090; x_wconf 86' lang='lat' dir='ltr'>adhuc</span> <span class='ocrx_word' id='word_1_196' title='bbox 244 2062 255 2100; x_wconf 84' lang='lat'><em>3</em></span> <span class='ocrx_word' id='word_1_197' title='bbox 285 2044 392 2089; x_wconf 87' lang='lat' dir='ltr'>bene</span> <span class='ocrx_word' id='word_1_198' title='bbox 413 2058 556 2088; x_wconf 89' lang='lat' dir='ltr'>tamen</span> <span class='ocrx_word' id='word_1_199' title='bbox 578 2043 733 2088; x_wconf 85' lang='lat' dir='ltr'>vellem</span> <span class='ocrx_word' id='word_1_200' title='bbox 755 2043 873 2103; x_wconf 88' lang='lat' dir='ltr'>quod</span> <span class='ocrx_word' id='word_1_201' title='bbox 902 2043 982 2087; x_wconf 89' lang='lat' dir='ltr'>hoc</span> <span class='ocrx_word' id='word_1_202' title='bbox 1006 2056 1115 2088; x_wconf 84' lang='lat' dir='ltr'>esset</span> <span class='ocrx_word' id='word_1_203' title='bbox 1141 2056 1239 2088; x_wconf 87' lang='lat' dir='ltr'>ante</span> <span class='ocrx_word' id='word_1_204' title='bbox 1261 2044 1419 2088; x_wconf 86' lang='lat' dir='ltr'>festum</span> <span class='ocrx_word' id='word_1_205' title='bbox 1442 2046 1556 2089; x_wconf 87' lang='lat' dir='ltr'>Beati</span> <span class='ocrx_word' id='word_1_206' title='bbox 1582 2045 1748 2102; x_wconf 90' lang='lat' dir='ltr'>Johan-</span> 
     </span>
     <span class='ocr_line' id='line_1_24' title="bbox 101 2130 234 2173; baseline 0 0"><span class='ocrx_word' id='word_1_207' title='bbox 101 2130 180 2173; x_wconf 90' lang='lat' dir='ltr'>nis.</span> <span class='ocrx_word' id='word_1_208' title='bbox 215 2147 234 2170; x_wconf 84' lang='lat'>&gt;›</span> 
     </span>
    </p>

    <p class='ocr_par' dir='ltr' id='par_1_7' title="bbox 100 2210 1748 2523">
     <span class='ocr_line' id='line_1_25' title="bbox 158 2210 1745 2270; baseline 0.001 -13"><span class='ocrx_word' id='word_1_209' title='bbox 158 2214 420 2270; x_wconf 84' lang='lat' dir='ltr'>Interrogata</span> <span class='ocrx_word' id='word_1_210' title='bbox 452 2228 505 2256; x_wconf 89' lang='lat' dir='ltr'>an</span> <span class='ocrx_word' id='word_1_211' title='bbox 533 2211 686 2256; x_wconf 83' lang='lat' dir='ltr'>dixerit</span> <span class='ocrx_word' id='word_1_212' title='bbox 713 2210 847 2270; x_wconf 85' lang='lat' dir='ltr'>quod,</span> <span class='ocrx_word' id='word_1_213' title='bbox 872 2211 981 2255; x_wconf 88' lang='lat' dir='ltr'>infra</span> <span class='ocrx_word' id='word_1_214' title='bbox 1014 2211 1172 2256; x_wconf 87' lang='lat' dir='ltr'>festum</span> <span class='ocrx_word' id='word_1_215' title='bbox 1206 2212 1392 2257; x_wconf 86' lang='lat' dir='ltr'>hiemale</span> <span class='ocrx_word' id='word_1_216' title='bbox 1416 2214 1531 2258; x_wconf 88' lang='lat' dir='ltr'>Beati</span> <span class='ocrx_word' id='word_1_217' title='bbox 1555 2215 1745 2269; x_wconf 89' lang='lat' dir='ltr'>Martini,</span> 
     </span>
     <span class='ocr_line' id='line_1_26' title="bbox 101 2294 1747 2355; baseline 0.002 -15"><span class='ocrx_word' id='word_1_218' title='bbox 101 2296 212 2341; x_wconf 90' lang='lat' dir='ltr'>istud</span> <span class='ocrx_word' id='word_1_219' title='bbox 247 2298 414 2341; x_wconf 85' lang='lat' dir='ltr'>eveniet</span> <span class='ocrx_word' id='word_1_220' title='bbox 454 2313 462 2339; x_wconf 87' lang='lat'>:</span> <span class='ocrx_word' id='word_1_221' title='bbox 500 2295 721 2354; x_wconf 88' lang='lat' dir='ltr'>respondit</span> <span class='ocrx_word' id='word_1_222' title='bbox 754 2294 872 2354; x_wconf 89' lang='lat' dir='ltr'>quod</span> <span class='ocrx_word' id='word_1_223' title='bbox 910 2294 1071 2339; x_wconf 81' lang='lat' dir='ltr'>dixerat</span> <span class='ocrx_word' id='word_1_224' title='bbox 1108 2295 1244 2355; x_wconf 86' lang='lat' dir='ltr'>quod,</span> <span class='ocrx_word' id='word_1_225' title='bbox 1286 2310 1385 2341; x_wconf 88' lang='lat' dir='ltr'>ante</span> <span class='ocrx_word' id='word_1_226' title='bbox 1426 2297 1581 2342; x_wconf 86' lang='lat' dir='ltr'>festum</span> <span class='ocrx_word' id='word_1_227' title='bbox 1630 2300 1747 2343; x_wconf 89' lang='lat' dir='ltr'>Beati</span> 
     </span>
     <span class='ocr_line' id='line_1_27' title="bbox 102 2378 1748 2440; baseline 0.001 -16"><span class='ocrx_word' id='word_1_228' title='bbox 102 2381 276 2424; x_wconf 88' lang='lat' dir='ltr'>Martini</span> <span class='ocrx_word' id='word_1_229' title='bbox 311 2380 523 2433; x_wconf 74' lang='lat' dir='ltr'>hiemalis,</span> <span class='ocrx_word' id='word_1_230' title='bbox 562 2379 697 2423; x_wconf 85' lang='lat' dir='ltr'>multa</span> <span class='ocrx_word' id='word_1_231' title='bbox 733 2378 1007 2433; x_wconf 81' lang='lat' dir='ltr'>viderentur3</span> <span class='ocrx_word' id='word_1_232' title='bbox 1051 2392 1093 2424; x_wconf 88' lang='lat' dir='ltr'>et</span> <span class='ocrx_word' id='word_1_233' title='bbox 1132 2382 1288 2438; x_wconf 89' lang='lat' dir='ltr'>poterit</span> <span class='ocrx_word' id='word_1_234' title='bbox 1332 2397 1419 2425; x_wconf 89' lang='lat' dir='ltr'>esse</span> <span class='ocrx_word' id='word_1_235' title='bbox 1466 2382 1585 2440; x_wconf 91' lang='lat' dir='ltr'>quod</span> <span class='ocrx_word' id='word_1_236' title='bbox 1622 2396 1748 2426; x_wconf 89' lang='lat' dir='ltr'>erunt</span> 
     </span>
     <span class='ocr_line' id='line_1_28' title="bbox 100 2462 982 2523; baseline -0.002 -15"><span class='ocrx_word' id='word_1_237' title='bbox 100 2465 268 2521; x_wconf 77' lang='lat' dir='ltr'>Anglici</span> <span class='ocrx_word' id='word_1_238' title='bbox 297 2466 370 2523; x_wconf 88' lang='lat' dir='ltr'>qui</span> <span class='ocrx_word' id='word_1_239' title='bbox 392 2475 718 2522; x_wconf 87' lang='lat' dir='ltr'>prosternentur</span> <span class='ocrx_word' id='word_1_240' title='bbox 736 2462 787 2507; x_wconf 88' lang='lat' dir='ltr'>ad</span> <span class='ocrx_word' id='word_1_241' title='bbox 810 2475 982 2507; x_wconf 87' lang='lat' dir='ltr'>terram.</span> 
     </span>
    </p>

    <p class='ocr_par' dir='ltr' id='par_1_8' title="bbox 100 2546 1750 2688">
     <span class='ocr_line' id='line_1_29' title="bbox 157 2546 1750 2605; baseline 0.003 -14"><span class='ocrx_word' id='word_1_242' title='bbox 157 2548 419 2605; x_wconf 86' lang='lat' dir='ltr'>Interrogata</span> <span class='ocrx_word' id='word_1_243' title='bbox 447 2546 552 2605; x_wconf 87' lang='lat' dir='ltr'>quid</span> <span class='ocrx_word' id='word_1_244' title='bbox 581 2546 688 2590; x_wconf 86' lang='lat' dir='ltr'>dixit</span> <span class='ocrx_word' id='word_1_245' title='bbox 718 2555 728 2579; x_wconf 74' lang='lat'><em>3</em></span> <span class='ocrx_word' id='word_1_246' title='bbox 758 2546 948 2603; x_wconf 87' lang='lat' dir='ltr'>Johanni</span> <span class='ocrx_word' id='word_1_247' title='bbox 988 2547 1101 2601; x_wconf 79' lang='lat' dir='ltr'>Gris,</span> <span class='ocrx_word' id='word_1_248' title='bbox 1138 2547 1305 2592; x_wconf 88' lang='lat' dir='ltr'>custodi</span> <span class='ocrx_word' id='word_1_249' title='bbox 1333 2565 1431 2603; x_wconf 84' lang='lat' dir='ltr'>suo,</span> <span class='ocrx_word' id='word_1_250' title='bbox 1462 2548 1513 2593; x_wconf 93' lang='lat' dir='ltr'>de</span> <span class='ocrx_word' id='word_1_251' title='bbox 1540 2549 1616 2594; x_wconf 93' lang='lat' dir='ltr'>illo</span> <span class='ocrx_word' id='word_1_252' title='bbox 1643 2549 1750 2595; x_wconf 86' lang='lat' dir='ltr'>festo</span> 
     </span>
     <span class='ocr_line' id='line_1_30' title="bbox 100 2629 1231 2688; baseline -0.001 -13"><span class='ocrx_word' id='word_1_253' title='bbox 100 2631 214 2675; x_wconf 89' lang='lat' dir='ltr'>Beati</span> <span class='ocrx_word' id='word_1_254' title='bbox 236 2632 411 2675; x_wconf 89' lang='lat' dir='ltr'>Martini</span> <span class='ocrx_word' id='word_1_255' title='bbox 442 2648 450 2674; x_wconf 89' lang='grc'>;</span> <span class='ocrx_word' id='word_1_256' title='bbox 479 2629 702 2688; x_wconf 88' lang='lat' dir='ltr'>respondit</span> <span class='ocrx_word' id='word_1_257' title='bbox 732 2647 739 2673; x_wconf 90' lang='lat'>:</span> <span class='ocrx_word' id='word_1_258' title='bbox 767 2646 787 2669; x_wconf 88' lang='lat'>&lt;‹</span> <span class='ocrx_word' id='word_1_259' title='bbox 816 2630 905 2688; x_wconf 86' lang='lat' dir='ltr'>Ego</span> <span class='ocrx_word' id='word_1_260' title='bbox 927 2629 1050 2674; x_wconf 82' lang='lat' dir='ltr'>vobis</span> <span class='ocrx_word' id='word_1_261' title='bbox 1078 2630 1180 2675; x_wconf 85' lang='lat' dir='ltr'>dixi.</span> <span class='ocrx_word' id='word_1_262' title='bbox 1212 2648 1231 2671; x_wconf 91' lang='lat'>»</span> 
     </span>
    </p>
   </div>
   <div class='ocr_carea' id='block_1_5' title="bbox 104 2712 1753 2856">
    <p class='ocr_par' dir='ltr' id='par_1_9' title="bbox 104 2712 1753 2856">
     <span class='ocr_line' id='line_1_31' title="bbox 158 2712 1753 2775; baseline 0.003 -17"><span class='ocrx_word' id='word_1_263' title='bbox 158 2716 420 2773; x_wconf 88' lang='lat' dir='ltr'>Interrogata</span> <span class='ocrx_word' id='word_1_264' title='bbox 439 2729 658 2772; x_wconf 87' lang='lat' dir='ltr'>perquem</span> <span class='ocrx_word' id='word_1_265' title='bbox 680 2714 758 2757; x_wconf 91' lang='lat' dir='ltr'>scit</span> <span class='ocrx_word' id='word_1_266' title='bbox 782 2712 896 2758; x_wconf 91' lang='lat' dir='ltr'>istud</span> <span class='ocrx_word' id='word_1_267' title='bbox 917 2713 1116 2759; x_wconf 82' lang='lat' dir='ltr'>futurum</span> <span class='ocrx_word' id='word_1_268' title='bbox 1148 2732 1155 2759; x_wconf 90' lang='lat'>:</span> <span class='ocrx_word' id='word_1_269' title='bbox 1179 2714 1400 2773; x_wconf 88' lang='lat' dir='ltr'>respondit</span> <span class='ocrx_word' id='word_1_270' title='bbox 1428 2716 1548 2775; x_wconf 89' lang='lat' dir='ltr'>quod</span> <span class='ocrx_word' id='word_1_271' title='bbox 1574 2717 1655 2762; x_wconf 90' lang='lat' dir='ltr'>hoc</span> <span class='ocrx_word' id='word_1_272' title='bbox 1675 2720 1753 2762; x_wconf 86' lang='lat' dir='ltr'>scit</span> 
     </span>
     <span class='ocr_line' id='line_1_32' title="bbox 104 2797 1059 2856; baseline -0.002 -14"><span class='ocrx_word' id='word_1_273' title='bbox 104 2814 175 2856; x_wconf 91' lang='lat' dir='ltr'>per</span> <span class='ocrx_word' id='word_1_274' title='bbox 195 2810 357 2842; x_wconf 87' lang='lat' dir='ltr'>sanctas</span> <span class='ocrx_word' id='word_1_275' title='bbox 386 2797 667 2841; x_wconf 85' lang='lat' dir='ltr'>Katharinam</span> <span class='ocrx_word' id='word_1_276' title='bbox 692 2810 732 2840; x_wconf 90' lang='lat' dir='ltr'>et</span> <span class='ocrx_word' id='word_1_277' title='bbox 760 2798 1059 2854; x_wconf 87' lang='lat' dir='ltr'>Margaretam.</span> 
     </span>
    </p>
   </div>
   <div class='ocr_carea' id='block_1_6' title="bbox 161 3055 1462 3103">
    <p class='ocr_par' dir='ltr' id='par_1_10' title="bbox 161 3055 1462 3103">
     <span class='ocr_line' id='line_1_33' title="bbox 161 3055 1462 3103; baseline 0.003 -13"><span class='ocrx_word' id='word_1_278' title='bbox 161 3066 189 3090; x_wconf 90' lang='lat'>1.</span> <span class='ocrx_word' id='word_1_279' title='bbox 209 3056 272 3090; x_wconf 77' lang='lat' dir='ltr'>AB</span> <span class='ocrx_word' id='word_1_280' title='bbox 288 3069 332 3091; x_wconf 75' lang='lat' dir='ltr'>en</span> <span class='ocrx_word' id='word_1_281' title='bbox 351 3068 470 3103; x_wconf 86' lang='lat' dir='ltr'>marge</span> <span class='ocrx_word' id='word_1_282' title='bbox 491 3068 497 3090; x_wconf 91' lang='lat'>:</span> <span class='ocrx_word' id='word_1_283' title='bbox 521 3056 622 3091; x_wconf 77' lang='lat' dir='ltr'>Nota.</span> <span class='ocrx_word' id='word_1_284' title='bbox 642 3077 688 3081; x_wconf 97' lang='lat'><strong>—</strong></span> <span class='ocrx_word' id='word_1_285' title='bbox 706 3066 739 3091; x_wconf 88' lang='lat'>2.</span> <span class='ocrx_word' id='word_1_286' title='bbox 761 3055 789 3090; x_wconf 88' lang='lat' dir='ltr'>B</span> <span class='ocrx_word' id='word_1_287' title='bbox 806 3068 850 3090; x_wconf 81' lang='lat' dir='ltr'>en</span> <span class='ocrx_word' id='word_1_288' title='bbox 872 3068 992 3103; x_wconf 86' lang='lat' dir='ltr'>marge</span> <span class='ocrx_word' id='word_1_289' title='bbox 1010 3068 1016 3091; x_wconf 81' lang='lat' dir='ltr'><em>z</em></span> <span class='ocrx_word' id='word_1_290' title='bbox 1039 3057 1140 3092; x_wconf 72' lang='lat' dir='ltr'><strong><em>Nom.</em></strong></span> <span class='ocrx_word' id='word_1_291' title='bbox 1161 3079 1205 3082; x_wconf 84' lang='lat'><strong>—</strong></span> <span class='ocrx_word' id='word_1_292' title='bbox 1231 3068 1260 3102; x_wconf 77' lang='lat'>3.</span> <span class='ocrx_word' id='word_1_293' title='bbox 1281 3057 1349 3093; x_wconf 53' lang='lat' dir='ltr'>Ast·</span> <span class='ocrx_word' id='word_1_294' title='bbox 1367 3058 1462 3094; x_wconf 77' lang='lat' dir='ltr'>dicit.</span> 
     </span>
    </p>
   </div>
  </div>
 </body>
</html>
