2099 3356
274 207 358 250 390
549 190 708 234 PROCizs
741 204 797 233 DE
828 203 1179 234 CONDAMNATION
1213 203 1269 232 DE
1300 203 1471 249 JEANNE
1502 188 1632 233 D'ARC

271 306 530 363 attentisque
567 302 773 347 omnibus
799 315 840 347 et
871 303 1051 361 singulis
1082 304 1126 345 in
1157 301 1234 347 liac
1268 303 1443 346 materia
1472 301 1826 357 considerandis-‚3
1867 301 1919 346 de

273 389 516 434 multorum
538 388 772 445 peritorum
803 398 969 430 matura
995 385 1302 430 deliberatione
1327 397 1368 430 et
1402 385 1602 441 consilio,
1632 385 1682 430 ad
1717 397 1912 430 nostram

274 473 529 517 sententiam
554 469 823 514 definitivam
853 471 1137 527 processimus
1163 471 1206 513 in
1235 469 1353 514 hunc
1381 469 1593 514 modum:

345 657 366 682 «
386 638 438 684 In
472 637 677 684 nomine
704 637 926 693 Domini,
950 653 1108 683 amen.
1137 636 1386 689 Quotiens
1409 635 1604 684 haeresis
1633 637 1918 700 pestiferum

276 729 410 775 virus
439 727 525 774 uni
565 727 902 774 membrorum
940 726 1165 774 Ecclesiae
1197 727 1503 790 pertinaciter
1533 725 1736 774 inhaeret
1772 737 1918 790 atque

278 819 442 881 ipsum
470 817 518 863 in
546 816 827 863 membrum
855 822 863 839 ¹
900 816 1087 863 Satanae
1110 821 1124 839 ²
1150 816 1476 880 transfigurat,
1505 815 1728 880 diligenti
1757 815 1922 864 studio

279 905 552 954 curandum
567 917 638 953 est
660 921 832 969 ne,per
857 905 1067 969 reliquas
1091 916 1246 969 partes
1270 906 1461 968 mystici
1484 907 1699 969 corporis
1726 905 1924 961 Christi,

281 1011 466 1062 serpere
510 996 665 1058 possit
713 994 865 1058 hujus
918 996 1202 1058 perniciosae
1247 994 1368 1042 labis
1413 994 1621 1042 nefanda
1679 996 1924 1059 contagio.

283 1087 576 1133 Sanctorum
605 1101 807 1148 quoque
840 1097 1032 1148 patrum
1072 1086 1297 1132 instituta
1325 1085 1642 1132 decreverunt
1671 1084 1925 1132 haereticos

283 1157 550 1223 obduratos
580 1175 745 1239 potius
767 1175 973 1238 separari
997 1186 1220 1238 oportere
1243 1191 1268 1222 a
1295 1174 1459 1222 medio
1483 1175 1747 1240 justorum,
1777 1191 1926 1238 quam

286 1266 487 1313 illorum
513 1266 704 1328 viperea
737 1265 974 1328 pernicies
1000 1265 1048 1311 in
1076 1265 1187 1311 sinu
1228 1265 1317 1328 pice
1345 1265 1510 1311 matris
1538 1263 1781 1321 Ecclesiae,
1813 1281 1926 1311 cum

285 1367 573 1403 caeterorum
610 1354 833 1402 fidelium
868 1355 999 1418 gravi
1045 1353 1277 1418 periculo,
1310 1354 1571 1401 foveretur.
1601 1354 1730 1402 Cum
1763 1355 1928 1417 itaque

288 1462 393 1501 nos,
428 1446 637 1501 PETRUS,
666 1445 981 1492 miseratione
1015 1443 1182 1491 divina
1211 1443 1518 1491 Belvacensis
1560 1444 1837 1508 episcopus,
1880 1454 1927 1491 et

288 1536 429 1582 srater
447 1535 707 1595 JOHANNES
727 1534 984 1589 MAGISTm,
1004 1535 1214 1581 vicarius
1240 1533 1449 1597 praeclari
1476 1539 1486 1565 ³
1513 1533 1727 1581 doctoris
1751 1533 1930 1594 Johan-

290 1627 365 1672 nis
410 1625 664 1678 Graverenl‚
700 1624 1014 1686 Inquisitoris
1058 1623 1295 1671 haereticae
1339 1624 1618 1687 praevitatis,
1655 1634 1700 1670 et
1733 1623 1790 1670 ad
1823 1640 1930 1671 cau-

289 1732 393 1763 sam
424 1715 565 1762 istam
600 1713 873 1777 specialiter
908 1714 966 1761 ab
1007 1713 1181 1761 eodem
1212 1713 1490 1777 deputatus,
1520 1713 1708 1778 judices
1739 1729 1932 1777 compe-

289 1815 446 1852 tentes
497 1805 545 1850 in
594 1803 682 1850 hac
729 1814 874 1866 parte,
914 1814 975 1860 te,
1019 1803 1316 1863 Johannam,
1366 1803 1629 1867 vulgariter
1671 1802 1850 1849 dictam
1889 1802 1933 1849 la

290 1894 473 1949 Pneelle,
510 1894 557 1939 in
590 1893 746 1939 varios
778 1909 960 1939 errores
997 1894 1224 1956 variaque
1265 1894 1469 1940 crimina
1498 1891 1792 1947 schismatis,
1826 1891 1931 1938 ido-

291 1984 454 2037 latriae,
500 1984 827 2030 invocationis
865 1982 1170 2034 daemonum,
1207 1994 1252 2030 et
1292 1982 1383 2029 alia
1422 1982 1664 2046 permulta
1702 1982 1930 2029 incidisse

292 2075 423 2138 justo
476 2073 661 2136 judicio
706 2072 1144 2128 declaraverimus,
1193 2083 1238 2119 et
1288 2071 1639 2128 nihilominus,
1691 2073 1929 2134 quoniam

292 2162 503 2210 Ecclesia
533 2178 632 2209 non
671 2162 853 2209 claudit
886 2163 1130 2225 gremium
1167 2161 1404 2218 redeunti,
1449 2178 1554 2218 nos,
1593 2163 1928 2209 existimantes

292 2265 337 2299 te
370 2269 486 2315 pura
514 2263 678 2299 mente
703 2264 748 2299 et
770 2252 864 2299 side
894 2268 994 2298 non
1025 2251 1132 2298 ficta
1155 2251 1212 2298 ab
1242 2251 1587 2315 hujuscemodi
1619 2251 1861 2298 erroribus
1887 2262 1932 2297 et

293 2341 584 2388 criminibus
630 2342 898 2396 recessisse,
947 2340 1066 2388 dum
1109 2352 1234 2388 certa
1280 2340 1356 2387 die
1397 2340 1493 2387 illis
1541 2341 1837 2387 renunciasti
1886 2351 1931 2386 et

295 2431 486 2494 publice
515 2432 701 2495 jurasti,
731 2431 909 2478 vovisti
933 2442 1076 2494 atque
1112 2432 1377 2494 promisisti
1418 2446 1679 2493 nunquam
1716 2431 1763 2476 in
1796 2431 1930 2493 ipsos

294 2537 475 2568 errores
498 2532 581 2567 aut
607 2537 977 2583 quamcumque
1012 2520 1253 2575 haeresim,
1283 2521 1646 2584 cujuscumque
1674 2535 1821 2566 suasu
1849 2530 1931 2566 aut

294 2609 409 2655 alias
441 2609 836 2671 quomodolibet,
870 2620 915 2656 te
952 2609 1054 2656 fore
1089 2625 1415 2663 reversuram3
1444 2608 1526 2655 sed
1558 2609 1723 2671 potius
1752 2609 1800 2654 in
1832 2609 1939 2655 uni-

294 2709 388 2744 tate
423 2698 646 2745 Ecclesiae
683 2698 935 2745 catholicae
960 2709 1006 2744 et
1039 2699 1399 2745 communione
1439 2698 1648 2745 Romani
1682 2696 1929 2760 pontificis

294 2788 473 2851 jugiter
494 2803 878 2850 permansuram,
903 2798 1048 2851 prout
1073 2788 1121 2834 in
1146 2786 1379 2835 schedula
1403 2794 1417 2816 ⁴
1442 2799 1538 2843 tua,
1569 2787 1760 2850 propria
1783 2802 1932 2833 manu

347 3044 375 3066 1.
406 3033 435 3067 C
460 3046 469 3066 .·
499 3035 734 3074 membrorum„
761 3056 802 3060 —
838 3045 869 3069 2.
906 3035 1001 3070 ΑΒΕ
1024 3047 1033 3068 .’
1061 3035 1226 3069 Salhana‘.
1253 3056 1298 3060 —
1322 3045 1356 3079 3,
1381 3034 1476 3069 ΑΒΕ
1496 3035 1652 3081 ajoutent
1683 3034 1850 3079 magistri.
1885 3053 1932 3058 ——

296 3101 332 3133 4.
352 3092 446 3125 ABG
470 3104 479 3125 :
500 3093 637 3126 scedula.
