2099 3356
0 0 34 33 ,Ψ

67 44 70 46 ’
93 15 96 17 ⁵
122 82 150 93 A„
175 39 283 108 [751⁴
306 32 521 89 Nummi«

358 188 514 234 PROCiES
557 204 613 233 DE
654 184 1007 233 CONDAMNATION
1049 203 1104 233 DE
1135 204 1302 246 JssANNE
1336 189 1463 235 D'ARc
1650 205 1724 247 143

86 303 184 348 dem
206 303 388 347 Ecclesia
411 302 517 346 bene
540 315 796 360 congregata
815 318 903 346 non
933 315 1070 360 potest
1091 319 1228 347 errare
1272 316 1312 347 et
1351 305 1509 361 regitur
1533 318 1555 346 a
1578 303 1732 347 Sancto

92 387 267 445 Spiritu.
314 387 540 444 Propterea
574 385 914 444 interrogabatur
946 398 1095 430 utrum
1124 387 1226 430 velit
1257 403 1299 430 se
1334 386 1486 430 referre
1529 385 1730 429 militanti

87 469 296 520 Ecclesiae,
326 468 521 513 videlicet
542 484 639 527 quae
660 481 723 512 est
751 470 796 512 in
823 471 960 523 terris,
992 471 1074 526 jam
1105 470 1187 514 hoc
1217 469 1350 514 modo
1375 469 1597 514 declarata.
1629 471 1730 513 Res-

88 552 240 612 pondit
273 552 390 611 quod
431 554 518 610 ipsa
554 554 672 596 venit
707 552 758 596 ad
786 568 931 610 regem
965 554 1151 597 Franciae
1186 569 1237 597 ex
1264 566 1379 611 parte
1408 554 1505 606 Dei,
1535 568 1586 597 ex
1616 565 1731 611 parte

88 638 222 680 Beatae
245 637 435 694 Virginis
463 637 608 679 Mariae
633 649 673 680 et
700 637 900 679 omnium
930 637 1186 680 Sanctorum
1206 649 1247 680 et
1275 638 1527 682 Sanctarum
1550 635 1729 695 paradisi

83 729 124 761 et
163 717 357 760 Ecclesiae
393 718 634 761 victoriosa:
670 715 721 760 de
751 732 939 771 sursum,
980 729 1021 760 et
1053 716 1103 761 de
1138 730 1352 776 przecepto
1377 733 1552 771 eorum3
1601 729 1642 761 et
1667 716 1729 760 illi

82 801 278 845 Ecclesize
301 799 519 844 submittit
539 802 687 844 omnia
712 800 824 844 bona
844 800 949 844 facta
973 817 1064 855 sua,
1094 814 1136 845 et
1154 813 1296 845 totum
1327 801 1408 845 hoc
1428 800 1546 860 quod
1567 800 1665 845 fecit
1687 813 1729 844 et

82 884 238 928 factura
264 897 338 928 est.
372 884 423 927 Et
450 883 501 927 de
535 882 836 942 respondendo
855 900 907 927 an
934 884 1160 928 submittet
1193 901 1235 928 se
1273 885 1470 929 Ecclesia:
1508 884 1726 937 militanti,

82 967 185 1011 dicit
205 967 322 1026 quod
349 983 437 1010 non
458 966 733 1025 respondebit
755 982 832 1025 pro
855 983 972 1012 nunc
994 967 1127 1011 aliud.

140 1052 403 1108 Interrogata
429 1050 533 1109 quid
561 1049 663 1094 dicit
685 1050 736 1094 de
755 1050 829 1095 illo
858 1050 1008 1095 habitu
1034 1060 1042 1076 ¹
1083 1051 1296 1095 foemineo
1323 1053 1397 1110 qui
1419 1052 1497 1095 sibi
1527 1051 1724 1105 offertur,

85 1146 132 1179 ut
157 1135 244 1192 ipsa
270 1136 401 1193 possit
441 1136 500 1178 ire
537 1133 736 1178 auditum
764 1136 970 1178 missam:
1000 1134 1222 1193 respondit
1256 1135 1389 1194 quod,
1423 1148 1637 1194 quantum
1678 1135 1729 1179 ad

86 1218 282 1262 habitum
303 1218 580 1271 foemineum,
606 1219 696 1276 ipsa
721 1234 809 1262 non
834 1220 970 1277 capiet
997 1218 1137 1262 adhuc
1160 1234 1391 1278 quousque
1413 1219 1592 1277 placebit
1618 1220 1727 1263 Deo.

84 1302 149 1355 Et,
184 1303 219 1345 si
256 1303 312 1345 ita
344 1303 397 1345 sit
432 1301 550 1360 quod
578 1314 774 1359 oporteat
801 1318 895 1345 eam
925 1301 1024 1345 duci
1059 1317 1194 1360 usque
1227 1302 1279 1346 ad
1323 1302 1550 1359 judicium,
1577 1303 1664 1360 ipsa
1681 1318 1731 1353 ,se

83 1385 209 1429 refert
233 1385 424 1429 dominis
446 1384 497 1428 de
530 1385 727 1438 Ecclesia,
754 1385 872 1443 quod
901 1387 979 1443 ipsi
1013 1385 1116 1429 dent
1148 1385 1226 1429 sibi
1253 1387 1433 1443 gratiam
1458 1386 1509 1430 de
1531 1385 1730 1430 habendo

84 1485 217 1514 unam
243 1470 463 1513 camisiam
488 1477 501 1493 ²
534 1468 790 1513 muliebrem
819 1482 858 1512 et
888 1486 1025 1513 unum
1053 1471 1310 1528 capitegium
1339 1473 1382 1513 in
1398 1471 1532 1528 capite
1552 1485 1660 1523 suo;
1688 1483 1730 1513 et

83 1553 199 1612 quod
225 1553 391 1597 mavult
418 1553 529 1596 mori
554 1569 685 1611 quam
716 1569 914 1596 revocare
936 1552 1042 1596 illud
1067 1553 1184 1611 quod
1213 1555 1330 1597 Deus
1354 1553 1451 1598 fecit
1468 1552 1547 1597 sibi
1569 1553 1728 1608 facere3

83 1636 201 1696 quod
242 1639 330 1694 ipsa
369 1636 501 1682 credit
523 1636 703 1681 firmiter
729 1636 847 1695 quod
876 1638 995 1681 Deus
1024 1653 1113 1680 non
1142 1639 1226 1695 jam
1262 1636 1442 1681 dimittit
1469 1638 1640 1681 evenire
1673 1636 1725 1681 de

82 1820 171 1860 bien
195 1821 390 1860 assemble
415 1835 463 1859 ne
484 1830 579 1874 peut
602 1834 720 1868 errer,
747 1828 784 1859 et
811 1829 869 1860 est
891 1822 1122 1873 gouvernee
1148 1821 1199 1860 du
1225 1822 1336 1861 Saint
1360 1822 1529 1875 Esperit.
1554 1823 1602 1860 Et
1628 1834 1732 1875 pour

81 1906 139 1941 ce,
163 1892 548 1948 interroguee-s'elle
580 1907 619 1931 se
645 1891 753 1931 veult
783 1902 960 1946 raporter
984 1894 1004 1931 ὰ
1035 1892 1194 1946 l’Eglise
1231 1893 1418 1942 militant,
1442 1893 1534 1932 c'est
1555 1894 1729 1933 assavoir

80 1964 175 2003 c'est
194 1965 292 2004 celle
323 1966 390 2018 qui
421 1975 479 2003 est
507 1965 607 2003 ainsi
638 1964 859 2003 declairee:
888 1964 1061 2017 respond
1103 1964 1249 2018 qu'elle
1270 1974 1328 2004 est
1351 1978 1481 2004 venue
1506 1979 1555 2004 au
1590 1979 1660 2018 roy
1683 1965 1730 2004 de

82 2037 228 2076 France
249 2037 297 2076 de
327 2050 393 2090 par
416 2037 534 2084 Dieu,
560 2036 608 2075 de
628 2050 696 2089 par
719 2036 756 2074 la'
779 2037 913 2089 vierge
948 2037 1073 2075 Marie
1103 2046 1140 2075 et
1171 2047 1263 2076 tous
1288 2036 1343 2076 les
1368 2037 1528 2076 benoitz
1553 2017 1666 2076 §ains
1694 2046 1731 2075 et

83 2109 259 2148 Sainctes
281 2109 329 2147 de
356 2108 525 2161 paradis,
549 2117 587 2146 et
616 2107 776 2161 l'Eglise
807 2108 1047 2147 victorieuse
1081 2108 1128 2147 de
1153 2107 1189 2147 la
1210 2108 1336 2157 bault,
1364 2118 1401 2147 et
1425 2109 1473 2148 de
1504 2108 1591 2148 leur
1621 2121 1731 2148 com-

82 2181 365 2228 mandement3
392 2190 430 2219 et
451 2180 471 2218 a
501 2179 599 2219 celle
621 2179 810 2232 Eglise—la'
831 2179 907 2218 elle
932 2179 1129 2219 submeict
1150 2189 1239 2219 tous
1265 2194 1325 2219 ses
1349 2180 1450 2219 bons
1470 2180 1555 2229 fais,
1581 2189 1619 2220 et
1643 2190 1732 2219 tout

81 2266 124 2291 ce
148 2252 331 2308 qu’ellea
355 2251 423 2291 fait
438 2265 491 2290 ou
510 2251 530 2289 -21
553 2251 660 2290 faire.
689 2253 736 2290 Et
754 2251 802 2290 de
821 2252 1040 2304 respondre
1062 2251 1170 2290 s'elle
1190 2265 1230 2290 se
1253 2251 1493 2291 submeictra
1516 2254 1538 2291 a
1569 2252 1730 2305 l’Eglise

81 2323 266 2372 militant,
294 2324 351 2362 dit
371 2323 516 2377 qu'elle
538 2323 628 2361 n'en
655 2322 871 2375 respondra
893 2324 1141 2362 maintenant
1162 2333 1270 2362 autre
1289 2311 1430 2362 chose.

138 2396 393 2448 Inter-roguee
426 2394 568 2448 qu’elle
603 2395 660 2433 dit
683 2395 703 2432 a
725 2394 784 2433 cel
819 2395 928 2433 habit
960 2394 1007 2433 de
1034 2395 1181 2433 femme
1212 2408 1288 2448 que
1319 2409 1372 2434 on
1392 2395 1460 2448 luy
1481 2395 1597 2444 offre,
1635 2394 1731 2434 affin

82 2466 223 2520 qu’elle
247 2468 377 2519 puisse
399 2466 478 2504 aler
501 2480 602 2518 ouyr
626 2479 774 2504 messe:
800 2465 989 2518 respond,
1017 2467 1174 2519 quanta
1192 2466 1301 2505 l'abit
1323 2467 1370 2505 de
1390 2465 1554 2514 femme,
1581 2465 1656 2505 elle
1682 2480 1731 2505 ne

78 2538 113 2577 le
140 2538 305 2591 prandra
332 2552 397 2591 pas
420 2551 579 2584 encore,
608 2547 691 2576 tant
710 2536 805 2590 qu’il
825 2537 947 2590 plaira
968 2538 987 2575 it
1014 2546 1147 2576 nostre
1173 2538 1383 2591 Seigneur.
1411 2540 1457 2576 Et
1479 2552 1519 2577 se
1551 2539 1650 2577 ainsi
1674 2546 1733 2577 est

81 2608 174 2662 qu’il
198 2610 231 2648 la
253 2609 357 2648 faille
385 2622 520 2648 menet
545 2609 706 2661 jusques
725 2622 773 2646 en
800 2610 1020 2661 jugement,
1045 2608 1140 2662 qu’il
1165 2609 1199 2647 la
1220 2608 1326 2648 faille
1345 2609 1537 2648 desvestir
1555 2623 1603 2649 en
1622 2611 1733 2663 juge—

80 2691 203 2728 ment,
224 2681 298 2720 elle
321 2681 493 2734 requiert
518 2694 589 2718 aux
616 2681 822 2732 seigneurs
848 2680 895 2718 de
921 2679 1081 2732 l’Eglise
1108 2680 1204 2733 qu'il
1245 2681 1312 2733 luy
1355 2681 1536 2720 donnent
1566 2681 1600 2720 la
1618 2683 1733 2734 grace

79 2753 125 2791 de
147 2754 256 2792 avoir
278 2766 354 2791 une
379 2753 556 2791 chemise
581 2751 628 2790 de
653 2751 801 2790 femme
825 2761 861 2790 et
901 2765 953 2789 un
980 2752 1272 2805 queuvrechief
1291 2767 1339 2791 en
1367 2766 1406 2791 sa
1426 2763 1551 2801 teste3
1586 2754 1733 2807 qu'elle

81 2836 196 2875 ayme
221 2823 368 2862 miculx
402 2823 554 2862 mourir
578 2836 655 2875 que
677 2822 724 2860 de
762 2835 957 2875 revoqucr
979 2835 1021 2860 ce
1041 2835 1113 2873 que
1143 2832 1276 2861 nostre
1302 2824 1499 2875 Scigneur
1521 2823 1588 2876 luy
1612 2838 1630 2862 il
1664 2824 1730 2863 fait

82 2893 189 2941 faire,
212 2905 249 2934 et
272 2895 413 2948 qu'elle
438 2896 559 2933 croist
582 2894 843 2933 sel·m(:c111cnt
867 2907 942 2946 que
957 2903 1090 2932 nostre
1111 2894 1305 2947 Scigneur
1328 2909 1376 2933 ne
1396 2894 1487 2934 laira
1509 2896 1543 2947 jit
1567 2895 1731 2934 advenis

138 3107 164 3129 1.
196 3096 259 3131 AC
277 3108 319 3131 en
346 3100 486 3142 marge:
517 3097 568 3130 De
593 3096 717 3129 habitu.
748 3115 791 3119 -—
826 3105 858 3130 2.
880 3095 909 3129 C
933 3107 941 3127 .·
964 3096 1149 3129 camiseam.
