2099 3356
387 170 544 214 PRoci-:s
576 185 632 214 DE
663 185 1013 215 CONDAMNATION
1049 186 1103 214 DE
1135 186 1301 227 JEANNE
1337 172 1465 216 D'Anc
1666 187 1742 230 345

165 283 369 340 Magister
401 283 622 338 Johannes
661 283 712 328 de
755 283 1032 335 Castellione,
1067 283 1217 328 doctor
1256 286 1297 328 in
1347 300 1460 329 sacra
1512 285 1746 343 theologia,

102 364 431 410 archidiaconus
452 365 734 420 Ebroicensis‚
757 367 1007 412 deliberavit
1038 367 1155 426 quod
1185 367 1244 411 illi
1271 369 1346 427 qui
1379 385 1469 412 non
1497 369 1621 427 plane
1648 368 1750 413 deli-

105 449 359 493 beraverunt
391 462 595 494 tenentur
624 449 857 495 deliberare
882 445 1120 495 secundum
1147 450 1501 496 deliberationem
1530 453 1749 496 Universi-

103 535 201 577 tatis
231 534 492 578 parisiensis.
523 534 574 578 Et
597 547 811 594 quantum
840 548 902 579 est
929 536 973 578 in
1003 550 1062 586 se,
1090 536 1178 593 ipse
1204 548 1285 580 stat
1309 551 1410 579 cum
1441 534 1749 581 deliberatione

103 618 405 661 Universitatis
433 617 658 676 praedictae.
690 619 740 661 Et
761 617 812 662 de
830 618 937 672 aliis,
965 631 1013 662 ut
1038 617 1244 663 dominus
1268 620 1625 678 Fiscampnensis.

165 701 442 746 Reverendus
463 703 507 745 iu
530 701 707 746 Christo
728 715 862 760 pater,
885 701 1092 746 dominus
1114 702 1392 758 Guillelmus,
1416 702 1542 747 abbas
1562 702 1615 748 de
1642 704 1749 748 Cor-

102 784 256 839 meliiS,
277 783 551 829 decretorum
569 784 736 838 doctor,
763 784 1011 829 deliberavit
1030 798 1158 844 prout
1183 786 1450 830 Universitas
1478 786 1607 831 studii
1636 788 1748 831 Pari-

102 869 268 912 siensis.

161 952 364 1009 Magister
395 951 589 996 Andreas
626 953 874 1009 Margiane,
902 953 1146 997 licentiatus
1168 955 1211 997 in
1237 953 1419 1011 legibus,
1456 966 1496 997 et
1530 953 1747 999 bacchala-

101 1036 189 1080 rius
211 1036 256 1078 in
284 1034 462 1079 decretis
486 1044 514 1086 ¹,
547 1035 873 1081 archidiaconus
909 1037 1190 1081 Parvi—Caleti
1223 1050 1264 1081 et
1296 1039 1529 1081 canonicus
1564 1038 1750 1082 ecclesiae

101 1118 478 1177 Rothomagensis‚
519 1120 693 1163 attentis
726 1119 1044 1164 monitionibus
1077 1119 1217 1165 eidem
1252 1120 1463 1177 Johannae
1498 1121 1632 1172 factis,
1668 1134 1749 1166 stat

100 1219 200 1247 cum
234 1201 543 1247 deliberatione
579 1204 887 1248 Universitatis
915 1204 1178 1248 parisiensis.
1218 1204 1269 1248 Et
1302 1204 1443 1263 quoad
1483 1220 1748 1263 processum,

101 1287 202 1332 dicit
226 1285 343 1345 quod
364 1286 495 1330 simul
522 1300 563 1330 et
586 1287 718 1331 semel
747 1300 887 1346 potest
917 1287 1008 1331 fieri
1029 1288 1251 1332 conclusio
1270 1296 1302 1342 2,
1331 1301 1373 1332 et
1399 1288 1487 1332 dari
1520 1290 1748 1333 sententia.

160 1371 365 1429 Magister
397 1369 578 1415 Erardus
604 1372 828 1429 Emengart
853 1379 883 1425 ³,
913 1370 1064 1416 doctor
1090 1373 1133 1415 in
1170 1387 1284 1416 sacra
1319 1372 1558 1429 theologia,
1592 1372 1749 1417 delibe-

101 1458 209 1500 ravit
250 1455 369 1515 quod
405 1456 565 1499 iterum
605 1454 716 1499 dicta
755 1455 954 1512 Johanna
996 1467 1243 1509 moneatur,
1282 1468 1340 1509 et,
1383 1455 1466 1500 hoc
1498 1455 1624 1509 facto,
1669 1458 1750 1500 nisi

101 1539 272 1584 redierit
295 1539 347 1584 ad
370 1540 487 1584 viam
514 1540 719 1592 veritatis,
759 1551 839 1583 stat
867 1555 965 1582 cum
995 1538 1301 1583 deliberatione
1328 1540 1555 1584 Facultatis
1582 1540 1750 1584 theolo—

99 1625 181 1682 giae
208 1625 513 1669 Universitatis
543 1622 674 1667 studii
700 1624 964 1667 Parisiensis.

160 1708 366 1765 Magister
386 1706 650 1751 Guillelmus
676 1705 924 1760 Boucherii,
954 1704 1105 1750 doctor
1135 1707 1178 1749 in
1205 1722 1318 1750 sacra
1343 1706 1577 1764 theologia,
1600 1719 1680 1751 stat
1702 1708 1744 1750 in

99 1790 407 1835 deliberatione
427 1790 529 1835 alias
547 1805 621 1849 per
642 1790 785 1849 ipsum
807 1789 918 1843 data,
936 1805 1036 1834 curn
1060 1789 1152 1833 aliis
1170 1788 1419 1834 doctoribus
1435 1799 1466 1843 ⁴,
1494 1791 1707 1848 magistris
1735 1799 1743 1823 ³

99 1888 141 1918 et
176 1874 441 1928 bachalariis,
480 1889 537 1918 tx,
576 1873 735 1932 aprilis,
780 1872 981 1917 addendo
1018 1873 1137 1931 quod
1182 1875 1339 1918 iterum
1379 1875 1596 1918 caritative
1635 1872 1748 1918 dicta

154 2059 336 2113 Magister
357 2059 543 2108 Iohannes
573 2059 616 2097 de
637 2058 883 2098 Chasteillon
907 2057 994 2097 dicit
1018 2058 1114 2112 quod
1134 2057 1196 2097 illi
1214 2058 1281 2112 qui
1307 2072 1377 2096 non
1395 2058 1504 2112 plene
1522 2058 1748 2098 deliberave-

99 2136 189 2170 runt
207 2132 222 2157 ⁶
242 2145 276 2170 se
295 2131 503 2170 retulerant
521 2130 569 2169 ad
588 2130 885 2169 deliberationem
916 2129 1174 2169 Universitatis
1196 2130 1426 2168 Parisiensis.
1448 2132 1557 2175 Item,
1583 2130 1625 2169 de
1644 2131 1745 2177 aliis,

100 2208 141 2242 ut
163 2203 334 2242 dominus
366 2202 671 2257 Fiscampnensis.

153 2274 339 2314 Dominus
364 2274 405 2314 de
433 2273 661 2313 Cormeilliis
695 2278 743 2313 est
776 2279 809 2312 et
840 2278 912 2313 stat
935 2288 1018 2312 cum
1048 2272 1306 2312 deliberatione
1346 2273 1604 2312 Universitatis
1637 2274 1748 2312 Pari-

98 2347 238 2386 siensis.

155 2419 336 2472 Magister
356 2418 527 2458 Andreas
545 2418 786 2472 Marguerie,
808 2418 897 2456 visis
928 2416 1191 2456 monitionibus
1219 2422 1251 2455 et
1274 2416 1460 2470 requisitis
1486 2416 1598 2455 eidem
1619 2417 1745 2470 factis,

97 2495 145 2529 est
168 2490 240 2529 sibi
261 2504 346 2529 cum.
368 2489 529 2529 doniiais
554 2489 594 2529 de
625 2490 886 2530 Um'versitate.
919 2490 1024 2534 Item,
1054 2488 1174 2542 quoad
1190 2495 1412 2542 processum,
1439 2488 1553 2526 simul
1579 2493 1612 2526 ct
1640 2488 1748 2527 semel

90 2567 205 2616 potest
212 2561 305 2616 fieri
324 2562 502 2601 conclusio
532 2567 563 2601 et
586 2562 777 2601 sententia.

151 2634 333 2687 NIagister
350 2633 523 2672 Erardus
548 2633 771 2686 Emengard
789 2637 860 2671 stat
880 2645 963 2670 cum
978 2631 1137 2670 dominis
1152 2631 1358 2670 Facultatis
1379 2630 1563 2683 theologiae
1588 2630 1747 2670 Univer-

96 2706 215 2745 sitatis
234 2705 454 2745 Parisiensis
478 2710 509 2744 et
529 2704 634 2744 addit
654 2704 751 2758 quod
775 2704 908 2742 ilerum
932 2707 1138 2741 moneatur.

152 2778 333 2831 Magister
368 2778 598 2817 Guillelmus
623 2777 658 2815 le
683 2776 881 2815 Bouchier
902 2784 916 2809 7
949 2780 1020 2813 stat
1043 2789 1125 2813 cum
1156 2774 1242 2813 aliis
1267 2781 1334 2828 per
1368 2788 1451 2813 eum
1493 2774 1588 2813 alias
1614 2774 1748 2813 delibe-

150 2970 179 2993 l.
200 2957 231 2992 C
250 2967 348 2992 ornet
367 2963 396 2991 et
416 2957 626 2991 lmchalarius
646 2957 682 2990 in
702 2956 850 2990 decretis.
879 2976 922 2980 —
951 2965 987 2992 2,
1014 2955 1044 2989 C
1063 2963 1164 2989 omet
1183 2954 1363 2989 conclusio.
1388 2975 1430 2979 —
1462 2964 1492 2999 3.
1514 2953 1576 2989 BC
1597 2966 1607 2988 .·
1627 2954 1746 2988 Emen-

92 3017 197 3063 ξαν-ἅ.
219 3039 263 3043 -
280 3027 314 3060 4.
334 3017 364 3052 Α
387 3018 506 3063 ajoute
531 3021 573 3051 et.
595 3037 638 3041 —
663 3027 694 3060 5.
719 3016 746 3049 B
766 3023 864 3049 omet
889 3016 1074 3059 magistris.
1100 3035 1141 3039 —
1164 3013 1197 3049 6.
1216 3014 1285 3048 Ms.
1308 3014 1426 3060 aioute
1448 3019 1490 3050 et.
1515 3035 1561 3038 —
1588 3024 1621 3058 7.
1644 3013 1714 3047 Ms.
1734 3025 1743 3046 ,·

97 3077 313 3111 Guillermus
331 3077 503 3111 Bouchier.
