2099 3356
359 166 518 210 PRoc'Es
549 180 606 210 DE
639 180 995 210 CONDAMNATION
1030 181 1085 209 DE
1117 181 1283 222 JEANNE
1316 167 1441 211 D'ARc
1635 181 1716 225 295

78 284 323 319 s'UPRADmTA
343 291 501 332 semper
525 278 804 332 intelligimus,
833 288 876 318 ut
898 279 1070 317 diximus
1094 288 1132 318 et
1171 279 1475 328 declaravimus,
1511 280 1587 318 nisi
1612 293 1725 320 reve-

77 351 244 391 lationes
274 361 431 391 assertae
456 365 476 390 a
502 353 588 391 Deo
618 351 796 399 veniant,
823 350 929 404 quod
966 364 1047 390 non
1073 361 1131 390 est
1159 350 1430 390 verisimiliter
1453 352 1718 394 credendum.

76 425 362 463 Verumtamen
385 424 432 463 de
455 423 538 462 istis
562 431 600 462 et
621 422 707 462 aliis
730 421 1074 476 propositionibus
1100 422 1375 475 qualificandis
1399 433 1435 462 et
1457 424 1727 463 determinan-

73 495 150 542 dis,
173 495 213 533 in
237 494 413 534 articulis
444 503 482 534 et
507 507 694 547 processu
717 494 930 539 contentis,
957 493 1164 532 referimus
1189 508 1261 533 nos
1293 495 1442 547 judicio
1466 496 1724 535 dominorum

71 566 357 620 theologorum
380 566 496 611 almae
518 567 652 605 matris
678 565 958 605 Universitatis
982 566 1226 614 parisiensis,
1253 566 1299 605 ad
1318 580 1491 619 quorum
1516 567 1724 606 scientiam

72 639 380 678 convenientius
401 647 552 691 spectat
577 639 648 676 ista
673 638 948 677 determinare.
976 654 994 674 »

131 727 148 746 a
184 712 240 749 De
278 720 315 749 et
339 723 459 763 super
494 709 638 763 quibus
676 710 890 762 praemissis
925 709 1114 748 omnibus
1146 719 1183 748 et
1222 709 1405 762 singulis,
1440 710 1532 749 dicti
1566 711 1721 750 domini

75 781 257 820 advocati
283 782 322 820 in
348 781 539 834 pra-‘dicto
563 795 731 819 numero
754 782 1000 833 congregati,
1027 795 1200 834 quorum
1227 782 1392 820 nomina
1416 791 1454 820 et
1477 783 1720 835 cognomina

73 866 194 906 penes
219 866 297 897 me,
323 853 520 891 notarium
542 852 763 905 publicum,
787 853 947 900 retinui,
979 853 1177 905 petierunt
1210 867 1229 891 a
1264 866 1342 900 me,
1376 854 1530 892 notario
1559 853 1720 907 publico

72 924 310 977 subscripto,
337 924 410 963 sibi
436 923 520 963 fieri
546 934 583 963 et
618 924 717 963 tradi
740 923 946 977 publicum
982 925 1308 971 instrumentum,
1337 938 1462 964 unum
1494 935 1559 965 aut
1590 925 1717 979 plura.

72 998 170 1036 Acta
189 996 348 1035 suerunt
361 997 446 1035 haec
459 997 498 1034 in
519 995 622 1035 dicta
633 994 827 1049 cappella,
843 996 939 1034 hora
955 996 1002 1034 de
1019 1009 1149 1043 mane,
1168 1009 1289 1044 anno,
1309 997 1544 1044 indictione,
1565 1011 1718 1046 mense,

71 1069 135 1108 die
159 1067 445 1121 etpontificatu
467 1068 688 1121 przedicti83
711 1067 976 1120 praesentibus
997 1067 1044 1106 ad
1065 1068 1150 1106 haec
1171 1068 1350 1107 discretis
1374 1069 1468 1107 viris
1487 1069 1663 1108 dominis
1691 1079 1719 1118 1,

73 1141 188 1179 Petro
214 1139 357 1179 Cochon
379 1149 417 1178 et
455 1140 622 1179 Simone
658 1139 775 1186 Dani,
808 1140 1064 1192 presbyteriS,
1093 1140 1258 1178 notariis
1294 1140 1425 1192 juratis
1456 1140 1571 1180 dictae
1599 1142 1719 1180 curiae

10 1261 14 1265 ⁵
70 1210 418 1265 archiepiscopalis
444 1211 801 1264 Rothomagensi5‚
829 1210 996 1249 testibus
1023 1211 1071 1249 ad
1095 1211 1300 1264 praemissa
1324 1212 1473 1250 vocatis
1496 1212 1719 1265 specialiter

72 1295 108 1323 et
134 1284 297 1337 rogatis.
323 1300 343 1320 η

127 1372 145 1392 «
172 1357 220 1395 Et
240 1368 332 1409 ego,
355 1354 597 1395 Guillelmus
612 1356 756 1403 Lecras,
781 1354 988 1408 presbyter
1012 1355 1351 1408 Rothomagensis
1372 1355 1574 1403 dioecesis,
1590 1355 1719 1409 publi·

69 1442 138 1467 cus
158 1428 392 1467 auctoritate
410 1426 630 1480 apostolica
647 1435 685 1466 et
704 1426 899 1480 imperiali
918 1428 1117 1481 curiaeque
1134 1427 1481 1480 archiepiscopalis
1498 1429 1718 1467 Rothoma-

70 1501 204 1554 gensis
230 1500 422 1546 notarius,
449 1509 486 1538 et
511 1500 548 1538 in
572 1512 616 1538 ea
634 1500 793 1538 testium
820 1499 1068 1538 examinator
1101 1499 1328 1552 deputatus,
1349 1501 1566 1553 praemissis
1587 1501 1719 1539 omni-

71 1574 142 1611 bus
164 1582 202 1611 et
219 1571 402 1625 singuliS,
429 1571 525 1610 dum
551 1571 621 1615 sic,
650 1579 695 1610 ut
718 1572 986 1624 praemittitur,
1020 1584 1089 1624 per
1121 1571 1249 1610 dictos
1280 1571 1468 1620 dominos
1504 1572 1717 1611 advocatos

68 1645 296 1684 dicerentur
315 1652 353 1683 et
373 1643 528 1692 fierent,
553 1643 660 1691 loco,
687 1644 749 1682 die
763 1652 799 1682 et
820 1644 917 1682 hora
939 1643 1150 1696 praedictiS,
1169 1656 1344 1696 praesens
1364 1643 1420 1682 fui
1441 1657 1534 1682 cum
1552 1644 1716 1683 testibus

68 1716 289 1772 prae-dicti&
323 1729 446 1770 eaque
468 1717 523 1755 sic
544 1715 629 1754 fieri
650 1724 688 1754 et
709 1715 916 1754 deliberari
942 1715 1024 1754 vidi
1047 1724 1084 1755 et
1104 1715 1237 1754 audivi
1262 1725 1300 1755 et
1330 1716 1369 1754 in
1402 1725 1537 1755 notam
1569 1717 1714 1770 recepi.

68 1789 163 1827 Ideo
202 1787 295 1826 huic
332 1788 515 1840 praesenti
550 1787 713 1840 publico
751 1788 1034 1835 instrumento,
1075 1800 1194 1826 manu
1237 1800 1326 1826 mea
1357 1788 1521 1841 scripto,
1556 1789 1716 1841 signum

66 1873 202 1899 meum
225 1859 388 1898 solitum
413 1860 598 1913 apposui,
622 1873 687 1899 me
720 1859 785 1899 hic
811 1859 1114 1909 subscribendo,
1155 1861 1367 1914 requisitus
1398 1870 1436 1900 et
1464 1871 1639 1914 rogatuS‚
1677 1862 1714 1900 in

63 1932 342 1972 testimonium
365 1932 539 1971 veritatis
561 1932 877 1985 praemissorum.
909 1948 926 1966 ἢ
955 1932 1020 1971 Sic
1042 1933 1243 1985 signatum
1275 1947 1282 1973 :
1313 1949 1331 1969 «
1359 1934 1408 1972 G.
1438 1935 1603 1974 LECRAs.
1627 1950 1645 1969 »

165 2094 431 2133 REx'ERExnus
462 2105 502 2132 IN
535 2093 712 2133 Cnmsro
744 2107 866 2133 PATER
897 2106 1075 2135 nonnius
1107 2095 1375 2134 pamm-:mus
1405 2108 1615 2135 EPISCOPUS

361 2159 700 2199 CONSTANTIENSIS
718 2169 748 2207 2,
773 2172 1044 2209 DELIBERAVIT,
1074 2173 1115 2201 IN
1145 2172 1259 2200 HUNC
1289 2173 1434 2201 MODUM
1459 2176 1466 2200 :

119 2285 138 2305 c<
166 2268 401 2307 Reverendo
427 2268 466 2306 in
501 2268 660 2307 Christo
685 2268 785 2321 patri
819 2278 856 2307 et
881 2269 1064 2316 domino,
1097 2269 1281 2317 domino,
1308 2272 1438 2318 Petro,
1479 2271 1551 2309 Dei
1587 2272 1712 2323 gratia

66 2340 296 2379 Belvacensi
319 2340 525 2393 episcopo,
553 2340 721 2379 domino
747 2354 838 2379 meo
861 2341 1083 2380 carissimo.
1106 2341 1337 2381 Reverende
1359 2343 1399 2380 in
1420 2342 1580 2381 Christo
1604 2352 1715 2395 pater

62 2423 100 2451 et
119 2412 299 2459 domine,
332 2411 496 2450 cordiali
519 2412 920 2452 recommendatione
949 2413 1168 2465 praemissa,
1186 2400 1333 2452 litteras
1357 2414 1604 2466 paternitatis
1624 2427 1714 2453 ves—

62 2494 130 2524 trae
154 2484 398 2532 reverendae,
425 2483 472 2522 ad
495 2484 597 2522 hanc
624 2484 842 2531 civitatem,
866 2497 930 2523 me
954 2484 1131 2533 absente,
1158 2484 1321 2533 delatas,
1348 2487 1494 2539 recepi,
1522 2499 1600 2525 una
1623 2499 1714 2525 cum

61 2556 236 2609 quodam
263 2565 474 2609 quaterno,
499 2555 795 2594 confessionem
819 2565 856 2594 et
877 2557 1115 2594 assertiones
1136 2557 1342 2608 cujusdam
1368 2557 1549 2597 foeminae
1575 2559 1614 2596 in
1641 2559 1716 2598 XII

58 2627 247 2667 articulos
282 2628 428 2666 divisas
463 2626 747 2681 [continente}‚
788 2628 994 2681 signisque
1028 2628 1281 2667 manualibus
1312 2630 1431 2668 trium
1467 2631 1716 2669 notariorum

59 2698 275 2752 sigilloque
300 2700 412 2752 regio
435 2700 608 2751 signato.
635 2700 696 2747 Et,
727 2709 846 2752 prout
866 2699 1110 2752 perpendere
1129 2713 1174 2738 ex
1193 2700 1333 2739 iisdem
1361 2710 1369 2734 3
1394 2701 1569 2740 articulis
1593 2701 1716 2749 valui,

59 2770 226 2809 foemina
251 2771 443 2823 praedicta
468 2772 605 2810 asserit
630 2770 794 2823 angelos
825 2770 1064 2810 Michaelem
1090 2781 1127 2810 et
1152 2771 1379 2811 Gabrielem
1413 2786 1503 2811 cum
1536 2773 1718 2812 multitu-

60 2842 151 2881 dine
176 2842 430 2894 angelorum,
466 2852 699 2896 sanctasque
729 2843 985 2881 Katharinam
1011 2853 1049 2882 et
1073 2845 1335 2897 Margaretam
1366 2844 1441 2883 sibi
1470 2846 1713 2898 apparuisse,

117 3032 146 3055 1.
171 3021 201 3055 C
225 3034 234 3054 .·
255 3021 400 3056 domino.
424 3042 467 3047 ——
487 3033 520 3056 2.
544 3022 637 3057 ΑΒΕ
650 3034 693 3057 en
715 3034 834 3069 marge
853 3034 859 3057 :
878 3023 1044 3057 Dominus
1058 3024 1219 3070 episcopus
1237 3024 1518 3059 Constantiensz's.
1537 3046 1578 3050 —
1605 3035 1633 3069 3.
1653 3024 1683 3058 C
1701 3037 1711 3058 .·

65 3079 142 3115 hiis.
1142 3079 1154 3092 ¹
