2099 3356
394 195 553 238 PRoci'as
588 209 644 237 DE
676 209 1025 240 counAMNATION
1060 212 1115 240 DE
1147 212 1313 253 JEANNE
1347 199 1474 243 n'ARc
1699 216 1747 259 45

115 307 368 350 monuimus
405 305 457 350 de
483 306 666 351 dicendo
688 310 910 352 veritatem
946 325 1073 367 super
1096 326 1147 354 eo
1172 310 1290 369 quod
1319 313 1453 370 tangit
1488 329 1751 371 processum,

110 387 292 432 dicendo
310 389 346 431 ei
361 388 478 447 quod
492 389 732 448 exponebat
746 407 788 434 se
809 407 966 449 magno
981 393 1168 449 periculo
1185 409 1258 451 per
1272 394 1401 438 talem
1418 398 1749 441 recusationem.

112 470 239 515 Tunc
267 483 411 515 autem
439 472 683 530 respondit:
709 490 728 513 «
754 475 843 531 Ego
868 490 965 517 sum
991 488 1131 532 parata
1157 477 1292 532 jurare
1308 476 1445 521 dicere
1474 480 1753 525 veritatemde

112 553 191 597 hoc
218 553 336 611 quod
358 570 438 612 ego
456 557 602 610 sciam,
630 569 807 614 tangens
820 573 1082 614 processum.
1113 575 1132 598 ³>
1152 559 1202 602 Et
1223 560 1266 602 in
1294 559 1409 604 hunc
1429 561 1614 606 modum
1642 564 1753 620 jura-

110 642 182 685 vit.

172 725 401 783 Deinceps,
428 741 480 769 ex
509 723 783 768 ordinatione
812 738 971 778 nostra,
1002 724 1083 769 fuit
1113 727 1371 785 interrogata
1415 744 1487 787 per
1532 731 1752 788 egregium

110 807 346 863 doctorem,
389 810 644 867 magistrum
688 808 936 864 johannem
987 809 1310 868 Pulchripatris,
1364 814 1561 870 superius
1604 817 1753 859 nomi-

110 905 276 946 natum,
308 894 382 951 qui
404 893 545 951 primo
572 891 622 936 ab
650 893 738 949 ipsa
764 892 888 950 petiit
916 908 1000 950 qua
1029 892 1133 936 hora
1154 895 1388 939 novissime
1409 896 1653 942 comederat
1682 913 1756 943 aut

110 975 283 1020 biberat.
307 978 420 1030 Quae
442 975 663 1034 respondit
703 974 821 1033 quod
863 976 914 1019 ab
941 975 1143 1020 hesterno
1168 976 1236 1020 die
1273 991 1369 1036 post
1394 979 1620 1025 meridiem
1659 999 1748 1027 non

107 1059 351 1105 comederat
371 1072 445 1104 aut
472 1059 648 1104 biberat.

165 1143 291 1197 Item,
312 1145 573 1202 interrogata
595 1142 746 1201 depost
762 1159 892 1202 quam
916 1143 1067 1188 horam
1086 1143 1305 1189 audiverat
1322 1161 1474 1191 vocem
1492 1164 1588 1206 quae
1608 1151 1751 1194 venie-

109 1225 176 1271 bat
203 1226 255 1271 ad
276 1243 392 1282 eam,
418 1226 664 1286 respondit:
691 1246 709 1265 «
734 1227 824 1285 Ego
839 1226 984 1271 audivi
1013 1227 1103 1272 heri
1126 1241 1167 1272 et
1188 1228 1334 1273 hodie.
1371 1247 1389 1269 »

165 1311 289 1363 Item,
314 1312 571 1370 interrogata
595 1327 680 1370 qua
702 1310 820 1364 hora,
840 1310 1040 1355 hesterno
1061 1311 1145 1365 die,
1172 1313 1307 1370 ipsam
1328 1329 1481 1358 vocem
1507 1315 1747 1361 audiverat:

105 1393 325 1453 respondit
357 1394 474 1454 quod
506 1408 568 1438 ter
594 1396 638 1437 in
678 1394 752 1438 illo
791 1393 859 1438 die
892 1395 1028 1453 ipsam
1063 1394 1298 1450 audiverat,
1339 1398 1471 1441 semel
1507 1398 1559 1442 de
1608 1416 1750 1455 mane,

104 1477 236 1522 semel
264 1479 307 1522 in
330 1479 530 1537 vesperis,
557 1490 598 1522 et
619 1479 741 1522 tertia
763 1479 853 1521 vice
875 1494 973 1522 cum
1003 1478 1244 1536 pulsaretur
1277 1496 1354 1538 pro
1396 1482 1485 1525 Ave
1521 1484 1666 1527 Maria
1700 1483 1752 1528 de

104 1577 228 1617 sero;
258 1575 299 1606 et
325 1562 580 1607 multotiens
607 1560 726 1606 audit
753 1577 848 1605 eam
870 1561 1029 1620 pluries
1062 1579 1190 1622 quam
1221 1562 1347 1608 dicat.

163 1646 425 1704 Interrogata
452 1645 557 1705 quid
580 1645 670 1690 heri
699 1644 750 1689 de
785 1661 910 1689 mane
947 1645 1140 1701 faciebat,
1170 1663 1271 1691 cum
1312 1647 1381 1691 illa
1419 1665 1503 1693 vox
1545 1651 1664 1694 venit
1699 1650 1750 1695 ad

85 1745 198 1773 eam
219 1747 227 1773 :
258 1729 479 1787 respondit
502 1729 621 1788 quod
646 1730 734 1788 ipsa
760 1728 1016 1784 dormiebat,
1037 1742 1078 1774 et
1105 1747 1189 1774 vox
1210 1732 1411 1776 excitavit
1429 1720 1538 1776 eam.

161 1814 424 1871 Interrogata
449 1815 483 1857 si
508 1829 593 1857 vox
613 1814 812 1857 excitavit
833 1829 928 1858 eam
954 1813 1171 1872 tangendo
1193 1816 1282 1871 ejus
1300 1814 1470 1860 brachia
1495 1834 1501 1860 :
1524 1819 1745 1876 respondit

101 1896 219 1955 quod
244 1913 316 1955 per
336 1912 487 1942 vocem
508 1896 591 1941 fuit
612 1898 788 1941 excitata
814 1898 906 1941 sine
930 1910 1059 1942 tactu.

159 1981 421 2039 Interrogata
441 1982 474 2025 si
514 1997 597 2025 vox
618 1981 688 2024 illa
711 1993 798 2025 erat
823 1983 867 2024 in
906 1997 1071 2026 camera
1092 1983 1183 2039 ejus
1203 1999 1211 2026 :
1243 1983 1465 2042 respondit
1491 1984 1610 2044 quod
1634 2002 1738 2040 non,

101 2064 220 2124 quod
238 2066 326 2123 ipsa
342 2066 457 2119 sciat,
481 2064 554 2109 sed
573 2078 661 2109 erat
683 2067 726 2109 in
744 2078 896 2110 castro.

161 2149 424 2207 Interrogata
447 2150 480 2192 si
503 2150 591 2208 ipsa
619 2150 844 2207 regratiata
865 2161 927 2193 est
947 2149 1007 2192 illi
1040 2152 1136 2194 voci
1152 2160 1161 2175 ¹
1186 2163 1228 2194 et
1248 2152 1281 2194 si
1318 2151 1436 2196 flexit
1459 2167 1624 2210 genua:
1657 2170 1745 2199 res-

102 2231 255 2290 pondit
276 2232 395 2291 quod
423 2234 645 2290 regratiata
669 2245 731 2277 est
763 2234 818 2287 ei,
855 2234 1038 2277 existens
1075 2246 1115 2277 et
1147 2233 1299 2278 sedens
1342 2236 1385 2278 in
1426 2236 1534 2281 lecto
1573 2254 1671 2291 suo,
1706 2251 1747 2283 et

100 2317 238 2373 junxit
267 2333 447 2371 manus;
473 2330 514 2360 et
539 2317 620 2360 hoc
648 2316 728 2361 fuit
751 2329 979 2375 postquam
1001 2318 1278 2376 requisiverat
1306 2318 1458 2364 habere
1473 2334 1487 2351 2
1509 2321 1740 2366 auxilium.

100 2401 194 2444 Vox
219 2413 362 2444 autem
383 2399 451 2443 illa
477 2399 582 2443 dixit
615 2399 755 2443 eidem
781 2400 994 2456 Johannae
1015 2401 1134 2459 quod
1157 2402 1431 2461 responderet
1457 2403 1669 2449 audacter.

161 2485 286 2538 Item,
312 2485 573 2548 interrogata
605 2482 710 2542 quid
739 2500 821 2527 vox
852 2482 958 2528 dixit
983 2483 1078 2537 sibi,
1110 2485 1285 2543 quando
1304 2485 1383 2530 fuit
1410 2489 1588 2531 excitata
1620 2505 1627 2531 :
1659 2504 1744 2533 res-

101 2563 253 2622 pondit
278 2563 396 2623 quod
421 2566 508 2621 ipsa
529 2565 677 2623 petivit
701 2563 842 2608 eidem
868 2566 960 2608 voci
1010 2565 1242 2609 consilium
1274 2565 1325 2610 de
1359 2566 1439 2611 hoc
1477 2567 1596 2627 quod
1628 2570 1742 2627 ipsa³

99 2646 276 2692 debebat
296 2647 570 2705 respondere,
596 2647 740 2692 dicens
758 2647 900 2692 eidem
925 2650 1019 2692 voci
1047 2662 1279 2707 ut·peteret
1312 2649 1364 2694 de
1403 2651 1484 2696 hoc
1512 2653 1745 2698 consilium

99 2746 121 2774 a
147 2732 372 2785 Domino;
396 2745 435 2775 et
454 2741 565 2775 vox⁴
588 2731 694 2775 dixit
715 2733 752 2774 ei
774 2731 891 2775 uuod
916 2731 1193 2790 responderet
1210 2732 1409 2778 audacter
1430 2748 1471 2778 et
1490 2735 1608 2794 quod
1628 2737 1746 2781 Deus

101 2815 263 2870 juvaret
282 2831 391 2859 eam.

153 3053 180 3076 1.
210 3042 240 3076 C
270 3055 279 3076 .·
302 3044 332 3076 ei
357 3055 399 3077 au
421 3043 490 3077 lieu
518 3044 560 3078 de
588 3044 643 3077 illi
660 3045 744 3077 voci.
770 3064 817 3068 —
838 3053 869 3077 2.
901 3045 932 3087 Q
961 3053 1059 3078 omet
1086 3044 1210 3078 lubere.
1234 3065 1279 3069 —
1309 3054 1338 3088 3.
1369 3045 1434 3079 Ac
1454 3054 1628 3080 omettcnt
1658 3048 1739 3093 ipsa.

103 3111 135 3142 4.
167 3104 197 3146 J
217 3112 314 3137 omet
339 3115 414 3139 vox.
