2099 3356
396 165 554 210 PRocizs
588 180 642 209 DE
675 179 1028 210 CONDAMNATION
1062 182 1117 211 DE
1147 184 1315 224 JEANNE
1348 169 1497 214 n’ARc'
1676 186 1753 215 101

116 281 179 325 dit
206 295 373 338 peccare
397 293 404 322 :
429 278 648 338 respondit
673 278 807 337 quod,
835 292 1064 338 postquam
1088 282 1205 325 Deus
1221 283 1504 341 praecipiebat,
1535 283 1763 341 oportebat

114 365 196 408 hoc
216 363 322 407 fieri.
352 363 469 406 Dicit
489 362 599 406 ultra
627 362 762 421 quod,
788 374 1016 421 postquam
1035 364 1154 408 Deus
1183 365 1468 424 prcecipiebat‚
1486 367 1519 409 si
1548 366 1763 410 habuisset

112 459 286 492 centum
311 458 449 505 patres
471 458 512 490 et
534 458 706 499 matres,
735 458 776 490 et
816 447 905 504 ipsa
925 445 1074 491 fuisset
1100 447 1186 491 filia
1214 450 1338 506 regis,
1369 449 1657 494 nihilominus
1677 451 1765 509 ipsa

116 531 368 575 recessisset.

175 614 436 670 Interrogata
463 626 607 657 utrum
647 614 734 671 ipsa
762 614 913 671 petivit
945 629 967 657 a
988 614 1165 659 vocibus
1183 616 1271 659 suis
1292 632 1345 659 an
1371 617 1459 674 ipsa
1478 615 1635 660 diceret
1656 618 1761 675 patri

116 709 157 741 et
185 697 308 740 matri
337 712 549 740 recessum
567 713 696 741 suum
720 714 727 740 :
754 696 973 755 respondit
997 697 1115 756 quod
1144 707 1173 752 ¹,
1204 712 1416 757 quantum
1445 708 1457 725 ²
1487 698 1538 743 de
1575 713 1690 758 patre
1722 713 1764 744 et

117 793 266 834 matre,
298 796 424 824 voces
460 792 580 824 erant
609 779 716 824 bene
751 792 966 825 contentce
999 781 1117 840 quod
1163 780 1320 826 diceret
1356 784 1415 826 eis
1443 791 1471 833 ³,
1507 784 1589 826 nisi
1612 782 1761 827 fuisset

116 879 243 923 poena
263 879 395 922 quam
417 863 497 908 sibi
524 863 783 917 intulissent,
810 865 842 907 si
862 865 921 908 eis
946 880 1159 909 recessum
1184 882 1314 909 suum
1337 865 1603 920 dixisset;et,
1627 883 1762 926 quan-

114 960 210 991 tum
237 960 299 991 est
323 946 375 991 de
399 948 501 1005 ipsa,
530 963 619 991 non
644 947 818 992 dixisset
836 949 895 992 eis
919 964 995 1007 pro
1016 965 1290 1008 quacumque
1313 966 1370 993 re.
1393 951 1501 994 Item
1521 950 1623 995 dicit
1643 951 1761 1010 quod

113 1046 239 1075 voces
265 1047 308 1075 se
337 1030 573 1075 referebant
596 1033 633 1075 ei
660 1030 712 1076 de
732 1031 814 1076 hoc
840 1031 1023 1076 dicendo
1039 1034 1212 1090 patri·et
1233 1035 1374 1087 matri,
1399 1034 1464 1078 vel
1490 1032 1542 1078 de
1563 1034 1758 1079 tacendo.

169 1115 432 1172 Interrogata
457 1127 606 1159 utrum
634 1114 810 1160 faciebat
834 1118 1117 1160 reverentiam
1153 1129 1301 1161 sancto
1326 1117 1527 1161 Michaeli
1557 1131 1598 1162 et
1630 1134 1764 1177 ange-

110 1198 177 1253 lis,
203 1197 379 1257 quando
404 1215 478 1242 eos
498 1198 670 1244 videbat
701 1216 708 1243 :
750 1199 970 1258 respondit
997 1199 1115 1258 quod
1143 1202 1225 1255 sic,
1257 1214 1298 1245 et
1328 1201 1601 1245 osculabatur
1624 1211 1640 1235 4
1674 1215 1762 1246 ter-

110 1297 199 1326 ram
228 1298 354 1340 super
374 1298 505 1341 quam
533 1283 803 1336 transierant,
829 1296 925 1342 post
952 1299 1164 1328 recessum
1186 1299 1357 1328 eorum.

170 1366 434 1424 Interrogata
463 1379 613 1410 utrum
639 1365 800 1424 praefati
827 1367 967 1425 angeli
995 1380 1115 1411 erant
1142 1366 1215 1411 diu
1246 1383 1345 1411 cum
1372 1369 1460 1426 ipsa
1499 1385 1506 1411 :
1541 1368 1776 1426 respondit>

111 1448 228 1508 quod
248 1449 501 1494 multotiens
527 1452 711 1494 veniunt
738 1452 848 1494 inter
874 1450 1146 1506 christianos,
1174 1464 1215 1496 et
1242 1468 1331 1496 non
1356 1451 1559 1496 videntur
1569 1470 1580 1507 3
1606 1464 1648 1496 et
1672 1453 1760 1510 ipsa

111 1549 184 1578 eos
210 1549 321 1593 saepe
346 1543 355 1567 5
385 1533 492 1578 vidit
512 1535 623 1578 inter
642 1533 910 1579 christiano&

111 1677 271 1731 pechier
291 1678 306 1703 ⁶
329 1695 334 1715 :
370 1677 557 1730 respond,
576 1677 666 1730 puis
689 1690 766 1730 que
789 1677 892 1716 Dieu
912 1676 948 1716 le
972 1677 1263 1725 commandoit,
1290 1677 1316 1716 il
1341 1677 1375 1716 le
1409 1678 1627 1716 convenoit
1644 1677 1759 1718 faire.

110 1751 157 1788 Et
176 1749 232 1788 dit
253 1748 396 1796 oultre,
419 1749 507 1801 puis
525 1762 602 1802 que
625 1750 726 1788 Dieu
747 1749 780 1788 le
804 1749 1094 1798 commandoit,
1119 1749 1225 1788 s'elle
1250 1759 1336 1788 eust
1357 1761 1379 1787 C
1395 1750 1508 1802 peres
1525 1759 1562 1788 et
1576 1762 1598 1787 C
1613 1754 1757 1798 meres,

109 1830 146 1860 et
167 1820 225 1859 s'il
250 1830 337 1860 eust
352 1822 413 1859 e'te'
432 1820 511 1860 fille
524 1821 572 1860 de
592 1835 678 1873 roy,
706 1822 737 1859 si
759 1820 838 1860 fust
855 1821 931 1860 elle
956 1821 1094 1874 partie.

162 1893 418 1946 Interroguee
443 1891 552 1931 s'elle
577 1892 773 1931 demanda
796 1893 817 1931 a
835 1907 895 1932 ses
920 1893 1013 1932 voix
1037 1892 1181 1946 qu'elle
1203 1892 1338 1951 deistJ
1361 1893 1381 1931 a
1402 1906 1476 1931 son
1508 1893 1601 1946 pere
1622 1902 1660 1932 et
1676 1894 1696 1931 a
1717 1907 1757 1933 sa

108 1966 215 2004 mere
240 1978 312 2003 son
338 1973 561 2017 partement
595 1979 601 2002 :
628 1965 801 2017 respond
839 1978 931 2018 que,
964 1974 1087 2018 quant
1117 1974 1176 2003 est
1204 1964 1252 2003 de
1283 1965 1376 2017 pere
1405 1973 1442 2003 et
1481 1964 1529 2003 de
1563 1965 1687 2014 mere,
1710 1965 1759 2004 ilz

107 2038 278 2076 estoient
302 2038 406 2075 asses
430 2046 596 2075 contens
630 2036 774 2090 qu’elle
812 2036 898 2075 leur
918 2037 1009 2083 dist,
1036 2050 1076 2075 se
1099 2036 1228 2075 n'eust
1248 2037 1329 2075 este
1349 2036 1384 2075 la
1405 2037 1523 2089 paine
1544 2036 1664 2090 qu'ilz
1688 2036 1759 2090 luy

107 2118 268 2148 eussent
284 2107 368 2157 fait,
389 2107 498 2147 s’elle
527 2108 612 2147 leur
644 2117 731 2147 eust
755 2108 832 2156 dit;
854 2117 892 2147 et
921 2118 1044 2162 quant
1069 2118 1127 2147 est
1156 2108 1288 2156 d'elle,
1309 2107 1384 2147 elle
1413 2122 1461 2146 ne
1487 2108 1571 2147 leur
1597 2118 1684 2148 eust
1701 2108 1758 2147 dit

109 2194 211 2234 pour
234 2181 355 2219 chose
380 2180 648 2234 quelconque.

160 2254 254 2291 Item
279 2252 335 2291 dit
354 2265 431 2306 que
453 2266 513 2290 ses
525 2252 617 2290 voix
639 2265 679 2290 se
704 2253 953 2304 raportoient
970 2252 990 2290 ’ΣΙ
1007 2251 1082 2291 elle
1096 2251 1144 2291 de
1163 2251 1198 2290 le
1220 2252 1303 2290 dire
1325 2252 1346 2290 a
1369 2253 1460 2305 pere
1480 2265 1532 2291 ou
1552 2253 1675 2299 mere,
1699 2266 1752 2291 ou

106 2323 154 2363 de
169 2323 251 2363 s’en
272 2325 384 2363 taire.

159 2397 415 2449 Interrogue'e
441 2409 495 2444 se,
523 2405 646 2449 quant
667 2395 742 2435 elle
774 2396 830 2434 vit
861 2396 963 2434 saint
984 2395 1148 2434 Michiel
1186 2405 1223 2434 et
1254 2395 1310 2433 les
1333 2395 1483 2448 angles,
1525 2395 1634 2434 s‘elle
1667 2395 1751 2434 leur

105 2467 239 2506 faisoit
258 2468 469 2506 reverence
494 2480 500 2506 2
525 2467 696 2520 respond
719 2481 796 2521 que
820 2467 925 2515 ouil;
961 2477 999 2506 et
1020 2466 1161 2506 baisoit
1182 2466 1216 2505 la
1238 2477 1338 2506 terre
1372 2472 1485 2520 apres
1510 2467 1594 2506 leur
1623 2477 1755 2520 parte-

107 2549 230 2587 ment,
255 2540 307 2578 ou
334 2538 382 2577 ilz
398 2540 557 2578 avoient
580 2540 763 2592 reppos6,
788 2552 836 2577 en
858 2538 944 2577 leur
967 2538 1109 2577 faisant
1134 2539 1358 2577 re've‘rence.

164 2612 417 2664 Interroguee
437 2624 476 2650 se
502 2611 548 2649 ilz
567 2611 739 2649 estoient
761 2610 1025 2663 longuement
1048 2623 1142 2649 avec
1164 2609 1238 2648 elle
1260 2624 1267 2648 :
1291 2610 1478 2663 respond,
1501 2609 1550 2648 ilz
1566 2611 1757 2663 viegnent

106 2681 285 2735 beaucop
320 2681 368 2721 de
399 2681 474 2720 fois
511 2691 619 2721 entre
642 2681 697 2721 les
729 2682 961 2728 chrestiens,
986 2695 1062 2735 que
1100 2695 1152 2720 on
1175 2695 1224 2720 ne
1248 2681 1302 2720 les
1341 2682 1424 2720 voit
1455 2695 1543 2734 pas3
1581 2691 1618 2721 et
1646 2682 1701 2722 les
1736 2696 1757 2721 a

109 2754 286 2806 beaucop
308 2753 356 2792 de
377 2752 452 2792 fois
473 2767 572 2792 veuz
598 2763 707 2793 entre
729 2753 785 2792 les
807 2754 1039 2792 chrestians.

162 2927 189 2949 1.
210 2916 241 2949 A
263 2925 361 2950 omet
376 2915 471 2962 (prod.
485 2937 525 2940 —
547 2927 579 2949 2.
600 2916 628 2949 B
647 2916 765 2961 ajoute
787 2921 906 2949 est..—
932 2926 961 2958 3.
987 2915 1016 2949 C
1033 2924 1130 2949 omct
1144 2915 1413 2961 ‹]110d‚qzmntmn
1427 2916 1464 2949 de
1478 2920 1572 2961 patre
1587 2920 1617 2948 et
1636 2920 1752 2952 matre,

110 2986 196 3008 voces
212 2981 307 3008 erant
327 2975 402 3008 bene
421 2980 577 3009 conlentae
597 2975 680 3021 qnod
700 2975 818 3009 diceret
835 2976 894 3011 eis.
916 2996 962 3000 —
983 2987 1016 3016 4.
1041 2975 1136 3009 ABC
1156 2986 1198 3009 en
1222 2986 1341 3020 marge
1359 2987 1365 3009 :
1390 2973 1611 3008 osculabatur
1629 2979 1752 3008 terram

110 3039 204 3079 snper
224 3046 321 3079 quam
348 3034 553 3067 transiebant
576 3034 624 3077 (C
648 3047 657 3068 .·
675 3036 899 3078 transierunt)
922 3035 1061 3080 spsrilns
1080 3035 1144 3067 sui.
1161 3055 1203 3058 fl<
1227 3045 1256 3077 5.
1275 3034 1342 3068 AC
1365 3046 1374 3066 .·
1392 3040 1480 3080 saepe
1494 3045 1553 3067 ros.
1573 3054 1616 3058 -—
1633 3033 1665 3068 6.
1686 3034 1752 3068 Ms.

111 3104 153 3126 en
183 3105 301 3138 marge
319 3106 326 3127 ε
348 3093 470 3127 Parere
484 3094 679 3140 parenlslms
696 3093 826 3139 quando
846 3094 918 3127 lice!
940 3106 951 3133 ;
974 3105 1043 3127 une
1066 3094 1175 3127 main.
1205 3114 1238 3118 —
1273 3105 1304 3138 7.
1329 3094 1400 3129 ΜΚ,
1430 3106 1438 3126 .·
1460 3093 1503 3137 ἱΙῑ
1531 3093 1558 3126 le
1577 3093 1674 3129 desst,
