2099 3356
350 194 402 236 92
628 180 787 224 pRoci-:s
820 195 873 224 DE
906 195 1260 226 CONDAMNA‘rroN
1294 197 1349 225 DE
1380 197 1547 238 JEANNE
1580 184 1706 228 D’ARc

348 294 443 338 illos
470 310 605 352 equos
632 308 640 334 :
691 294 914 352 respondit
958 294 1075 352 quod
1104 295 1212 339 nihil
1252 296 1403 353 petivit
1437 312 1460 340 a
1498 311 1594 354 rege
1639 312 1735 350 suo,
1762 298 1844 341 nisi
1871 297 1983 342 bona

346 393 480 433 arma,
508 377 646 422 bonos
673 393 808 436 equos
829 392 870 422 et
889 380 1089 437 pecunias
1112 395 1187 437 pro
1205 379 1414 424 solvendo
1432 392 1581 438 gentes
1601 396 1696 424 suas
1716 379 1767 424 de
1796 380 1984 440 hospitio

351 477 446 506 suo.

409 546 672 603 Interrogata
706 558 856 589 utrum
884 544 1064 590 habebat
1088 546 1367 591 thesaurum:
1410 546 1631 606 respondit
1666 547 1785 607 quod
1808 547 1988 593 habebat

349 628 496 673 decem
527 641 601 673 aut
627 628 858 673 duodecim
897 630 1030 673 millia
1067 647 1163 689 quae
1203 630 1327 675 habet
1377 633 1420 674 in
1466 631 1624 685 valore,
1668 631 1740 676 sed
1768 648 1857 676 non
1900 646 1988 678 erat

350 729 532 771 magnus
553 712 776 757 thesaurus
804 729 880 772 pro
907 713 1106 758 ducendo
1149 730 1375 770 guerram3
1405 716 1494 759 imo
1523 715 1604 759 hoc
1637 731 1786 775 parum
1825 728 1917 771 est3
1948 729 1988 761 et

350 797 420 840 illa
448 796 606 841 habent
625 797 771 841 fratres
805 799 910 855 ejus,
940 810 1068 856 prout
1099 799 1298 842 aestimat.
1322 799 1525 856 Dicitque
1564 798 1683 859 quod
1722 798 1828 844 illud
1868 799 1987 859 quod

350 880 478 925 habet
498 893 559 925 est
582 880 634 924 de
655 883 823 939 propria
844 884 1024 940 pecunia
1047 884 1155 940 regis
1174 885 1256 927 sui.

407 965 672 1024 Interrogata
699 964 817 1024 quod
856 978 917 1010 est
956 965 1062 1010 illud
1101 967 1275 1025 signum
1303 976 1313 993 ¹
1343 966 1461 1026 quod
1489 966 1604 1012 dedit
1631 969 1717 1026 regi
1740 983 1837 1022 SUO,
1881 967 1988 1012 dum

350 1050 467 1092 venit
489 1047 540 1092 ad
567 1065 668 1093 eum
694 1066 701 1092 :
725 1049 943 1109 respondit
963 1049 1081 1109 quod
1109 1050 1214 1094 illud
1241 1064 1303 1095 est
1337 1050 1520 1105 bonum,
1561 1065 1602 1095 et
1639 1051 1906 1106 honorabile,
1948 1064 1991 1096 et

352 1132 459 1176 bene
480 1132 694 1185 credibile,
721 1145 763 1178 et
781 1133 964 1188 bonum,
984 1147 1024 1178 et
1050 1133 1180 1178 ditius
1207 1133 1325 1193 quod
1344 1136 1397 1179 sit
1424 1136 1467 1179 in
1491 1134 1674 1180 mundo.

411 1218 672 1275 Interrogata
698 1234 829 1275 quare
863 1234 952 1262 non
999 1219 1054 1262 ita
1092 1218 1198 1262 bene
1240 1218 1333 1263 vult
1374 1218 1513 1263 dicere
1549 1232 1590 1263 et
1627 1218 1852 1263 ostendere
1880 1218 1986 1263 illud

351 1302 542 1359 signum,
572 1302 681 1345 sicut
705 1303 792 1360 ipsa
825 1302 965 1346 voluit
1002 1301 1155 1346 habere
1188 1303 1361 1360 signum
1398 1303 1644 1347 Katharinae
1671 1302 1721 1347 de
1750 1302 1985 1362 Ruppella:

354 1385 574 1443 respondit
600 1385 734 1444 quod,
777 1388 810 1429 si
841 1387 1016 1444 signum
1053 1386 1299 1431 Katharinae
1333 1388 1388 1430 ita
1434 1386 1542 1431 bene
1569 1386 1716 1431 fuisset
1743 1399 1985 1441 ostensum,
2048 1388 2056 1395 “

350 1486 493 1514 coram
523 1470 784 1514 notabilibus
808 1472 907 1514 viris
932 1470 1218 1515 ecclesiasticis
1243 1484 1283 1515 et
1306 1471 1412 1524 aliis,
1443 1471 1770 1530 archiepiscopis
1803 1483 1843 1515 et
1875 1472 1988 1529 epis-

351 1556 484 1613 copis,
507 1554 701 1598 videlicet
723 1570 868 1598 coram
899 1555 1219 1613 archiepiscopo
1248 1556 1451 1600 Remensi
1486 1569 1526 1598 et
1557 1555 1648 1598 aliis
1674 1571 1863 1614 quorum
1893 1570 1991 1598 nes-

351 1640 407 1682 cit
431 1639 625 1692 nomina,
650 1639 758 1682 sicut
783 1638 862 1682 fuit
886 1640 1059 1696 signum
1087 1640 1217 1697 ipsius
1238 1639 1464 1695 Johannae3
1506 1638 1579 1683 ubi
1614 1652 1699 1682 erat
1733 1638 1915 1682 Karolus
1938 1637 1990 1682 de

352 1721 588 1776 Borbonio‚
633 1721 838 1766 dominus
880 1722 931 1767 de
973 1723 1226 1774 Tremoilla,
1274 1722 1360 1766 dux
1406 1723 1633 1767 Alenconii
1679 1735 1719 1766 et
1746 1722 1888 1781 plures
1920 1722 1991 1766 alii

351 1914 562 1953 chevaulx:
603 1915 774 1967 respond
811 1914 955 1967 qu'elle
993 1929 1040 1952 ne
1081 1914 1311 1953 demandoit
1342 1915 1424 1952 rien
1459 1914 1479 1952 Ξι
1516 1928 1586 1952 son
1612 1927 1699 1966 roy,
1725 1914 1804 1953 fors
1837 1913 1989 1953 bonnes

351 1999 492 2034 armes,
520 1986 598 2025 bon
623 1986 815 2025 chevaulx
836 1987 938 2025 etde
963 1986 1129 2039 l'argent
1147 1987 1167 2024 a
1192 1987 1298 2039 paier
1323 2000 1381 2025 ses
1405 2000 1501 2039 gens
1523 1987 1570 2026 de
1587 2000 1658 2025 son
1682 1986 1827 2025 hostel.

408 2059 662 2110 Interroguee
685 2058 790 2097 s'elle
816 2059 921 2096 avoit
942 2059 1055 2110 point
1080 2058 1126 2097 de
1148 2059 1294 2096 tresor:
1320 2059 1491 2111 respond
1517 2073 1592 2112 que
1626 2060 1661 2097 X
1692 2072 1744 2097 ou
1776 2059 1850 2096 XII
1883 2056 1991 2096 mille

355 2129 496 2183 qu'elle
519 2144 538 2168 a
560 2130 720 2168 vaillant
743 2129 839 2168 n'est
865 2144 931 2182 pas
953 2130 1074 2182 grand
1103 2131 1229 2168 tresor
1252 2131 1272 2168 a
1306 2143 1443 2168 inener
1474 2129 1506 2168 la
1538 2143 1693 2183 guerre,
1726 2139 1762 2168 et
1787 2143 1862 2182 que
1900 2129 1993 2168 c'est

355 2216 434 2255 pou
460 2202 506 2240 de
529 2202 648 2251 chose¹
670 2217 678 2248 3
705 2212 741 2240 et
759 2201 969 2254 lesquelles
994 2202 1135 2240 choses
1161 2211 1231 2239 ont
1255 2216 1313 2239 ses
1339 2200 1472 2248 freres,
1497 2215 1654 2240 comme
1685 2201 1760 2240 elle
1785 2214 1929 2254 pense;
1957 2209 1994 2239 et

358 2275 413 2312 dit
438 2288 513 2327 que
539 2287 581 2312 ce
605 2273 748 2327 qu'elle
768 2288 802 2321 a,
827 2273 919 2312 c’est
941 2273 988 2312 de
1015 2273 1179 2325 l’argent
1202 2286 1345 2326 propre
1362 2273 1408 2311 de
1434 2288 1505 2311 son
1529 2286 1615 2325 roy.

411 2347 664 2398 Interroguee
685 2345 775 2398 quel
801 2355 858 2384 est
883 2345 918 2383 le
949 2346 1059 2397 signe
1097 2346 1163 2398 qui
1198 2346 1282 2383 vint
1307 2345 1325 2383 a
1351 2359 1423 2383 son
1458 2345 1565 2398 Roy:
1600 2345 1770 2397 respond
1797 2357 1872 2397 que
1891 2344 1917 2382 il
1936 2353 1994 2383 est

357 2417 417 2456 bel
442 2427 479 2456 et
504 2418 730 2464 honnourd,
751 2427 788 2455 et
817 2416 907 2455 bien
927 2417 1093 2464 crdable,
1115 2426 1152 2455 et
1173 2426 1229 2456 est
1260 2418 1354 2464 bon,
1381 2426 1418 2455 et
1443 2416 1476 2454 le
1499 2416 1587 2469 plus
1613 2416 1718 2454 riche
1744 2416 1810 2469 qui
1836 2416 1925 2454 soit.

414 2490 666 2541 interroguee
692 2502 904 2541 pourquoy
926 2488 999 2527 elle
1020 2503 1068 2527 ne
1093 2488 1203 2527 voult
1224 2489 1327 2526 aussi
1353 2489 1443 2526 bien
1457 2488 1539 2526 dire
1559 2497 1596 2526 et
1617 2496 1813 2526 monstret*
1832 2486 1866 2525 16
1883 2487 1993 2539 signe

358 2560 493 2598 dessus
510 2559 581 2607 dit,
602 2573 758 2598 comme
779 2559 852 2598 elle
877 2559 990 2598 voult
1007 2560 1116 2598 avoir
1141 2559 1174 2598 le
1197 2560 1308 2611 signe
1333 2559 1380 2597 de
1408 2558 1619 2596 Katherine
1642 2558 1688 2596 de
1710 2559 1761 2596 La
1778 2557 1989 2597 Rochelle:

358 2631 529 2683 respond
561 2645 653 2684 que,
693 2644 731 2669 se
756 2630 791 2669 le
829 2632 939 2683 signe
976 2631 1022 2675 de
1071 2631 1284 2669 katherine
1324 2639 1410 2668 eust
1439 2631 1519 2668 este
1565 2629 1669 2667 aussi
1697 2628 1786 2668 bien
1818 2629 1994 2667 monstre

356 2703 499 2741 devant
531 2702 709 2741 notables
730 2716 827 2754 gens
852 2702 1013 2754 d’eglise
1051 2712 1088 2740 et
1116 2713 1259 2750 autreS‚
1293 2715 1551 2754 arcevesques
1592 2710 1629 2739 et
1668 2702 1874 2753 evesques,
1902 2699 1994 2739 c'est

356 2774 529 2812 assavoir
553 2773 695 2811 devant
719 2772 982 2826 l'arcevesque
1007 2773 1054 2811 de
1088 2774 1205 2812 Rains
1239 2782 1276 2811 et
1314 2783 1442 2811 autres
1476 2774 1666 2825 evesques
1703 2772 1801 2810 dont
1835 2771 1908 2810 elle
1944 2785 1992 2810 ne

358 2846 453 2893 scait
472 2845 506 2883 le
531 2857 625 2883 nom
648 2845 707 2897 (et
727 2857 895 2882 mesmes
917 2858 941 2896 y
968 2845 1084 2882 estoit
1105 2844 1266 2883 Charles
1286 2844 1333 2882 de
1359 2842 1562 2891 Bombon,
1598 2843 1633 2881 16
1664 2843 1738 2882 sire
1775 2843 1822 2881 de
1847 2842 1882 2881 la
1905 2843 1992 2881 Tri-

359 2915 525 2965 moulle,
552 2915 587 2954 16
606 2915 681 2954 duc
700 2915 921 2963 d’Ale11con
944 2924 982 2954 et
1005 2915 1200 2968 plusieurs
1221 2924 1350 2953 autres
1372 2914 1601 2962 chevaliers,
1629 2915 1698 2967 qui
1727 2914 1763 2953 16
1783 2914 1936 2953 veirent
1955 2923 1992 2952 et

414 3105 442 3127 1.
467 3093 533 3127 AC
557 3105 600 3128 en
630 3095 750 3139 marge
768 3105 777 3126 .·
806 3093 857 3126 De
873 3094 978 3138 sz'gno.
