2099 3356
374 196 533 239 PRocEs
567 210 623 239 DE
655 210 1006 240 CONDAMNATION
1042 210 1098 239 DE
1129 210 1293 251 JEANNE
1327 195 1457 240 D'Assc
1657 210 1736 253 307

156 307 286 351 Tunc
306 307 389 352 fuit
412 309 451 352 ei
472 307 637 352 dictum
668 307 804 367 quod,
833 309 866 352 si
892 309 1018 353 vellet
1044 308 1197 353 habere
1232 321 1494 353 sacramenta
1525 309 1736 362 Ecclesiae,

97 389 321 448 oportebat
352 390 471 448 quod
492 391 773 437 confiteretur
791 404 1000 450 tanquam
1030 391 1141 436 bona
1171 393 1395 447 catholica,
1412 405 1453 437 et
1473 394 1603 437 etiam
1621 392 1739 451 quod

93 488 137 518 se
163 472 436 518 submitteret
469 474 682 529 Ecclesiae,
718 487 761 519 et
784 474 918 534 quod,
945 476 977 519 si
1007 488 1291 534 perseveraret
1315 477 1358 520 in
1411 476 1485 520 illo
1517 477 1739 535 proposito

93 555 145 600 de
174 572 262 601 non
284 556 586 602 submittendo
613 574 656 602 se
681 558 892 612 Ecclesiae,
917 575 1006 603 non
1032 572 1230 617 poterant
1254 559 1331 604 sibi
1357 561 1588 604 ministrari
1609 575 1740 604 sacra—

91 652 236 684 menta
261 657 357 698 quae
384 640 568 698 petebat,
604 654 782 700 excepto
808 655 1076 686 sacramento
1104 644 1390 701 poenitentiae,
1421 642 1541 701 quod
1569 658 1739 701 semper

89 739 260 768 eramus
281 725 412 782 parati
433 724 651 769 exhibere.
682 726 775 783 Ipsa
796 741 898 770 vero
924 725 1144 784 respondit
1168 743 1175 769 :
1203 745 1223 768 «
1256 727 1345 784 Ego
1374 728 1584 770 nescirem
1618 726 1741 771 vobis

91 806 207 851 aliud
230 807 334 866 quid
356 807 512 853 dicere.
547 825 566 849 »

150 891 260 934 Item
288 890 369 934 fuit
405 892 443 934 ei
483 890 651 935 dictum
685 890 822 950 quod,
870 904 1035 950 quanto
1072 893 1166 951 plus
1209 892 1389 938 timebat
1420 893 1471 938 de
1517 895 1620 949 vita,
1663 909 1740 952 pro

92 972 345 1019 infirmitate
380 990 513 1033 quam
567 974 762 1029 habebat,
813 988 934 1020 tanto
987 975 1080 1034 plus
1123 976 1302 1022 debebat
1348 977 1578 1023 emendare
1606 979 1740 1022 vitam

91 1073 214 1103 suam
238 1075 249 1112 ;
278 1071 317 1102 et
347 1074 435 1102 non
458 1057 629 1103 haberet
657 1059 746 1114 jura
774 1059 985 1114 Ε66165116,
1024 1061 1132 1104 516111
1160 1060 1384 1115 catholica,
1408 1063 1490 1106 nisi
1523 1063 1611 1120 ipsa
1636 1061 1741 1107 sub-

91 1143 281 1187 mitteret
307 1158 350 1186 se
377 1143 456 1200 ipsi
476 1142 685 1187 Ecclesiae.
714 1143 954 1201 Respondit
979 1160 986 1187 :
1023 1161 1043 1183 «
1071 1144 1114 1188 Si
1137 1160 1293 1202 corpus
1322 1146 1535 1190 moriatur
1562 1147 1605 1190 in
1652 1162 1738 1191 car·

92 1241 202 1280 cere,
232 1241 313 1284 ego
340 1238 538 1284 exspecto
567 1242 636 1270 me
662 1226 783 1285 quod
811 1226 971 1270 faciatis
998 1229 1139 1285 ipsum
1175 1229 1279 1285 poni
1311 1230 1354 1272 in
1384 1241 1491 1273 terra
1512 1243 1677 1284 sancta3
1705 1230 1740 1273 si

93 1325 183 1354 non
216 1307 376 1354 faciatis
397 1311 540 1368 ipsum
563 1311 685 1369 poni,
715 1326 796 1368 ego
825 1326 894 1354 me
921 1323 1119 1369 exspecto
1146 1310 1196 1355 ad
1222 1313 1382 1356 Deum.
1411 1330 1430 1353 »

150 1393 258 1438 Item
279 1393 360 1438 fuit
377 1393 455 1437 sibi
475 1393 640 1438 dictum
666 1393 783 1452 quod
808 1394 909 1438 alias
927 1396 1014 1452 ipsa
1030 1393 1190 1439 dixerat
1214 1396 1256 1439 in
1282 1412 1361 1440 suo
1381 1412 1579 1454 processu
1601 1396 1736 1455 quod,

87 1477 121 1521 si
144 1478 233 1535 ipsa
266 1476 427 1522 dixerat
461 1490 535 1521 aut
569 1476 723 1522 fecerat
752 1477 915 1536 aliquid
941 1478 1059 1536 quod
1081 1491 1189 1523 esset
1221 1492 1369 1524 contra
1387 1478 1519 1524 fidem
1546 1492 1737 1525 nostram

90 1560 366 1606 christianam
394 1560 675 1606 ordinatama
702 1562 814 1615 Deo,
838 1562 926 1619 ipsa
951 1578 1040 1606 non
1062 1563 1192 1607 vellet
1218 1564 1446 1608 sustinere.
1475 1563 1736 1621 Respondit:

92 1663 112 1686 «
139 1645 227 1703 Ego
250 1644 385 1689 refero
408 1661 477 1689 me
504 1654 513 1671 ¹
545 1645 594 1690 ad
624 1647 955 1703 responsionem
983 1662 1115 1704 quam
1139 1646 1191 1691 de
1210 1646 1292 1692 hoc
1315 1647 1410 1702 feci,
1437 1660 1478 1691 et
1503 1647 1555 1692 ad
1579 1649 1740 1693 Domi—

91 1744 214 1773 num.
240 1746 259 1770 1)

141 1956 202 1995 Ad
235 1969 279 1995 ce
310 1956 378 2010 luy
401 1955 460 1996 fut
484 1956 540 1995 dit
567 1968 574 1995 :
601 1974 618 1992 «
645 1957 695 2012 Se
719 1956 902 1996 vouloie's
920 1958 1031 1996 avoir
1055 1957 1112 1996 les
1129 1957 1350 1997 droictures
1378 1968 1417 1997 et
1435 1972 1658 1999 sacremens
1689 1960 1737 2000 de

85 2027 261 2081 l'Eglise,
304 2027 330 2066 il
368 2026 558 2067 fauldroit
604 2041 681 2083 que
722 2042 824 2068 vous
863 2027 1017 2068 feissiez
1057 2042 1214 2068 comme
1254 2029 1310 2068 les
1353 2030 1454 2069 bons
1488 2030 1737 2084 catholiques

85 2099 263 2152 doyvent
284 2099 380 2138 faire
405 2110 442 2139 et
475 2113 576 2139 vous
600 2099 857 2139 submeissies
882 2114 901 2139 1
932 2101 1081 2140 saincte
1104 2100 1251 2153 Eglise.
1277 2118 1291 2136 »
1326 2102 1514 2154 Respond
1540 2117 1546 2140 :
1576 2118 1595 2138 «
1620 2104 1664 2151 Je
1687 2117 1736 2142 ne

85 2184 186 2210 vous
210 2185 258 2210 en
280 2184 443 2225 scaroye
467 2172 715 2211 maintenant
737 2181 847 2211 autre
871 2173 992 2211 chose
1017 2173 1114 2211 dire.
1138 2189 1156 2209 »

139 2243 248 2291 Item,
286 2242 355 2296 luy
373 2242 432 2282 fut
455 2244 513 2283 dit
542 2257 634 2297 que,
657 2253 741 2282 tant
778 2243 866 2296 plus
887 2258 928 2282 se
968 2245 1115 2282 crainct
1135 2245 1183 2283 de
1205 2258 1246 2283 sa
1265 2245 1329 2283 vie
1350 2258 1449 2297 pour
1488 2245 1522 2283 la
1544 2245 1734 2294 maladie,

83 2323 167 2353 tant
183 2314 270 2367 plus
296 2329 336 2353 se
355 2315 508 2354 devroit
529 2316 719 2355 amendes
737 2329 777 2354 sa
807 2316 870 2354 vie
891 2330 900 2363 3
933 2325 971 2355 et
993 2330 1041 2354 ne
1054 2316 1184 2354 auroit
1206 2329 1273 2368 pas
1295 2316 1350 2355 les
1376 2316 1486 2355 droiz
1510 2317 1557 2356 de
1577 2317 1737 2370 l'Eglise

87 2399 247 2426 comme
268 2386 514 2438 cafflolique,
541 2401 581 2426 se
612 2387 687 2426 elle
726 2401 774 2426 ne
798 2401 838 2426 se
861 2387 1102 2426 submectoit
1126 2388 1146 2426 a
1171 2387 1352 2440 l'Eglise.
1380 2389 1569 2441 Respond
1598 2403 1606 2427 ε
1643 2405 1661 2425 «
1688 2389 1738 2427 Se

89 2457 123 2496 le
145 2472 261 2512 corps
286 2468 415 2497 tneurt
448 2472 496 2498 en
530 2460 682 2511 prison,
719 2460 751 2510 je
799 2472 862 2498 me
891 2459 1031 2498 actend
1064 2472 1139 2512 que
1164 2459 1197 2497 le
1234 2458 1354 2498 faciez
1375 2460 1524 2499 mectr'e
1555 2474 1602 2499 en
1637 2470 1738 2500 terre

88 2530 236 2569 saincte
264 2544 272 2577 3
306 2544 346 2569 se
383 2544 431 2569 ne
464 2529 532 2583 luy
554 2530 690 2569 faictes
716 2540 879 2579 mectre,
907 2531 940 2582 je
972 2530 1073 2569 m'en
1104 2530 1244 2569 actend
1271 2531 1290 2569 {1
1322 2540 1455 2570 nostre
1486 2532 1695 2583 Seigneur.
1717 2548 1736 2568 »

144 2602 252 2649 Ilem,
274 2601 341 2654 luy
366 2601 424 2641 fut
442 2601 532 2655 [dit]
553 2616 629 2655 que
660 2601 847 2641 autrefois
872 2601 947 2640 elle
971 2603 1078 2641 avoit
1113 2602 1167 2640 dit
1192 2616 1240 2640 611
1260 2616 1330 2639 son
1356 2608 1494 2654 proces
1513 2617 1604 2655 que,
1631 2603 1738 2643 s'elle

87 2674 194 2712 avoit
211 2673 278 2711 fait
314 2686 365 2712 ou
402 2674 459 2712 dit
495 2674 668 2727 quelque
695 2674 816 2713 chose
841 2674 908 2726 qui
936 2672 1014 2712 fust
1046 2682 1183 2712 contre
1216 2683 1349 2712 nostre
1371 2673 1440 2726 foy
1464 2675 1733 2720 61116511611116,

86 2743 291 2784 ordonnee
310 2745 358 2784 de
398 2755 532 2785 nostre
555 2745 766 2798 Seigneur,
793 2744 938 2798 qu'elle
960 2758 1008 2784 ne
1031 2744 1235 2784 vouldroit
1258 2746 1372 2797 point
1399 2746 1612 2785 soustenir.
1639 2747 1737 2785 Res-

84 2816 218 2869 pond:
245 2832 264 2852 «
284 2817 328 2864 Je
354 2816 457 2855 m'en
480 2817 621 2856 actend
648 2817 667 2854 a
693 2817 726 2855 la
757 2830 949 2869 responce
976 2830 1051 2869 que
1074 2816 1152 2868 j'en
1175 2829 1223 2868 ay
1244 2815 1359 2855 faicte
1381 2826 1419 2855 et
1450 2817 1470 2855 :¹1
1495 2827 1627 2856 nostre
1651 2818 1738 2857 Sei—

89 2901 230 2940 gneur.
253 2904 270 2923 ))

144 3116 172 3141 1.
192 3107 223 3141 A
251 3118 260 3140 ;
283 3118 331 3141 me
353 3107 468 3152 refero.
