2099 3356
403 168 561 212 mocks
594 183 649 212 DE
682 183 1040 212 connmiNATlon
1076 184 1130 211 m:
1163 183 1326 224 JEANNE
1361 168 1486 211 D'ARC
1678 183 1760 225 297

118 282 164 320 Et
189 282 273 320 haec
303 291 395 320 sunt
419 295 507 335 quae
531 281 659 320 taliter
689 280 871 335 qualiter,
898 281 1114 320 reverende
1149 291 1271 333 pater,
1304 281 1445 320 elicere
1477 281 1581 319 valui
1602 281 1657 332 :ex
1687 283 1763 333 jam

117 352 230 392 dictis
253 352 427 392 articulis
464 353 646 392 extractis
683 366 727 391 ex
762 365 952 406 processu
975 353 1175 404 originali,
1203 352 1370 404 juridice
1394 362 1420 400 ¹,
1454 360 1496 390 ut
1526 352 1709 390 existimo
1732 361 1761 399 2,

116 423 245 472 fact03
271 437 362 463 cum
388 424 643 463 reverendam
666 433 836 462 vestram
866 424 1143 476 paternitatem
1176 433 1336 477 tamque
1361 423 1500 463 doctos
1522 433 1560 462 et
1580 433 1764 476 expertos

117 496 305 535 dominos
341 505 379 534 et
403 496 629 548 magistros,
666 509 734 548 per
757 495 939 534 eamdem
968 496 1006 533 in
1031 495 1104 534 hac
1128 496 1290 534 materia
1322 496 1511 543 accitos3,
1554 509 1573 534 a
1606 496 1763 534 tramite

117 567 307 615 veritatis,
334 568 555 620 praesertim
582 568 622 605 in
644 567 715 606 hac
738 567 914 613 materia,
939 567 1117 606 deviasse
1129 580 1416 620 usquequaque
1438 580 1519 606 non
1538 567 1587 606 sit
1611 581 1764 620 praesu—

118 638 324 677 mendum.
350 639 396 678 Et
417 639 524 686 licet,
549 648 637 692 post
659 639 931 678 doctissimam
956 639 1326 692 exactissimamque
1342 639 1460 691 hujus
1479 639 1533 677 rei
1557 638 1764 678 deductio-

117 724 225 757 nem,
251 710 469 764 quidquam
492 719 508 742 4
532 724 601 763 per
634 724 698 749 me
722 710 899 749 validum
925 719 993 749 aut
1016 715 1027 741 5
1058 710 1379 763 praemeditatum
1416 711 1455 748 in
1491 710 1564 749 hac
1600 711 1764 750 materia

115 781 301 835 explicari
327 781 443 835 [non]
468 781 609 830 valeat,
636 782 744 835 quod
776 782 909 820 minus
935 781 1036 820 male
1073 782 1202 820 sentio
1228 795 1347 834 super
1376 782 1437 820 his
1473 782 1602 821 eidem
1633 792 1764 835 pater-

115 854 226 893 nitati
248 863 387 893 vestrae
412 854 639 892 reverendae
662 854 738 893 hoc
753 855 768 880 6
792 854 966 906 exigenti
983 863 1020 893 et
1036 854 1238 892 mandanti
1261 864 1420 893 coactus
1445 855 1647 902 reserab03
1671 868 1765 908 qua-

113 925 329 965 lificatione
371 925 582 978 cujuslibet
614 926 845 964 assertionis
899 926 1061 973 omissa,
1110 939 1159 964 ne
1201 925 1336 964 videar
1384 927 1605 965 Minervam
1660 925 1764 965 velle

114 998 271 1037 docere.
298 996 496 1045 Profecto,
521 997 736 1035 reverende
750 1006 873 1049 pater,
900 996 1111 1036 foeminam
1130 997 1363 1050 hujusmodi
1385 998 1571 1036 existimo
1587 1007 1601 1032 7
1620 997 1765 1038 habere

113 1070 298 1123 spiritum
334 1068 536 1116 subtilem,
585 1069 631 1107 ad
674 1068 823 1107 malum
856 1082 1046 1122 pronum,
1085 1068 1287 1108 diabolico
1329 1069 1518 1108 instinctu
1554 1070 1764 1123 agitatum,

115 1141 364 1195 Spiritusque
387 1141 520 1180 Sancti
543 1141 667 1193 gratia
690 1154 876 1179 vacuum.
904 1142 946 1179 ln
971 1140 1055 1193 ipsa
1076 1141 1184 1179 enim
1210 1141 1290 1179 duo
1313 1141 1426 1193 signa
1448 1140 1511 1179 illa
1532 1155 1634 1195 quae,
1664 1151 1763 1181 teste

114 1214 228 1252 beato
265 1213 479 1266 Gregorio,
513 1213 637 1266 gratia
675 1212 846 1265 Spiritus
878 1212 1037 1251 Sancti8
1074 1225 1289 1265 personam
1323 1212 1511 1265 repletam
1552 1222 1760 1261 testantur,

114 1285 315 1333 videlicet,
334 1285 519 1323 virtutem
537 1294 574 1323 et
596 1283 879 1333 humilitatem,
906 1283 1134 1322 nullatenus
1156 1288 1395 1323 coneurrere
1411 1283 1666 1323 manifestum
1689 1294 1762 1334 est,

115 1358 146 1395 si
169 1355 301 1395 debita
337 1356 658 1395 consideratione
683 1355 786 1395 dicta
810 1356 989 1409 ejusdem
1013 1355 1191 1394 mulieris
1214 1356 1481 1394 attendantur.
1507 1356 1706 1402 Quinimo
1727 1367 1766 1396 et

115 1429 201 1480 ejus
225 1429 461 1467 assertiones
484 1428 615 1481 (salvo
647 1441 805 1481 semper
829 1427 987 1467 meliori
1007 1427 1195 1480 judicio),
1230 1427 1417 1466 videntur
1453 1429 1637 1481 quaedam
1669 1441 1763 1467 con-

114 1501 242 1540 traria:
279 1499 488 1540 catholicae
524 1499 633 1548 fidei,
668 1509 707 1538 et
746 1500 943 1539 haereticae
983 1509 1050 1538 aut
1094 1499 1233 1539 saltem
1266 1499 1313 1538 de
1336 1500 1475 1538 haeresi
1508 1500 1766 1539 vehementer

115 1582 330 1626 suspectae3
355 1581 393 1611 et
422 1573 484 1611 hae
505 1581 544 1611 et
577 1571 665 1611 aliae
687 1586 816 1620 vanae,
852 1572 1153 1625 superstitiosae,
1190 1571 1450 1620 scandalosae,
1490 1572 1597 1624 pacis
1628 1572 1765 1625 reique

115 1644 285 1697 publicae
310 1644 533 1689 turbativae,
559 1643 916 1697 multipliciterque
935 1653 973 1683 et
992 1642 1158 1683 forsitan
1180 1643 1269 1696 plus
1284 1643 1411 1697 'quam
1440 1644 1610 1696 exprimi
1639 1643 1765 1682 valeat

115 1709 384 1755 offensivae'et
418 1715 670 1768 periculosae.
706 1717 810 1761 Quae
849 1715 1012 1769 quidem
1050 1716 1301 1763 assertiones,
1348 1715 1476 1754 oculis
1510 1716 1764 1754 conniventi—

114 1787 201 1835 bus,
228 1787 375 1841 absque
399 1789 558 1841 justitiae
586 1787 762 1827 remedio
784 1797 1015 1841 opportuno
1040 1786 1339 1826 dissimulandae
1363 1797 1430 1826 aut
1460 1788 1764 1840 praetermitten-

114 1860 187 1906 dae,
216 1873 288 1899 nec
320 1873 470 1908 earum,
503 1869 622 1913 prout
649 1860 797 1913 justitia
827 1859 980 1907 suadet,
1019 1859 1223 1898 exsecutio
1249 1858 1482 1912 protelanda
1515 1872 1599 1897 esse
1627 1859 1764 1902 viden-

113 1941 197 1979 tur3
224 1931 316 1970 licet
350 1930 536 1970 nonnulli
562 1931 609 1970 ad
634 1931 741 1970 aliud
768 1931 964 1983 judicium
989 1930 1171 1979 forsitan,
1208 1931 1498 1970 discussionem
1534 1940 1570 1969 et
1595 1931 1762 1969 decisio-

115 2017 206 2042 nem
231 2003 349 2056 hujus
370 2017 499 2042 causae
517 2003 774 2042 remittendas
796 2004 1071 2057 opinarentur.
1097 2004 1202 2049 Quae
1224 2002 1387 2056 quidem
1406 2002 1589 2049 foemina,
1608 2003 1762 2041 etiamsi

115 2075 357 2114 revocandas
401 2076 638 2114 assertiones
669 2088 856 2114 revocare
892 2075 1077 2123 voluerit,
1118 2074 1190 2114 sub
1229 2074 1306 2113 fida
1340 2074 1462 2113 tutela
1493 2073 1765 2113 conservanda

113 2147 327 2195 videretur,
363 2147 508 2196 donec,
538 2156 657 2200 prout
696 2161 797 2200 opus
822 2156 895 2194 est,
934 2147 983 2186 de
1012 2146 1191 2200 ejusdem
1226 2147 1475 2186 correctione
1512 2156 1550 2185 et
1580 2146 1763 2185 emenda-

112 2220 221 2258 tione
259 2218 503 2258 sufficienter
535 2220 779 2272 apparuerit.
822 2219 888 2258 Sin
928 2229 1058 2258 autem
1085 2232 1271 2258 revocare
1296 2232 1385 2272 quae
1411 2228 1502 2256 sunt
1539 2218 1763 2256 revocanda

113 2291 300 2338 voluerit,
326 2291 482 2329 videtur
501 2291 548 2329 de
569 2304 613 2329 ea
635 2304 719 2329 esse
737 2290 965 2329 faciendum
984 2300 1026 2329 ut
1048 2291 1094 2329 de
1118 2291 1309 2343 pertinaci
1328 2300 1465 2329 contra
1479 2289 1597 2328 fidem
1618 2289 1763 2328 facien-

113 2363 209 2401 dum
230 2361 315 2401 fore
348 2371 524 2409 constat3
551 2376 708 2415 semper
726 2362 834 2401 salvo
863 2362 1013 2415 judicio
1038 2361 1215 2401 meliori.
1246 2363 1292 2400 Et
1309 2362 1395 2400 haec
1415 2371 1519 2409 sunt,
1548 2361 1762 2400 reverende

113 2444 223 2486 pater
243 2444 280 2473 et
307 2434 485 2481 domine,
516 2448 618 2487 quae,
646 2448 738 2473 cum
763 2435 875 2473 omni
907 2434 1189 2472 emendatione
1223 2433 1379 2472 meliori
1413 2434 1451 2471 in
1478 2433 1550 2471 hac
1581 2433 1760 2481 materia,

115 2506 212 2544 mihi
248 2506 294 2544 ad
332 2520 505 2559 praesens
535 2515 751 2545 occurrunt
790 2505 972 2544 dicenda.
1006 2507 1194 2544 Paratus9
1218 2505 1264 2543 ad
1300 2505 1550 2558 exsequenda
1591 2518 1762 2558 quaeque

113 2587 219 2630 grata
241 2578 371 2616 eidem
397 2588 537 2617 vestrae
573 2578 797 2631 paternitati
832 2577 1074 2625 reverendae,
1102 2590 1220 2630 quam
1240 2578 1374 2615 votive
1396 2586 1434 2615 et
1464 2575 1630 2615 feliciter
1666 2590 1761 2615 con-

113 2663 267 2688 servare
303 2649 488 2702 dignetur
525 2649 769 2688 Altissimus.
812 2650 1013 2702 Scriptum
1052 2648 1312 2697 Constantiis,
1361 2649 1499 2701 quinta
1546 2648 1608 2687 die
1649 2649 1758 2687 maii.

111 2721 300 2773 Ejusdem
326 2722 572 2774 paternitatis
594 2731 734 2760 vestrae
769 2721 996 2759 reverendae
1029 2734 1124 2758 suus
1162 2722 1201 2758 in
1240 2720 1444 2767 omnibus,
1477 2721 1759 2768 PHILIBERTUS,

113 2793 325 2846 episcopus
348 2793 681 2831 Constantiensis.
712 2810 726 2826 ι»
752 2793 817 2831 Sic
838 2793 1038 2845 signatum
1066 2808 1074 2831 :
1100 2808 1119 2827 «
1147 2792 1387 2831 SAtNTIGNY.
1414 2809 1432 2828 >³

167 2977 198 3002 1.
234 2966 299 3000 AC
329 2978 339 3000 .·
361 2967 536 3012 jurz'sdice.
559 2988 603 2992 -—
626 2977 658 3000 2.
683 2965 713 3000 C
731 2978 740 2999 .·
753 2967 879 3000 estimo.
896 2988 943 2990 ——
967 2965 1083 3011 3.AC
1102 2978 1112 3000 .·
1129 2967 1318 3000 ascitos.—
1334 2976 1368 3008 4.
1390 2965 1488 3002 ABC
1509 2978 1519 2999 .·
1536 2965 1758 3011 quidquid.—

117 3035 150 3068 5.
177 3025 241 3059 AB
264 3037 275 3059 .·
292 3037 371 3059 non.
397 3046 440 3049 —
471 3024 491 3060 6
528 3025 671 3069 Qomet
692 3025 757 3059 hoc.
777 3046 823 3049 ——
844 3036 877 3069 7.
902 3025 967 3060 AC
992 3037 1001 3058 .·
1022 3026 1156 3059 extimo.
1180 3046 1223 3049 ——
1246 3025 1278 3059 8.
1305 3025 1334 3059 Α
1361 3037 1371 3059 .·
1391 3025 1509 3059 Sanstl'
1527 3024 1690 3071 Spiritus.
1713 3045 1759 3049 —

113 3094 145 3129 9.
166 3084 197 3118 Α
220 3085 338 3130 ajoute
357 3096 442 3119 sum.
