2099 3356
346 177 505 220 Pssocisss
539 191 595 220 DE
628 192 981 221 CONDAMNATION
1017 194 1072 222 DE
1103 194 1268 235 JEANNE
1302 180 1431 239 D'Atzc
1620 194 1699 238 353

61 288 179 346 quod
201 290 278 332 ista
293 301 394 332 sunt
424 289 629 333 mendose
651 290 848 345 conficta,
878 292 1118 336 seductoria
1154 306 1195 336 et
1218 295 1468 351 perniciosa,
1496 293 1561 336 vel
1589 293 1706 351 quod

60 371 313 428 hujusmodi
336 373 617 417 revelationes
639 386 679 417 et
703 376 990 432 apparitiones
1006 389 1107 424 sunt
1126 378 1448 435 superstitiosae,
1471 375 1708 435 proceden-

61 468 124 499 tes
150 472 172 498 a
197 456 396 514 malignis
417 457 636 514 spiritibus
663 470 704 501 et
722 458 955 502 diabolicis.
985 477 1003 499 »

869 597 905 638 II

126 730 145 753 ‹<
183 714 310 767 ITEM,
333 728 380 757 tu
407 713 550 757 dixisti
569 713 687 772 quod
713 731 784 759 rex
804 730 904 759 tuus
930 715 1078 760 habuit
1101 718 1292 774 signum,
1318 734 1389 776 per
1415 718 1533 776 quod
1555 735 1712 776 cogno-

63 798 124 839 vit
142 808 183 839 te
207 812 295 839 esse
316 806 324 822 ¹
356 798 531 840 missam
554 813 576 841 a
597 799 706 850 Deo,
737 798 950 852 videlicet,
978 801 1076 857 quia
1111 814 1280 844 sanctus
1308 801 1508 854 Michael‚
1532 804 1714 846 associa—

62 891 132 922 tus
162 879 444 923 multitudine
480 881 752 938 angelorum,
797 898 987 939 quorum
1025 883 1201 940 quidam
1246 883 1459 928 habebant
1499 885 1599 939 alas,
1644 885 1713 929 alii

62 978 258 1016 coronaS,
283 979 382 1006 cum
409 963 567 1021 quibus
587 977 705 1007 erant
727 978 883 1008 sanctae
905 966 1137 1010 Katharina
1171 980 1211 1010 et
1241 968 1494 1025 Margareta,
1521 970 1637 1012 venit
1663 967 1714 1012 ad

65 1058 105 1090 te
132 1047 177 1089 in
204 1045 304 1090 villa
323 1045 374 1090 de
405 1047 818 1101 Chasleau—Chincm3
854 1062 894 1092 et
917 1049 959 1092 hi
988 1066 1140 1094 omnes
1175 1063 1318 1095 tecum
1344 1053 1609 1096 incesserunt
1643 1068 1716 1110 per

65 1129 221 1187 gradus
242 1131 364 1173 castri
388 1131 429 1173 in
458 1146 673 1174 cameram
696 1132 804 1189 regis
828 1133 907 1185 tui,
931 1148 1074 1176 coram
1102 1150 1191 1192 quo
1215 1135 1391 1192 angelus
1413 1151 1455 1179 se
1477 1135 1714 1189 inclinavit,

67 1215 140 1271 qui
176 1213 391 1257 deferebat
412 1221 635 1258 coronam.
665 1216 714 1258 Et
741 1232 825 1258 una
859 1217 965 1269 vice,
993 1215 1135 1261 dixisti
1160 1217 1294 1275 quod,
1323 1219 1499 1277 quando
1527 1221 1613 1278 ipse
1647 1235 1718 1263 rex

68 1311 169 1341 tuus
195 1296 344 1341 habuit
372 1297 478 1341 illud
506 1299 696 1356 signum,
738 1313 823 1342 erat
857 1300 994 1354 solus;
1033 1301 1113 1344 alia
1149 1303 1256 1354 vice,
1300 1302 1443 1346 dixisti
1479 1303 1596 1362 quod
1630 1305 1719 1361 ipsa

68 1397 244 1434 corona,
271 1397 400 1439 quam
431 1383 605 1439 signum
628 1383 828 1441 appellas,
853 1383 933 1426 fuit
962 1383 1113 1428 tradita
1147 1385 1467 1445 archiepiscopo
1496 1388 1716 1439 Remensi,

67 1465 142 1522 qui
172 1463 344 1508 tradidit
377 1481 471 1508 eam
500 1478 578 1509 tuo
605 1467 690 1523 regi
713 1467 931 1524 praedicto,
964 1469 1244 1526 praesentibus
1269 1470 1419 1513 multis
1456 1469 1719 1529 principibus

72 1560 113 1590 et
135 1547 328 1592 dominis
355 1564 464 1607 quos
486 1550 739 1593 nominasti.
773 1568 792 1590 »

137 1648 156 1670 «
186 1632 236 1675 Et
263 1645 478 1690 quantum
501 1631 551 1676 ad
574 1633 704 1684 istud,
746 1633 906 1691 praefati
929 1635 1067 1678 clerici
1094 1635 1246 1680 dicunt
1269 1636 1387 1695 quod
1428 1637 1508 1691 hoc
1543 1654 1632 1681 non
1659 1650 1721 1682 est

72 1715 320 1771 Verisimile,
351 1715 423 1759 sed
451 1729 512 1760 est
546 1716 826 1761 mendacium
852 1732 1267 1777 praesumptuosum,
1293 1719 1606 1774 seductorium,
1630 1736 1720 1779 per-

73 1800 304 1851 niciosum,
336 1802 562 1858 negotium
591 1801 826 1845 confictum
849 1815 889 1846 et
911 1802 1209 1861 derogativum
1237 1803 1436 1862 dignitati
1452 1805 1669 1863 angelicae.
1700 1822 1720 1844 >>

874 1946 931 1989 ΙΙΙ

137 2079 156 2101 <(
181 2063 305 2117 ITEM,
336 2076 381 2107 tu
410 2063 552 2108 dixisti
574 2064 692 2123 quod
719 2067 942 2123 cognoscis
966 2067 1141 2124 angelos
1159 2079 1199 2110 et
1224 2068 1412 2120 Sanctas,
1448 2084 1520 2125 per
1557 2067 1724 2112 bonum

72 2146 319 2200 consilium,
345 2147 710 2192 confortationem
732 2162 772 2192 et
802 2148 1041 2193 doctrinam
1069 2166 1165 2208 quae
1197 2150 1275 2194 tibi
1313 2150 1541 2205 dederunt,
1582 2165 1624 2195 et
1653 2167 1727 2210 per

75 2228 156 2273 hoc
192 2229 311 2288 quod
344 2248 386 2274 se
416 2233 755 2276 nominaverunt
792 2232 885 2286 tibi,
921 2246 961 2276 et
1000 2232 1118 2292 quod
1147 2235 1310 2278 Sanctae
1343 2247 1383 2278 te
1410 2235 1726 2289 salutaverunt;

76 2312 211 2357 credis
238 2315 368 2358 etiam
393 2314 512 2373 quod
549 2317 603 2359 sit
629 2329 801 2359 sanctus
832 2316 1033 2370 Michael,
1071 2318 1146 2375 qui
1182 2317 1259 2361 tibi
1292 2320 1503 2376 apparuit,
1543 2331 1583 2362 et
1608 2317 1728 2376 quod

79 2396 185 2441 facta
224 2413 377 2441 eorum
417 2410 458 2442 et
491 2398 602 2443 dicta
628 2413 729 2443 sunt
757 2398 884 2453 bona,
930 2416 1052 2458 aeque
1080 2400 1259 2445 firmiter
1293 2403 1403 2446 sicut
1436 2402 1569 2446 credis
1597 2401 1727 2446 fidem

82 2480 259 2525 Christi.
288 2500 307 2519 »

145 2583 163 2603 «
202 2566 433 2617 Quantum
458 2565 508 2610 ad
537 2567 667 2621 istud,
698 2567 838 2611 clerici
863 2567 1014 2611 dicunt
1035 2568 1153 2626 quod
1181 2568 1252 2612 illa
1274 2585 1363 2612 non
1391 2583 1492 2614 sunt
1516 2570 1730 2615 sufficien-

83 2650 141 2692 tia
167 2649 288 2706 signa
311 2649 362 2693 ad
405 2650 756 2708 cognoscendum
790 2651 964 2708 angelos
988 2664 1029 2695 et
1057 2652 1229 2696 Sanctas
1257 2653 1496 2710 praedictos,
1525 2653 1730 2713 quodque

83 2731 235 2776 leviter
249 2733 462 2778 credidisti
484 2747 526 2778 et
554 2747 715 2778 temere
743 2736 979 2788 asseruisti3
1003 2748 1044 2778 et
1077 2735 1270 2789 ulterius,
1300 2750 1513 2795 quantum
1535 2737 1585 2781 ad
1613 2754 1731 2782 com-

85 2817 352 2873 parationem
379 2833 511 2875 quam
537 2817 635 2861 facis
664 2816 714 2861 de
741 2816 956 2861 credendo
982 2834 1104 2876 aeque
1125 2818 1321 2873 firmiter,
1347 2831 1445 2873 etc.‚
1470 2832 1517 2863 tu
1545 2836 1656 2864 erras
1686 2822 1731 2863 in

87 2897 186 2943 fide.
215 2917 235 2939 ³>

142 3089 172 3113 1.
194 3079 230 3123 Q
255 3089 352 3114 omet
372 3091 447 3113 esse.

217 3161 346 3192 PRoces
369 3172 410 3192 DE
432 3163 564 3202 Jt-:ANNE
589 3164 705 3193 D'Anc.
1570 3176 1606 3206 23
