2099 3356
347 177 430 231 238
627 170 782 216 pRocizs
814 186 871 215 DE
902 183 1254 215 CONDAMNATION
1287 182 1344 214 DE
1375 184 1546 226 JEANNE
1578 167 1709 214 D'ARC

344 287 497 345 pondit
530 285 663 345 quod,
700 284 875 343 quando
903 284 1080 342 angelus
1109 285 1228 327 venit
1253 299 1398 328 coram
1426 298 1522 341 rege
1554 299 1652 338 suo,
1688 285 1776 342 ipse
1806 283 1984 342 angelus

342 371 440 415 fecit
473 370 757 415 reverentiam
788 367 902 412 dicto
935 368 1038 425 regi,
1074 366 1322 411 inclinando
1357 382 1400 411 se
1436 382 1580 411 coram
1617 366 1772 411 eodem
1811 382 1906 425 rege
1942 379 1986 412 et

341 452 667 514 pronuntiando
694 451 820 495 verba
841 467 937 510 quae
965 452 1052 510 ipsa
1077 450 1277 507 Johanna
1304 449 1410 494 dixit
1431 449 1482 494 de
1505 450 1658 507 sign03
1679 462 1735 504 et,
1763 466 1863 495 cum
1883 449 1982 505 hoc,

346 538 460 583 idem
499 536 675 594 angelus
708 534 934 579 reducebat
965 534 1107 578 eidem
1141 535 1228 592 regi
1262 550 1341 578 suo
1370 533 1423 578 ad
1458 534 1717 578 memoriam
1757 533 1981 592 pulchram

344 608 595 681 patientiam
631 635 763 677 quam
804 617 1022 671 habuerat,
1063 617 1306 662 secundum
1340 633 1516 675 magnas
1552 616 1850 662 tribulationes
1887 633 1984 676 quae

342 706 609 762 contigerant
630 704 666 747 ei
683 720 692 756 ;
711 715 770 756 et,
791 701 943 760 depost
965 703 1144 755 ostium,
1165 700 1281 745 idem
1307 701 1484 759 angelus
1504 700 1752 745 ambulabat
1767 713 1808 745 et
1824 699 1986 759 gradie-

343 789 467 833 batur
493 803 621 845 super
648 799 821 840 terram,
847 785 1063 830 veniendo
1089 784 1141 829 ad
1169 800 1312 843 regern
1340 784 1608 843 praedictum.
1640 810 1699 816 —
1724 785 1987 843 Interrogata

343 873 468 932 quale
499 872 685 929 spatium
715 881 803 913 erat
828 868 880 914 de
907 870 1019 913 ostio
1045 884 1182 927 usque
1206 867 1257 913 ad
1290 884 1433 927 regem
1459 867 1711 927 praedictum
1733 881 1741 908 ε
1768 867 1988 926 respondit

344 954 477 1015 quod,
504 956 613 998 sicut
640 955 728 1011 ipsa
754 954 954 1006 aestimat,
984 952 1091 996 bene
1112 965 1200 996 erat
1222 953 1408 1010 spatium
1433 937 1719 1011 longitudinis
1745 953 1875 997 unius
1898 951 1988 996 lan-

342 1056 454 1093 ceae3
497 1051 538 1081 et
578 1053 790 1095 regressus
825 1036 909 1080 fuit
948 1036 1125 1094 angelus
1154 1051 1226 1093 per
1252 1037 1364 1079 viam
1404 1051 1477 1094 per
1507 1051 1638 1094 quam
1678 1036 1765 1093 ipse
1795 1048 1984 1080 venerat.

339 1125 447 1168 Item
467 1122 573 1166 dixit
599 1120 734 1179 quod,
758 1119 934 1179 quando
954 1119 1131 1177 angelus
1148 1120 1281 1173 venit,
1310 1120 1398 1177 ipsa
1418 1119 1615 1175 Johanna
1635 1120 1857 1163 associavit
1881 1135 1983 1163 eum

341 1220 381 1251 et
408 1208 483 1250 ivit
511 1222 610 1249 cuni
635 1221 703 1258 eo,
731 1219 803 1263 per
827 1203 999 1262 gradus,
1031 1202 1082 1247 ad
1113 1218 1327 1247 cameram
1359 1204 1468 1260 regis
1495 1201 1712 1261 praedicti;
1741 1214 1782 1246 et
1809 1203 1984 1247 intravit

340 1292 480 1349 primo
509 1291 595 1348 ipse
623 1288 801 1345 angelus
824 1305 834 1341 ;
865 1300 905 1331 et
931 1286 1088 1331 deinde
1112 1288 1201 1344 ipsa
1227 1286 1428 1342 Johanna
1452 1286 1560 1331 dixit
1580 1287 1668 1344 regi
1698 1303 1707 1330 :
1734 1286 1981 1340 «Domine,

340 1390 434 1418 ecce
465 1375 637 1431 signum
673 1385 866 1416 vestrum
894 1389 903 1424 ;
939 1372 1111 1428 capiatis
1147 1371 1305 1428 ipsum.
1340 1387 1360 1411 »
1393 1396 1448 1402 —
1476 1371 1741 1428 Interrogata
1771 1386 1859 1428 quo
1889 1369 1984 1414 loco

338 1457 514 1516 angelus
536 1457 604 1500 ille
628 1455 706 1499 sibi
728 1456 922 1513 apparuit
949 1469 956 1497 :
982 1453 1201 1512 respondit
1222 1453 1339 1512 quod
1362 1455 1450 1512 ipsa
1476 1466 1565 1498 erat
1591 1454 1712 1512 quasi
1739 1469 1908 1512 semper
1939 1454 1983 1496 in

338 1543 549 1594 oratione,
580 1553 628 1584 ut
656 1541 772 1584 Deus
801 1540 989 1582 mitteret
1010 1540 1183 1596 signum
1206 1539 1284 1596 ipsi
1307 1539 1392 1595 regi
1418 1553 1497 1582 suo
1515 1555 1526 1592 3
1547 1550 1588 1581 et
1608 1549 1694 1582 erat
1720 1537 1913 1593 Johanna
1937 1538 1981 1580 in

338 1641 417 1670 suo
440 1625 644 1682 hospitio,
672 1622 870 1667 videlicet
892 1624 934 1666 in
955 1621 1089 1666 domo
1103 1623 1234 1666 unius
1260 1621 1385 1666 bonae
1406 1621 1615 1674 mulieris,
1642 1636 1773 1679 prope
1792 1633 1983 1665 castrum

338 1708 389 1753 de
420 1709 592 1761 Chinon,
621 1706 816 1765 [quando
843 1708 931 1763 ipse
964 1705 1139 1763 angelus
1171 1704 1335 1763 venit];
1373 1717 1413 1749 et
1438 1716 1582 1762 postea
1614 1704 1791 1762 angelus
1821 1716 1862 1748 et
1895 1705 1985 1762 ipsa

339 1793 535 1849 Johanna
564 1793 734 1835 iverunt
764 1791 891 1834 simul
913 1788 965 1833 ad
995 1788 1159 1833 dictum
1185 1804 1359 1846 regem;
1391 1801 1431 1832 et
1455 1801 1541 1832 erat
1575 1788 1645 1832 ille
1671 1788 1848 1846 angelus
1876 1787 1983 1832 bene

339 1878 566 1920 associatus
583 1875 674 1918 aliis
695 1874 855 1931 angelis
882 1872 1182 1917 exsistentibus
1199 1889 1299 1916 cum
1324 1888 1392 1926 eo,
1416 1855 1525 1930 q‘uos
1543 1888 1633 1916 non
1655 1871 1838 1930 quilibet
1862 1870 1984 1915 vide-

339 1960 433 2012 bat3
470 1973 525 2013 et,
558 1960 639 2002 nisi
667 1958 813 2002 fuisset
843 1973 918 2014 pro
945 1972 1090 2000 amore
1118 1958 1250 2015 ipsius
1275 1956 1503 2012 Johannae,
1532 1968 1573 2000 et
1607 1971 1682 2013 pro
1714 1954 1981 2000 removendo

337 2059 429 2087 eam
457 2056 571 2086 extra
597 2057 771 2100 poenam
795 2041 1029 2084 hominum
1056 2042 1130 2098 qui
1163 2056 1259 2084 eam
1287 2039 1538 2098 arguebant,
1569 2038 1676 2083 bene
1704 2039 1837 2083 credit
1863 2037 1982 2097 quod

336 2127 476 2184 plures
511 2140 657 2183 gentes
695 2141 783 2168 non
815 2123 1022 2167 vidissent
1055 2123 1258 2181 angelum
1286 2122 1598 2181 supradictum,
1630 2124 1705 2181 qui
1731 2138 1833 2166 eum
1861 2121 1984 2166 vide-

337 2222 449 2254 runt.
474 2235 531 2240 -—
552 2210 813 2265 Interrogata
832 2209 865 2251 si
882 2223 1035 2250 omnes
1056 2206 1116 2250 illi
1136 2208 1209 2264 qui
1229 2219 1347 2254 erant
1366 2206 1422 2249 ibi
1441 2222 1540 2250 cum
1563 2221 1657 2263 rege
1679 2222 1758 2250 suo
1781 2204 1984 2250 viderunt

339 2293 541 2351 angelum
579 2310 586 2335 :
619 2290 838 2349 respondit
869 2289 985 2348 quod
1013 2291 1195 2333 aestimat
1225 2289 1343 2348 quod
1376 2289 1983 2347 archiepiscopusRemensis

341 2390 381 2420 et
397 2376 567 2420 domini
591 2374 641 2418 de
664 2375 920 2426 Alenconio,
941 2372 992 2416 de
1016 2372 1277 2417 Trimoullia
1295 2385 1336 2416 et
1352 2355 1536 2416 Karolus
1552 2371 1603 2416 de
1620 2371 1839 2417 Borbonio
1866 2370 1982 2415 vide-

342 2473 442 2504 runt
471 2475 600 2512 eum;
629 2471 686 2511 et,
719 2469 934 2516 quantum
957 2469 1017 2500 est
1046 2456 1098 2500 de
1124 2472 1298 2510 corona,
1328 2456 1469 2514 plures
1490 2455 1692 2500 homines
1715 2455 1982 2500 ecclesiastici

340 2556 381 2587 et
406 2544 474 2587 alii
503 2542 704 2586 viderunt
726 2542 879 2599 ipsam,
903 2541 977 2599 qui
994 2556 1083 2584 non
1106 2539 1307 2584 viderunt
1321 2540 1540 2597 angelum.
1565 2565 1622 2570 --
1645 2540 1904 2597 Interrogata
1924 2537 1976 2583 de

340 2643 424 2685 qua
444 2626 579 2683 figura
602 2638 643 2669 et
662 2624 712 2668 de
729 2640 811 2682 qua
827 2623 1125 2681 magnitudine
1141 2635 1226 2667 erat
1242 2622 1378 2667 dictus
1399 2623 1574 2681 angelus
1595 2640 1603 2666 :
1628 2621 1849 2680 respondit
1863 2619 1980 2681 quod

343 2726 431 2754 non
458 2708 582 2752 habet
610 2709 824 2751 licentiam
849 2706 900 2751 de
928 2707 1010 2751 hoc
1036 2705 1236 2760 dicendo,
1265 2719 1307 2751 et
1331 2706 1448 2764 quod
1471 2708 1514 2750 in
1541 2707 1724 2751 crastino
1752 2703 1981 2763 responde-

340 2805 417 2836 ret.
436 2818 495 2823 —-
508 2792 785 2848 Interrogata,
803 2789 853 2834 de
867 2791 948 2833 illis
970 2791 1044 2847 qui
1060 2802 1180 2834 erant
1196 2791 1238 2833 in
1256 2791 1458 2833 societate
1473 2789 1628 2847 angeli,
1646 2790 1680 2832 si
1695 2804 1847 2833 omnes
1862 2799 1980 2832 erant

341 2874 537 2933 ejusdem
570 2874 717 2932 figurae
746 2891 756 2917 ε
786 2873 1006 2931 respondit
1033 2872 1151 2931 quod
1179 2872 1259 2917 sibi
1287 2874 1472 2917 invicem
1501 2872 1609 2917 bene
1638 2871 1982 2917 assimilabantur

341 2959 489 3017 aliqui,
518 2971 559 3002 et
579 2958 647 3001 alii
677 2974 782 3010 non,
806 2957 849 3000 in
878 2957 952 3001 illo
978 2956 1112 3001 modo
1134 2973 1221 3014 quo
1240 2955 1408 2999 videbat
1431 2972 1532 3010 eos3
1562 2968 1603 3000 et
1629 2955 1687 2999 ibi
1703 2967 1821 2999 erant
1847 2955 1979 3013 aliqui

343 3041 546 3085 habentes
570 3041 669 3094 alas,
703 3035 743 3083 et
774 3040 907 3098 aliqui
938 3041 1148 3093 coronati,
1179 3052 1219 3083 et
1247 3039 1317 3083 alii
1345 3055 1462 3093 non3
1492 3051 1531 3083 et
1559 3040 1688 3082 etiam
1710 3038 1767 3082 ibi
1795 3050 1913 3082 erant
1934 3039 1977 3081 in
