2099 3356
428 149 586 194 vxochs
619 165 674 193 DE
706 164 1057 194 coxmmnxriox
1095 165 1150 193 DE
1181 166 1346 206 JEANNE
1380 151 1508 194 D'ARc
1714 156 1793 208 167

146 262 400 321 corrigibilis
422 275 575 318 vestra,
606 263 1109 322 vehementersuspecta,
1132 263 1414 308 scandalizata
1430 277 1470 309 et
1497 281 1629 323 quam
1658 266 1792 324 pluri-

145 364 267 392 mum
302 347 414 405 apud
445 346 583 392 bonos
616 360 656 392 et
681 364 829 406 graves
857 349 1028 392 notorie
1055 347 1290 402 diffamata,
1313 348 1365 392 de
1391 362 1432 392 et
1457 364 1585 406 super
1606 348 1672 392 his
1695 365 1792 407 quae

143 445 400 489 sequuntur,
426 430 607 485 reddita,
652 431 819 485 tradita,
868 431 1038 475 liberata
1066 445 1106 476 et
1130 433 1342 486 restituta,
1374 448 1445 490 per
1473 448 1565 486 VOS,
1595 432 1793 490 praefatos

136 514 314 572 judices,
332 516 640 573 pronuntietur
662 529 702 559 et
729 515 967 559 declaretur
981 517 1161 560 sorceria
1183 517 1269 560 sive
1292 516 1509 573 sortilega,
1540 514 1786 570 divinatrix,

137 597 602 657 pseudo—prophetissa,
623 599 915 655 malignorum
932 599 1164 657 spirituum
1182 600 1418 643 invocatrix
1443 605 1483 643 e't
1501 600 1783 656 conjuratrix‚

139 683 449 740 superstitiosa,
477 694 516 726 et
547 683 720 739 magicis
759 681 919 726 artibus
948 683 1153 741 implicita
1179 699 1222 726 ac
1244 684 1460 736 insistens,
1489 683 1599 726 male
1623 684 1790 742 sapiens

140 767 182 809 in
218 779 258 810 et
294 765 344 809 de
369 765 451 810 fide
504 779 646 810 nostra
681 766 904 820 catholica,
936 767 1204 810 schismatica
1230 776 1257 820 ¹,
1295 768 1337 810 in
1388 767 1617 811 articulum
1654 769 1790 812 Unam

137 859 333 903 sanciam,
362 863 440 894 etc.
479 851 699 908 ipsiusque
742 850 840 894 fidei
871 850 1107 894 nonnullos
1131 851 1236 895 alios
1256 851 1475 904 articulos,
1498 850 1628 895 dubia
1656 864 1784 910 atque

141 932 278 986 devia,
303 933 518 991 sacrilega,
544 932 737 986 idolatra,
765 935 1005 991 apostatrix
1028 950 1049 977 a
1074 933 1172 985 fide,
1204 934 1410 978 maledica
1438 950 1483 978 ac
1513 934 1718 990 malefica,
1745 936 1788 978 in

144 1015 286 1058 Deum
317 1028 357 1059 et
397 1017 573 1059 Sanctos
610 1032 711 1059 suos
745 1015 1009 1074 blasphema,
1040 1015 1303 1070 scandalosa,
1331 1016 1545 1070 seditiosa,
1572 1016 1787 1061 turbativa

140 1100 251 1157 pacis
275 1110 315 1142 et
342 1101 433 1157 ejus
459 1099 724 1158 impedium,
755 1101 973 1144 excitatrix
997 1099 1047 1143 ad
1078 1099 1200 1153 bella,
1222 1101 1443 1158 sanguinis
1472 1101 1653 1145 humani
1687 1117 1787 1145 cru-

140 1181 291 1227 deliter
314 1182 546 1237 sitibunda,
571 1196 611 1226 et
633 1182 682 1227 ad
705 1184 838 1242 ipsius
854 1184 1112 1228 effusionem
1139 1185 1368 1237 incitatrix,
1390 1200 1514 1229 sexus
1535 1186 1599 1229 sui
1633 1184 1786 1229 decen—

139 1268 246 1311 tiam
274 1279 401 1325 atque
435 1269 763 1324 congruentiam
795 1269 886 1312 sine
917 1267 1175 1312 verecundia
1203 1270 1373 1325 penitus
1395 1268 1713 1327 derelinquens,
1743 1282 1784 1313 et

138 1350 378 1395 deformem
423 1351 616 1395 habitum
663 1364 911 1410 statumque
961 1353 1155 1396 virorum
1184 1365 1451 1396 armatorum
1495 1352 1783 1397 inverecunde

137 1451 375 1488 assumens,
402 1437 509 1479 circa
538 1434 628 1479 haec
647 1447 688 1479 et
709 1436 787 1479 alia
811 1435 923 1494 apud
955 1436 1098 1496 Deum
1127 1447 1167 1479 et
1195 1435 1395 1480 homines
1420 1435 1721 1481 abominabilis
1748 1445 1780 1491 ²,

136 1519 281 1577 legum
316 1518 476 1562 divinae
499 1532 541 1563 et
566 1518 771 1563 naturalis
797 1532 924 1578 atque
952 1520 1242 1563 ecclesiasticae
1267 1520 1503 1578 disciplinae
1531 1522 1758 1578 prrevarica

135 1603 232 1656 trix,
259 1604 503 1661 principum
550 1617 590 1646 et
620 1603 897 1661 popularium
926 1603 1140 1647 seductrix
1164 1622 1174 1658 ;
1209 1604 1502 1662 permittendo
1526 1617 1568 1648 et
1598 1620 1784 1649 consen—

135 1686 301 1740 tiendo,
326 1688 368 1730 in
399 1687 710 1731 contumeliam
739 1699 779 1730 et
804 1700 1105 1745 contemptum
1131 1689 1229 1743 Dei,
1257 1704 1299 1732 se
1319 1690 1508 1732 venerari
1531 1701 1573 1732 et
1590 1687 1773 1743 adorari,

132 1788 286 1815 manus
313 1787 410 1815 suas
430 1784 471 1815 et
510 1784 649 1815 vestes
697 1771 948 1815 osculandas
985 1771 1246 1825 exhibendo,
1292 1771 1427 1816 divini
1453 1772 1632 1816 honoris
1652 1786 1780 1832 atque

130 1855 271 1898 cultus
315 1857 572 1912 usurpatrix,
629 1856 826 1899 haeretica
857 1869 930 1899 aut
957 1855 1107 1899 saltem
1133 1857 1184 1899 de
1205 1856 1353 1900 haeresi
1378 1856 1660 1900 veliementer
1679 1873 1776 1901 sus-

129 1951 264 1997 pecta,
294 1955 339 1982 ac
366 1954 494 1997 super
537 1939 617 1992 his,
653 1941 769 1995 juxta
805 1952 846 1983 et
878 1938 1119 1983 secundum
1147 1939 1315 1984 divinas
1337 1952 1377 1984 et
1404 1942 1630 1984 canonicas
1658 1956 1777 1985 sanc-

131 2024 288 2076 tiones,
311 2025 517 2067 canonice
545 2039 589 2067 ac
618 2023 809 2081 legitime
836 2025 1039 2081 puniatur
1067 2036 1194 2082 atque
1222 2026 1474 2082 corrigatur,
1505 2040 1582 2068 nec
1610 2041 1698 2069 non
1728 2025 1777 2069 ad

130 2123 283 2151 omnes
311 2107 416 2151 alios
458 2120 499 2151 et
541 2107 735 2165 singulos
777 2108 884 2152 fines
914 2107 965 2151 ad
1004 2107 1094 2152 haec
1116 2109 1326 2167 propitios
1354 2121 1396 2152 et
1417 2107 1584 2152 debitos
1616 2126 1624 2152 :
1656 2108 1773 2163 dicit,

132 2193 336 2248 proponit
357 2207 402 2234 ac
445 2190 622 2249 probare
670 2191 856 2235 intendit
884 2204 925 2234 et
949 2192 1119 2235 animos
1158 2204 1321 2236 vestros
1349 2191 1491 2236 debite
1522 2193 1771 2243 informare,

129 2275 350 2330 Johannes
373 2274 425 2318 de
461 2275 668 2328 EstivetQ
698 2275 971 2319 ecclesiarum
1010 2276 1254 2333 Bajocensis
1288 2289 1329 2320 et
1357 2277 1621 2320 Belvacensis
1649 2293 1775 2321 cano-

130 2359 264 2411 nicus,
295 2370 519 2416 promotor
557 2375 631 2402 seu
661 2372 909 2417 procurator
953 2359 1084 2403 officii
1110 2360 1253 2412 vestri,
1275 2358 1418 2418 quoad
1469 2359 1551 2403 hoc
1583 2375 1655 2418 per
1699 2375 1777 2404 vos

126 2443 386 2485 commissus
411 2454 451 2484 et
476 2442 714 2498 specialiter
740 2441 987 2499 deputatus,
1017 2444 1197 2486 nomine
1219 2444 1351 2500 ipsius
1373 2443 1503 2486 officii
1526 2456 1568 2486 et
1588 2459 1664 2501 pro
1681 2444 1774 2501 ipso

125 2524 269 2568 officio
297 2537 415 2568 actor
439 2538 478 2568 et
506 2525 684 2575 delator,
709 2538 750 2569 et
778 2538 924 2569 contra
953 2524 1108 2570 dictam
1137 2525 1401 2582 Johannam,
1431 2525 1617 2570 delatam
1629 2543 1768 2580 ream,

124 2625 171 2652 ea
199 2625 294 2667 quae
335 2622 578 2667 sequntur3
630 2625 728 2653 cum
780 2611 1089 2668 protestatione
1135 2622 1278 2653 tamen
1323 2609 1441 2668 quod
1469 2627 1555 2654 non
1586 2610 1773 2654 intendit

127 2692 264 2737 dictus
308 2705 558 2751 procurator
597 2710 640 2738 se
668 2692 931 2751 adstringere
958 2693 1008 2737 ad
1040 2694 1182 2751 aliqua
1202 2693 1417 2751 superflua
1436 2694 1670 2752 probanda,
1698 2695 1771 2739 sed

129 2775 333 2820 duntaxat
359 2776 409 2820 ad
438 2792 483 2820 ea
496 2793 592 2835 quae
617 2777 832 2821 sufficient
859 2790 899 2820 et
919 2776 1113 2821 sufficere
1141 2790 1346 2835 poterunt
1382 2794 1426 2821 ac
1449 2777 1683 2831 debebunt,
1720 2778 1771 2822 ad

130 2875 258 2904 suum
277 2862 495 2904 intentum
516 2860 888 2919 consequendum,
914 2862 956 2903 in
974 2855 1067 2904 toto
1089 2862 1154 2905 vel
1184 2863 1227 2904 in
1248 2873 1363 2919 parte
1394 2879 1402 2914 ;
1431 2877 1528 2905 cum
1556 2862 1648 2905 aliis
1672 2878 1770 2919 pro-

181 3079 208 3102 1.
235 3070 264 3103 A
292 3082 300 3102 :
318 3070 518 3103 scismatica.
540 3091 580 3094 —
606 3080 636 3103 2.
655 3070 685 3103 A
711 3069 1003 3104 .-11l›l.⁷0minabilss.
