2099 3356
439 187 597 231 PRocr-,s
630 203 685 232 DE
718 202 1071 233 CONDAMNATION
1106 204 1161 233 DF,
1192 204 1358 245 JEANNE
1392 189 1517 234 n'ARc
1715 205 1792 247 391

157 298 444 362 subscripta,
475 299 620 348 latius
655 303 968 358 continetur;
1003 301 1233 366 deinceps
1258 318 1387 358 vero,
1419 314 1528 366 post
1565 302 1797 367 hujusce-

159 388 295 436 modi
318 399 522 436 tuorum
555 406 773 439 errorum
803 391 1179 456 abjurationem,
1211 393 1424 440 irruente
1457 403 1503 439 et
1534 392 1799 440 seducente

155 489 398 526 cortuum
415 491 610 527 auctore
639 480 918 528 schismatis
948 493 993 528 et
1015 481 1282 537 haeresis,te
1311 483 1359 528 in
1390 481 1589 529 eosdem
1618 498 1802 530 errores

153 579 199 615 et
230 569 277 615 in
307 569 500 632 praefata
532 570 753 627 crimina,
788 587 842 617 ex
870 572 968 618 tuis
999 571 1398 618 confessionibus
1430 573 1716 634 spontaneis
1754 583 1801 620 et

154 658 525 715 assertionibus,
580 660 757 707 iterum
794 660 945 723 (proli
984 660 1125 707 dolor
1143 662 1178 722 l)
1213 660 1458 713 incidisse,
1491 661 1627 709 velut
1664 663 1796 709 canis

155 747 212 794 ad
237 749 485 797 vomitum
519 750 688 796 refferti
718 749 857 805 solet,
878 750 1180 797 sufficienter
1207 762 1251 797 et
1281 751 1538 797 manifeste
1567 762 1790 808 constat;

154 837 419 900 potiusque
448 849 492 885 te
524 837 666 885 corde
696 838 811 885 ficto
840 855 989 901 quam
1022 840 1190 886 animo
1223 840 1413 887 sincero
1441 851 1487 886 et
1509 839 1656 896 fideli,
1687 851 1795 888 tuas

153 925 531 975 adinventiones
557 944 780 976 erroneas
805 939 944 976 antea
975 929 1122 976 verbo
1150 940 1295 976 tenus
1324 929 1602 992 abnegasse,
1637 929 1796 977 claris-

152 1018 292 1065 simis
317 1018 528 1083 judiciis,
567 1018 836 1067 habuimus
869 1020 1246 1083 comprobatum
1275 1039 1282 1068 :
1314 1035 1434 1067 HINC
1468 1035 1550 1067 EST
1573 1020 1723 1083 quod,
1749 1032 1794 1068 te

151 1110 199 1156 in
226 1110 493 1157 sententias
524 1110 1072 1166 excommunicationis,
1107 1126 1227 1172 quas
1256 1111 1486 1173 primitus
1506 1112 1790 1167 incurreras,

149 1211 195 1247 et
221 1200 269 1246 in
300 1215 483 1246 errores
510 1200 743 1263 pristinos
773 1200 1053 1247 reincidisse
1079 1199 1391 1256 declarantes,
1408 1211 1453 1247 te
1486 1199 1722 1263 relapsam
1750 1211 1796 1247 et

147 1289 424 1337 haereticam
471 1275 799 1345 decernimus,
845 1300 890 1336 et
925 1306 1006 1352 per
1048 1288 1173 1336 hanc
1220 1291 1514 1337 sententiam
1554 1301 1789 1345 nostram,

147 1395 297 1442 quam
346 1395 431 1442 pro
466 1379 701 1427 tribunali
737 1379 977 1435 sedentes,
1012 1380 1060 1426 in
1090 1379 1166 1427 his
1197 1381 1385 1443 scriptis
1414 1381 1709 1443 proferimus
1746 1392 1792 1427 et

146 1470 547 1533 pronuntiamus,
567 1481 627 1525 te,
655 1481 889 1532 tanquam
914 1470 1195 1518 membrum
1218 1470 1486 1534 putridum,
1507 1486 1566 1517 ne
1582 1481 1748 1517 caetera
1776 1478 1787 1494 ¹

147 1559 365 1607 membra
391 1561 566 1623 pariter
593 1559 797 1616 inficias,
828 1560 885 1606 ab
915 1561 1069 1623 ipsius
1097 1560 1321 1608 Ecclesiae
1350 1561 1537 1608 unitate
1575 1561 1790 1624 rejicien-

144 1650 257 1697 dam
286 1661 332 1697 et
356 1651 461 1714 ejus
486 1667 686 1713 corpore
709 1650 1090 1698 abscindendam
1118 1661 1147 1706 ²,
1175 1667 1369 1698 necnon
1393 1651 1622 1713 potestati
1643 1667 1789 1698 saecu-

143 1739 227 1787 lari
271 1740 666 1803 relinquendam,
705 1740 1038 1798 decernimus,
1070 1753 1215 1805 prout
1259 1742 1507 1805 rejicimus
1545 1740 1787 1788 abscindi-

144 1847 256 1878 mus
282 1836 357 1877 3et
386 1830 744 1893 relinquimus,
774 1842 1000 1894 rogantes
1020 1831 1243 1878 eamdem
1270 1841 1563 1894 potestatem
1595 1830 1789 1878 saecula-

140 1937 241 1967 rem
271 1931 533 1983 quatenus,
565 1922 681 1967 citra
710 1932 917 1967 mortem
953 1932 998 1967 et
1028 1921 1366 1968 membrorum
1398 1920 1783 1976 mutilationem,

140 2011 261 2057 circa
292 2021 337 2057 te
369 2026 517 2057 suum
545 2010 788 2074 judicium
821 2010 1130 2066 moderetur,
1169 2021 1214 2057 et
1242 2011 1281 2057 si
1315 2012 1363 2056 in
1399 2022 1444 2057 te
1484 2026 1593 2057 vera
1632 2011 1785 2073 poeni-

140 2101 305 2147 tentiae
331 2099 469 2164 signa
495 2101 822 2164 apparuerint,
852 2100 939 2147 tibi
969 2101 1274 2148 ministretur
1302 2100 1607 2163 poenitentiae
1639 2115 1784 2146 sacra-

142 2201 385 2237 mentum.
419 2209 440 2234 ›>

210 2299 231 2324 «
256 2281 308 2326 In
335 2281 540 2327 nomine
559 2280 781 2335 Domini,
808 2296 950 2327 amen
966 2295 994 2326 ⁴.
1017 2281 1282 2327 Universos
1308 2279 1529 2326 Ecclesiae
1552 2289 1781 2342 pastores,

139 2370 224 2432 qui
255 2369 453 2417 fidelem
483 2370 722 2417 dominici
751 2371 909 2433 gregis
932 2386 1097 2417 curam
1121 2386 1280 2433 gerere
1307 2380 1553 2432 exoptant,
1584 2385 1780 2416 summa

139 2476 231 2522 ope
264 2461 353 2506 niti
386 2459 522 2507 decet
548 2471 616 2515 ut,
634 2472 822 2523 quanto
842 2476 1060 2507 errorum
1092 2459 1384 2522 perfidiosus
1407 2471 1536 2506 sator
1558 2458 1782 2522 pluribus

139 2549 265 2596 dolis
296 2549 656 2613 virulentisque
694 2549 948 2596 fraudibus
986 2549 1113 2596 ovile
1153 2549 1333 2597 Christi
1367 2550 1540 2612 satagit
1569 2549 1780 2606 inficere,

135 2651 273 2686 tanto
313 2641 485 2704 majori
512 2640 765 2703 vigilantia
794 2651 839 2686 et
872 2640 1149 2686 instantiori
1180 2638 1517 2686 sollicitudine
1547 2640 1781 2701 pernicio-

135 2730 201 2776 sis
226 2730 332 2793 ejus
359 2729 620 2777 conatibus
649 2729 884 2777 obsistere
915 2729 1151 2785 laborent,
1185 2729 1452 2791 praesertim
1482 2728 1783 2776 instantibus

189 2991 217 3014 1.
239 2980 307 3015 AC
326 2980 483 3026 ajoutent
516 2980 656 3015 Cha-isti.
682 3001 728 3004 -—
755 2990 787 3014 2.
811 2980 845 3024 Q
865 2992 873 3012 :
893 2978 1133 3014 absct'demlim1.
1168 3001 1200 3004 —
1225 2989 1254 3024 3.
1273 2979 1306 3023 Q
1326 2979 1562 3015 :absi-idiunt&
1586 3001 1634 3005 —
1652 2990 1686 3022 4.
1712 2980 1780 3014 AC

135 3051 178 3073 en
202 3051 320 3085 marge
341 3052 347 3074 ς
372 3040 439 3074 [ssu
458 3041 533 3085 siti!
552 3046 616 3085 pro
644 3041 764 3084 niujom‘
787 3044 882 3085 parte
903 3039 980 3073 leslii
1002 3044 1076 3072 anlc
1095 3040 1337 3085 abjurationem
1366 3039 1529 3085 quondam
1544 3039 1703 3084 Johanmz'
1719 3053 1730 3080 ‚·
1749 3040 1776 3074 B

136 3110 179 3132 en
200 3110 318 3144 niarge
339 3112 345 3133 ς
378 3099 446 3133 Ista
467 3100 628 3133 sententia
642 3099 717 3144 sui!
740 3100 773 3132 in
796 3104 894 3145 parte
908 3100 1129 3144 prommlinla
1147 3103 1222 3132 ante
1241 3099 1495 3146 iily'uralhmem.
