2099 3356
270 79 522 135 maz&
566 112 570 118 ·
623 86 631 104 's
666 78 697 107 ξω

320 202 479 244 1)Ιί06Ιῖἰὸ
515 215 568 243 DE
601 213 955 243 CONDAMNATION
991 213 1046 241 DE
1079 212 1245 254 JEANNE
1281 198 1405 241 D’ARC
1610 212 1687 254 129

38 315 148 360 tibus
176 315 219 357 in
244 315 505 357 necessitate.
537 314 588 356 Et
609 326 704 371 post
728 312 886 356 saltum
907 311 969 355 fui
991 310 1198 366 confessa,
1221 324 1261 355 et
1284 311 1491 369 requisivi
1515 311 1685 353 veniam

38 415 59 443 a
84 398 295 442 Domino.
321 414 340 437 »
368 398 419 440 Et
441 398 571 440 etiam
601 395 728 440 habet
753 396 925 439 veniam
947 412 969 439 a
988 396 1201 449 Domino,
1226 407 1267 438 et
1291 393 1422 438 credit
1445 391 1563 452 quod
1583 392 1689 436 illud

43 497 130 525 non
155 492 241 524 erat
273 479 380 524 bene
401 479 558 524 factum
580 479 631 523 de
658 478 854 523 faciendo
886 479 1009 522 illum
1038 478 1194 522 saltum
1215 496 1225 532 3
1257 477 1331 521 sed
1356 490 1443 521 erat
1471 476 1580 520 male
1605 475 1693 519 fac-

44 578 153 608 tum.
182 564 290 607 Item
322 563 428 607 dixit
462 562 579 622 quod
620 564 697 606 scit
731 579 774 606 se
820 561 1017 606 habuisse
1052 563 1223 605 veniam
1265 577 1338 619 per
1380 560 1691 604 revelationem

46 660 198 693 sanctae
226 647 488 701 Katharinae‚
512 658 742 705 postquam
780 647 868 704 ipsa
901 645 1096 689 confessa
1123 644 1219 698 fuit,
1249 658 1292 688 et
1322 643 1439 702 quod
1468 660 1517 687 ex
1551 645 1695 688 consi-

49 732 107 775 lio
135 739 144 756 ¹
172 743 328 774 sanctae
352 730 599 774 Katharinae
625 729 707 774 fuit
734 729 942 773 confessa.
1383 784 1389 791 ¹

107 815 369 872 Interrogata
402 826 551 857 utrum
590 813 784 857 habuerit
811 811 862 856 de
894 812 974 856 hoc
1007 828 1209 871 magnam
1237 813 1543 869 poenitentiam
1571 829 1578 855 :
1613 827 1696 855 res-

51 896 203 957 pondit
231 896 347 956 quod
372 899 460 955 ipsa
488 898 673 956 portavit
696 912 828 941 unam
855 913 1057 954 magnam
1081 908 1244 955 partem
1266 895 1388 940 dictae
1409 897 1694 954 poenitentiae,

52 998 101 1025 ex
124 980 238 1025 malo
265 980 383 1039 quod
412 980 561 1025 habuit
589 982 632 1024 in
661 979 868 1025 cadendo.

108 1065 370 1123 Interrogata
395 1077 544 1108 utrum
572 1065 678 1109 illud
709 1063 981 1108 melefactum
1016 1063 1133 1122 quod
1163 1063 1262 1107 fecit
1293 1065 1336 1107 in
1365 1063 1577 1117 saltando,
1607 1079 1699 1107 cre-

48 1148 119 1193 dat
143 1147 271 1192 fuisse
292 1162 515 1206 peccatum
544 1148 725 1192 mortale
747 1166 754 1191 :
784 1147 1004 1206 respondit
1032 1147 1150 1207 quod
1171 1147 1280 1191 nihil
1302 1149 1393 1201 scit,
1427 1161 1467 1192 et
1489 1147 1607 1205 quod
1645 1146 1695 1190 de

55 1231 134 1276 hoc
161 1248 204 1276 se
226 1231 353 1276 refert
371 1233 482 1276 Deo.

109 1312 176 1357 Ad
197 1326 402 1371 quartum
426 1325 588 1366 autem,
619 1312 670 1356 de
695 1312 907 1371 portando
939 1312 1135 1357 habitum
1171 1312 1339 1356 virilem
1371 1330 1377 1356 :
1420 1308 1641 1370 respondit
1685 1325 1693 1355 2

56 1414 75 1437 «
104 1398 339 1455 Postquam
364 1395 406 1439 id
428 1395 534 1440 facio
560 1412 633 1454 per
653 1409 915 1454 praeceptum
939 1397 1019 1440 Dei
1040 1409 1081 1440 et
1106 1398 1151 1440 in
1175 1413 1255 1440 suo
1279 1398 1472 1450 servitio,
1503 1413 1582 1455 ego
1611 1412 1699 1440 non

55 1479 180 1525 credo
209 1480 319 1524 male
351 1496 500 1538 agere,
537 1492 578 1524 et
615 1479 790 1538 quando
818 1480 997 1537 placebit
1034 1481 1129 1524 Deo
1166 1481 1407 1538 praecipere,
1441 1482 1582 1524 statim
1614 1482 1700 1538 ipse
1763 1522 1766 1525 ,

57 1564 228 1608 habitus
255 1563 510 1622 deponetur.
545 1582 564 1604 »

56 1859 166 1912 apres
188 1858 223 1897 le
246 1857 346 1896 sault
370 1857 452 1896 s'en
473 1867 531 1896 est
555 1856 775 1905 confesse'e,
800 1867 837 1896 et
860 1871 908 1896 en
930 1871 950 1896 a
972 1858 1104 1911 requis
1124 1871 1258 1910 mercy
1283 1857 1303 1895 a
1327 1867 1460 1896 nostre
1488 1858 1698 1911 Seigneur,

55 1939 92 1969 et
115 1943 163 1969 en
188 1930 378 1983 apardon
401 1929 448 1968 de
476 1939 608 1968 nostre
644 1929 854 1981 Seigneur.
883 1930 930 1967 Et
963 1930 1085 1968 croist
1118 1943 1194 1982 que
1229 1943 1272 1968 ce
1314 1929 1474 1968 n'estoit
1509 1943 1576 1982 pas
1612 1929 1703 1968 bien

57 2000 125 2040 fait
148 2001 195 2040 de
219 2000 313 2040 saire
344 2015 387 2040 ce
413 2000 536 2046 sault;
565 2001 664 2039 mais
685 1999 765 2039 fust
788 2001 865 2039 mal
891 2000 973 2039 fait.

112 2075 221 2121 lieni,
255 2074 310 2112 dit
344 2072 487 2126 qu'elle
509 2074 603 2122 scait
629 2072 775 2126 qu'elle
797 2087 845 2111 en
869 2087 888 2111 a
917 2073 1068 2126 pardon
1096 2087 1163 2126 par
1194 2073 1229 2112 la
1260 2073 1434 2113 relacion
1473 2074 1520 2113 de
1554 2075 1701 2114 saincte

60 2145 284 2191 Kafflerinc,
307 2145 417 2198 apres
442 2144 586 2198 qu'elle
606 2158 654 2182 en
679 2144 737 2183 fut
765 2144 994 2191 confessee3
1021 2154 1058 2183 et
1093 2159 1183 2198 que,
1215 2145 1267 2184 du
1304 2146 1455 2184 conseil
1481 2147 1528 2185 de
1560 2147 1707 2185 saincte

64 2217 291 2264 Katherine,
313 2216 387 2255 elle
406 2217 488 2255 s’en
511 2215 708 2255 confessa.

117 2290 370 2341 Interroguee
393 2287 501 2327 s’elle
523 2302 571 2326 en
594 2288 681 2326 oult
700 2289 848 2341 grande
870 2289 1078 2341 penitance
1101 2303 1108 2326 :
1138 2290 1311 2342 respond
1339 2289 1483 2343 qu'elle
1518 2304 1564 2329 en
1597 2300 1710 2344 porta

63 2373 139 2399 une
157 2370 271 2413 grant
296 2361 435 2413 partie,
454 2360 504 2398 du
526 2360 601 2398 mal
624 2359 768 2413 qu’elle
788 2374 827 2398 se
847 2359 909 2398 fist
931 2374 979 2399 en
1003 2361 1156 2399 cheant.

115 2433 371 2485 Interroguee
403 2447 457 2479 se,
489 2446 531 2470 ce
565 2432 641 2471 mal
677 2431 745 2470 fait
780 2431 924 2485 qu'elle
950 2431 1012 2471 fist
1037 2432 1084 2471 de
1114 2432 1252 2481 saillir,
1291 2432 1398 2472 s’elle
1421 2434 1540 2472 croist
1565 2447 1641 2487 que
1666 2447 1710 2472 ce

63 2503 141 2543 fust
161 2504 301 2557 pechio}
333 2503 475 2543 mortel
503 2518 509 2541 :
539 2504 741 2556 respond:
775 2521 789 2537 τι
819 2505 862 2552 Je
896 2504 983 2542 n'en
1008 2518 1100 2556 scay
1129 2505 1229 2552 rien,
1257 2505 1355 2543 mais
1387 2504 1490 2543 m’en
1522 2505 1662 2544 actend
1692 2505 1713 2543 a

64 2585 195 2614 nostre
223 2576 434 2629 Seigneur.
465 2592 483 2611 >›

118 2649 180 2686 Au
202 2658 328 2701 quart,
355 2647 430 2686 elle
457 2658 569 2700 porte
593 2647 701 2686 habit
726 2647 901 2686 d'omme
930 2663 936 2685 :
978 2648 1148 2700 respond
1176 2662 1182 2686 :
1212 2665 1231 2685 <c
1266 2649 1357 2687 Puis
1391 2663 1468 2702 que
1511 2650 1545 2702 je
1578 2649 1612 2688 le
1642 2648 1714 2687 fais

67 2733 133 2772 par
155 2719 189 2758 le
210 2719 564 2758 commandement
594 2719 642 2758 de
675 2729 807 2758 nostre
837 2720 935 2764 Sire,
972 2729 1008 2757 et
1046 2734 1093 2758 cn
1133 2734 1206 2758 son
1241 2721 1406 2769 service,
1446 2722 1481 2773 je
1514 2735 1562 2760 ne
1600 2722 1715 2760 cuide

69 2791 183 2843 point
207 2790 283 2829 mal
309 2790 430 2835 faire;
455 2800 491 2829 et
516 2800 637 2844 quant
663 2790 687 2828 il
711 2790 764 2829 lui
786 2790 905 2842 plaira
924 2800 937 2816 2
958 2805 976 2828 a
995 2791 1313 2839 co1nmande1·,il
1339 2806 1422 2831 sera
1440 2802 1617 2831 tantoust
1642 2794 1716 2831 mis

73 2874 150 2913 lUS.
180 2879 198 2898 ))

129 3117 161 3141 1.
196 3106 226 3141 C
245 3107 363 3152 ajoutc
391 3113 512 3141 aulem.
537 3128 583 3132 ——-
608 3119 640 3141 2.
663 3108 730 3141 Ms.
755 3120 764 3140 .·
784 3107 907 3154 plal'sa.

168 3191 293 3219 Pnoci-:s
312 3200 353 3219 DF.
375 3191 502 3230 JEANNE
524 3191 629 3219 D'Auc
1344 3185 1349 3190 ”
1619 3203 1636 3233 9
