2099 3356
345 215 503 258 PRocfzs
536 229 591 258 DE
624 228 976 258 CONDAMNATION
1011 229 1067 257 DE
1098 230 1264 270 JEANNE
1298 216 1422 258 D¹ARc
1653 218 1701 259 81

59 327 290 372 Katharina
315 327 421 371 dixit
445 329 482 371 ei
510 326 629 386 quod
662 326 861 386 quaedam
895 326 1074 371 domina
1106 327 1214 382 alba,
1241 327 1391 372 induta
1412 340 1525 372 veste
1557 343 1706 382 aurea,

55 411 254 455 veniebat
281 410 332 454 ad
360 412 496 470 ipsam
512 410 812 465 Katharinam,
835 410 914 454 sibi
929 410 1074 455 dicens
1086 410 1204 470 quod
1226 412 1305 455 iret
1321 427 1393 470 per
1415 410 1547 456 bonas
1568 411 1707 463 villas,

5 476 10 481 Δ
57 506 99 539 et
119 493 236 553 quod
263 510 333 538 rex
354 510 457 538 suus
479 495 516 538 ei
540 493 703 538 tradere
733 493 905 538 haberet
937 494 1135 538 heraldos
1167 508 1207 538 et
1242 493 1453 539 tubicines
1474 511 1549 539 seu
1575 507 1711 539 trom-

61 590 176 638 petas
200 576 252 622 ad
279 577 524 622 iaciendum
553 577 806 637 proclamari
838 577 955 637 quod
981 579 1248 637 quicumque
1284 594 1458 632 aurum,
1481 591 1709 636 argentum

62 662 128 706 vel
143 661 394 706 thesaurum
423 661 595 706 haberet
626 661 927 706 absconditum
956 663 1101 706 statim
1130 675 1406 721 apportaret;
1436 675 1476 706 et
1503 662 1621 721 quod
1651 661 1710 706 illi

64 746 139 804 qui
164 745 234 789 illa
253 745 457 790 haberent
478 745 727 790 abscondita
764 758 806 790 et
835 762 924 790 non
949 759 1236 806 apportarent,
1267 746 1374 791 bene
1396 762 1713 805 cognosceren-

66 842 135 873 tur
157 829 208 873 ab
232 828 381 873 eadem
407 829 656 884 Katharina,
686 843 727 874 et
752 829 858 874 bene
904 832 1027 875 sciret
1063 832 1152 889 ipsa
1176 830 1313 875 dictos
1341 831 1561 875 thesauros
1590 832 1714 874 inve-

60 911 180 968 nire;
218 913 487 972 solveretque
527 930 576 958 ex
616 913 698 957 illis
733 914 935 958 homines
970 930 1191 958 armorum
1219 916 1353 972 ipsius
1386 914 1614 970 johannae.
1645 913 1713 958 Ad

65 996 199 1056 quod,
228 996 338 1041 dicta
360 997 559 1054 Johanna
599 997 742 1042 eidem
771 998 1017 1042 Katharinae
1045 998 1265 1057 respondit
1290 998 1408 1057 quod
1431 1011 1715 1043 reverteretur

68 1080 118 1125 ad
135 1082 339 1125 maritum
368 1097 514 1136 suum,
536 1094 576 1126 et
594 1080 747 1126 faceret
772 1083 942 1140 negotia
964 1081 1122 1126 domus
1141 1099 1243 1137 suae,
1267 1082 1416 1141 gallice
1436 1098 1711 1139 somnesnagc,

69 1177 110 1209 et
137 1166 322 1209 nutriret
351 1180 506 1223 pueros
530 1181 650 1209 suos.
687 1166 737 1209 Et
768 1182 844 1224 pro
866 1165 1041 1210 sciendo
1062 1165 1368 1211 certitudinem
1388 1166 1439 1211 de
1461 1165 1570 1211 facto
1587 1166 1716 1224 hujus

68 1249 328 1301 Katharinae,
359 1250 447 1308 ipsa
484 1249 685 1305 Johanna
723 1249 866 1294 locuta
900 1263 961 1294 est
1000 1264 1156 1294 sanctae
1182 1251 1432 1294 Katharinae
1463 1250 1531 1294 vel
1559 1263 1716 1295 sanctae

66 1334 336 1390 Margaretae3
366 1349 461 1392 quae
490 1332 691 1377 dixerunt
720 1335 755 1377 ei
799 1333 935 1392 quod,
974 1334 1026 1379 de
1066 1333 1177 1378 facto
1220 1333 1343 1396 dictale
1381 1336 1628 1378 Katharinae
1665 1333 1716 1378 de

69 1416 292 1475 Ruppessa,
320 1433 406 1461 non
437 1430 524 1460 erat
556 1418 637 1461 nisi
665 1417 864 1476 quaedam
888 1417 1075 1472 fatuitas,
1106 1431 1146 1462 et
1170 1417 1289 1477 quod
1314 1431 1458 1462 toturn
1482 1418 1590 1461 nihil
1613 1430 1714 1461 erat.

69 1501 329 1559 Scripsitque
344 1501 432 1558 regi
454 1517 533 1544 suo
554 1499 660 1544 illud
688 1500 806 1559 quod
831 1503 920 1560 ipse
944 1501 995 1545 de
1012 1502 1093 1546 hoc
1115 1501 1294 1546 debebat
1306 1501 1461 1556 facere3
1482 1515 1523 1545 et
1540 1501 1717 1560 quando

70 1582 187 1628 venit
215 1584 265 1628 ad
292 1585 450 1643 ipsum,
481 1583 586 1628 dixit
614 1585 651 1628 ei
686 1584 805 1643 quod
841 1598 928 1630 erat
964 1585 1150 1640 fatuitas,
1181 1598 1222 1629 et
1249 1598 1392 1629 totum
1418 1585 1524 1628 nihil
1553 1598 1639 1628 erat
1667 1584 1717 1629 de

68 1667 178 1712 facto
218 1668 331 1712 illius
375 1668 646 1723 Katharinae3
675 1681 820 1712 tamen
864 1668 990 1713 frater
1028 1668 1445 1730 Ricardusvolebat
1484 1668 1603 1727 quod
1649 1668 1718 1712 illa

67 1751 299 1795 Katharina
334 1765 565 1810 poneretur
600 1754 644 1796 in
672 1768 815 1811 opere,
849 1766 891 1797 et
921 1752 1021 1797 inde
1058 1753 1168 1797 male
1199 1753 1375 1798 fuerunt
1407 1754 1601 1797 contenti
1628 1761 1637 1778 ¹
1666 1751 1717 1796 de
1776 1743 1786 1749 ..

66 1836 154 1894 ipsa
173 1836 371 1892 Johanna
399 1836 624 1894 praedictus
642 1835 770 1881 frater
798 1837 1002 1882 Ricardus
1030 1850 1070 1882 et
1094 1838 1182 1896 ipsa
1204 1837 1452 1881 Katharina.

67 2015 203 2054 venoit
223 2015 243 2053 a
264 2015 338 2054 elle
357 2030 434 2054 une
457 2015 571 2055 dame
596 2015 763 2056 blanche
784 2026 921 2055 vestue
947 2017 994 2055 de
1021 2017 1115 2070 drap
1135 2017 1235 2065 d’or,
1256 2017 1323 2070 qui
1346 2016 1415 2069 luy
1431 2016 1552 2055 disoit
1573 2015 1716 2070 qu’elle

68 2087 160 2126 alast
180 2101 249 2140 par
274 2087 328 2126 les
351 2087 505 2127 bonnes
529 2088 656 2137 visses,
682 2098 718 2127 et
749 2102 825 2142 que
852 2088 888 2127 le
914 2102 981 2141 roy
1006 2088 1061 2127 lui
1087 2088 1242 2128 baillast
1263 2089 1330 2127 des
1352 2088 1515 2127 he'raulx
1537 2098 1574 2127 et
1596 2098 1719 2127 trom-

70 2168 202 2212 pectes
227 2173 329 2213 pour
349 2159 445 2199 faire
488 2161 601 2208 crier,
629 2161 878 2214 quiconques
906 2161 1021 2199 airoit
1052 2174 1110 2206 or,
1153 2170 1289 2213 argent
1323 2172 1375 2198 ou
1414 2161 1540 2198 tresor
1569 2160 1715 2207 mucie‚

71 2230 379 2285 qu'ilapportast
401 2241 601 2280 tantoust3
625 2242 663 2271 et
681 2246 758 2286 que
780 2232 890 2271 ceulz
913 2233 981 2286 qui
1001 2246 1050 2271 ne
1076 2232 1111 2271 le
1137 2231 1321 2280 feroient,
1343 2242 1382 2271 et
1402 2232 1469 2285 qui
1491 2245 1540 2270 en
1565 2232 1720 2271 aroient

73 2301 120 2341 de
136 2303 304 2350 muciez,
332 2303 476 2357 qu'elle
493 2303 547 2342 les
579 2304 873 2357 congnoistroit
897 2304 1005 2353 bien,
1022 2314 1059 2343 et
1077 2305 1219 2353 scaroit
1234 2313 1395 2343 trouver
1410 2303 1530 2342 lesdiz
1549 2305 1694 2342 tresors
1714 2318 1722 2351 ;

74 2383 111 2413 et
126 2388 201 2428 que
232 2388 276 2414 ce
298 2375 418 2414 seroit
443 2390 545 2429 pour
568 2377 676 2429 paier
700 2375 755 2415 les
776 2390 872 2430 gens
905 2375 1071 2415 d’armes
1093 2375 1249 2415 d'icelle
1274 2376 1468 2425 jehanne.
1500 2376 1533 2413 A
1557 2389 1665 2429 quoy
1689 2374 1725 2413 la

74 2445 152 2485 dite
174 2447 356 2496 Jehanne
380 2448 586 2501 respondit
611 2462 685 2501 que
702 2447 777 2487 elle
800 2458 1023 2488 retournast
1038 2449 1057 2487 ἐι
1071 2462 1143 2487 son
1170 2462 1295 2500 mary,
1314 2446 1407 2486 faire
1427 2461 1499 2486 son
1523 2447 1725 2500 niesnaige

73 2527 110 2556 et
131 2518 288 2557 nourrir
309 2533 368 2558 ses
387 2519 541 2558 enfans.
567 2521 614 2558 Et
640 2534 743 2572 pour
761 2534 808 2559 en
833 2520 964 2558 savoir
985 2519 1018 2558 la
1043 2520 1272 2568 certainete‚
1302 2519 1377 2558 elle
1400 2518 1506 2572 parla
1531 2519 1551 2556 a
1578 2518 1727 2557 saincte

75 2589 314 2642 Marguerite
352 2604 402 2629 ou
440 2591 590 2630 saincte
632 2592 865 2640 Katherine,
902 2592 969 2645 qui
1004 2591 1073 2644 luy
1108 2592 1235 2630 dirent
1272 2605 1348 2644 que
1370 2590 1423 2629 du
1448 2590 1516 2629 fait
1541 2590 1589 2629 de
1614 2589 1727 2629 icelle

76 2659 290 2700 Katherine
312 2663 473 2701 n'estoit
511 2676 587 2716 que
627 2662 740 2711 solie,
778 2673 814 2702 et
851 2664 967 2702 estoit
997 2672 1085 2702 tout
1123 2664 1247 2701 nient.
1276 2663 1322 2701 Et
1347 2663 1493 2715 escript
1516 2663 1536 2700 a
1562 2675 1634 2700 son
1658 2675 1728 2714 roy

80 2731 221 2784 qu’elle
243 2732 312 2786 luy
336 2733 458 2772 diroit
485 2748 526 2773 ce
552 2733 647 2787 qu'il
669 2748 717 2773 en
744 2735 879 2774 devoit
907 2734 1002 2773 faire
1024 2750 1032 2784 3
1066 2744 1103 2773 et
1135 2743 1258 2788 quant
1282 2733 1356 2772 elle
1380 2735 1466 2772 vint
1498 2735 1518 2772 a
1547 2733 1632 2785 luy,
1654 2732 1729 2771 elle

81 2802 149 2856 luy
170 2804 246 2843 dist
267 2818 343 2858 que
368 2805 524 2845 c’estoit
548 2805 642 2845 folie
668 2815 704 2845 et
726 2816 813 2845 tout
832 2807 941 2845 nient
963 2806 1014 2845 du
1040 2805 1109 2845 fait
1135 2806 1181 2844 de
1206 2805 1348 2845 ladicte
1376 2806 1592 2844 Katherine
1609 2819 1618 2853 3
1637 2814 1731 2843 tou-

84 2876 255 2914 tesvoies
288 2876 388 2916 frere
417 2878 587 2916 Richard
610 2878 765 2917 vouloit
786 2892 861 2932 que
883 2892 935 2917 on
963 2878 997 2917 la
1030 2879 1121 2917 mist
1157 2892 1206 2916 en
1232 2891 1398 2925 oeuvre3
1429 2887 1467 2916 et
1488 2891 1535 2916 en
1556 2885 1626 2915 ont
1649 2876 1729 2914 este

85 2945 161 2983 tres
186 2946 263 2984 mal
286 2945 486 3001 [contens]
509 2947 623 2986 d'elle
648 2948 782 2987 lesdits
803 2947 904 2987 frere
926 2948 1084 2987 Richart
1103 2958 1139 2986 et
1165 2948 1306 2998 ladicte
1328 2947 1557 2986 Katherine.

140 3139 169 3163 1.
207 3130 367 3165 Contenti
382 3132 500 3178 aj0utc'·
521 3145 564 3167 en
583 3145 702 3180 marge
721 3134 765 3168 de
783 3134 828 3168 A.

217 3207 340 3238 Paocizs
364 3219 404 3239 DE
427 3210 551 3250 JEANNE
575 3211 690 3240 n'Auc.
1613 3209 1630 3238 ὁ
