2099 3356
352 180 432 221 134
628 164 787 208 PROCI'ES
819 178 877 207 DE
910 177 1263 207 CONDAMNATION
1298 179 1354 208 DE
1385 179 1550 220 JEANNE
1582 163 1713 208 D'ARC

408 279 675 335 Interrogata
707 293 776 331 an,
806 276 858 321 de
885 276 968 320 hoc
998 275 1117 335 quod
1145 275 1251 322 dixit
1277 289 1318 321 et
1350 276 1462 331 fecit,
1493 279 1579 336 ipsa
1619 277 1712 321 vult
1736 293 1780 321 se
1806 276 1988 322 submit-

347 374 434 406 tere
453 373 493 405 et
522 360 674 404 referre
691 359 1046 404 determinationi
1067 344 1261 404 Ecclesiae
1291 369 1301 388 ¹
1332 377 1340 403 :
1365 360 1587 419 respondit
1608 378 1617 404 z
1645 377 1665 401 «
1694 360 1859 405 Omnia
1881 360 1990 405 dicta

348 457 387 488 et
413 444 520 488 facta
555 460 648 488 mea
679 456 781 487 sunt
801 445 844 487 in
882 459 1014 488 manu
1050 444 1147 497 Dei,
1184 456 1226 487 et
1251 443 1302 488 de
1324 443 1391 487 his
1415 457 1614 502 exspecto
1652 459 1721 487 me
1750 443 1802 487 ad
1824 444 1984 501 ipsum.

349 529 399 571 Et
461 526 647 571 certifico
694 525 817 570 vobis
865 526 984 584 quod
1039 542 1118 584 ego
1173 527 1280 571 nihil
1346 527 1500 571 vellem
1546 527 1680 571 facere
1729 540 1802 572 aut
1851 527 1990 572 dicere

347 623 493 655 contra
515 610 647 655 fidem
667 610 942 654 christianam
966 627 977 663 ;
1001 622 1058 663 et,
1089 611 1122 653 si
1149 625 1228 669 ego
1255 609 1416 668 aliquid
1446 609 1644 654 dixissem
1672 625 1744 655 aut
1778 610 1986 664 fecissem,

348 707 419 737 aut
447 693 565 751 quod
593 706 699 737 esset
727 708 852 751 supra
878 708 1032 751 corpus
1056 708 1220 747 meum,
1246 693 1364 752 quod
1389 693 1526 738 clerici
1557 695 1714 738 scirent
1736 693 1873 738 dicere
1898 709 1988 738 esse

348 789 496 821 contra
524 775 654 820 fidem
683 776 957 820 christianam
993 792 1123 834 quam
1165 777 1387 820 Dominus
1419 776 1638 831 stabilivit,
1674 792 1754 835 ego
1785 793 1874 821 non
1902 776 1988 821 vel-

351 860 438 903 lem
466 861 692 913 sustinere‚
719 859 791 903 sed
815 858 922 903 illud
943 859 1216 917 expellerem.
1249 876 1269 900 n

411 944 674 1001 Interrogata
701 959 754 986 an
784 942 836 986 de
862 943 943 987 hoc
971 943 1098 986 vellet
1124 958 1168 987 se
1194 942 1447 987 submittere
1466 943 1732 988 ordinationi
1760 943 1952 987 Ecclesiae
1981 960 1989 987 ε

354 1026 605 1084 respondit:
645 1043 665 1066 «
701 1027 790 1084 Ego
814 1042 904 1070 non
933 1026 1202 1084 respondebo
1227 1027 1349 1071 vobis
1382 1043 1499 1071 nunc
1528 1027 1642 1072 aliud
1667 1045 1678 1081 3
1706 1025 1779 1071 sed
1813 1027 1994 1070 mittatis

359 1111 465 1154 mihi
493 1110 697 1154 clericum
722 1109 790 1154 die
818 1109 997 1164 sabbati,
1019 1111 1052 1153 si
1078 1126 1166 1154 non
1191 1111 1322 1154 vultis
1347 1112 1507 1165 venire,
1539 1123 1580 1154 et
1614 1110 1666 1154 de
1695 1110 1776 1154 hoc
1803 1126 1882 1168 ego
1915 1109 1992 1154 sibi

356 1193 625 1253 respondebo
645 1210 745 1238 cum
764 1194 924 1238 auxilio
950 1195 1046 1247 Dei,
1070 1207 1109 1237 et
1132 1195 1375 1252 poneturin
1401 1195 1578 1252 scriptis.
1613 1211 1632 1234 »

415 1278 677 1334 Interrogata
705 1290 866 1330 utrum,
896 1277 1070 1335 quando
1094 1292 1219 1321 voces
1239 1293 1327 1321 suae
1351 1279 1548 1331 veniunt,
1572 1261 1694 1321 faciat
1716 1279 1774 1321 cis
1798 1292 1995 1321 reveren-

358 1363 461 1404 tiam
493 1360 703 1414 absolute,
730 1363 839 1405 sicut
866 1362 942 1404 uni
986 1362 1141 1404 Sancto
1165 1361 1232 1405 vel
1276 1363 1350 1404 uni
1381 1362 1544 1405 Sanctae
1578 1378 1586 1405 :
1627 1360 1844 1419 respondit
1876 1360 1992 1419 quod

358 1445 452 1498 sic;
494 1457 535 1488 et
572 1445 604 1488 si
639 1444 871 1502 aliquando
920 1459 1009 1488 non
1049 1443 1210 1497 fecerit,
1266 1446 1353 1502 ipsa
1388 1444 1439 1488 ab
1474 1446 1534 1488 eis
1577 1445 1776 1503 quaesivit
1822 1446 1992 1488 veniam

361 1526 526 1585 depost.
575 1528 665 1571 Nec
702 1529 779 1571 scit
834 1528 892 1570 eis
940 1526 1072 1571 facere
1113 1529 1169 1571 ita
1214 1543 1414 1584 magnam
1454 1529 1733 1572 reverentiam
1779 1529 1888 1571 sicut
1930 1542 1996 1571 eas

414 1747 670 1798 Interroguee
690 1760 729 1784 se
754 1746 801 1784 de
826 1759 869 1784 ce
898 1746 1042 1799 qu'elle
1064 1760 1083 1785 a
1110 1746 1165 1785 dit
1183 1756 1220 1785 et
1251 1746 1332 1794 fait,
1359 1745 1433 1785 elle
1455 1746 1563 1785 vcult
1591 1745 1667 1800 [se]
1692 1746 1930 1786 submeictre
1960 1756 1997 1786 et

359 1827 563 1871 rapportcr
586 1831 635 1856 en
661 1817 696 1856 la
720 1817 1093 1857 determinacionde
1110 1817 1269 1870 l’Eglise
1294 1832 1301 1856 ε
1329 1818 1500 1871 respond
1517 1818 1636 1871 (que)
1662 1832 1669 1856 :
1695 1834 1712 1854 «
1739 1818 1890 1857 Toutes
1913 1831 1996 1858 mes

361 1902 519 1928 oeuvres
543 1898 581 1927 et
603 1901 687 1928 mes
710 1888 781 1927 fais
801 1898 892 1928 sont
913 1899 1003 1927 tous
1025 1903 1074 1928 en
1100 1889 1135 1928 la
1163 1890 1268 1928 main
1295 1889 1342 1928 dc
1365 1890 1482 1937 Dieu‚
1503 1899 1541 1928 et
1559 1889 1662 1929 m'en
1697 1890 1837 1929 actend
1859 1891 1878 1929 a
1899 1889 1967 1943 luy
1987 1905 1996 1939 ;

360 1971 397 1999 et
420 1963 539 1998 'vous
579 1959 742 1999 certiffie
779 1974 855 2013 quc
880 1961 914 2011 je
950 1975 997 1999 nc
1023 1960 1232 2000 vouldroie
1255 1961 1337 1999 rien
1375 1960 1467 2000 faire
1490 1974 1543 1999 ou
1574 1961 1657 2000 dire
1693 1970 1831 2000 contre
1862 1960 1896 2000 la
1928 1961 1996 2014 foy

361 2033 610 2071 chrestienne
633 2046 643 2080 3
665 2041 702 2071 et
723 2045 762 2070 se
783 2033 817 2083 je
833 2045 959 2084 avoye
982 2033 1063 2071 rien
1081 2031 1148 2071 fait
1169 2045 1220 2071 ou
1247 2031 1303 2071 dit
1324 2033 1393 2085 qui
1413 2031 1491 2071 sust
1512 2046 1578 2071 sur
1599 2032 1634 2071 le
1668 2045 1784 2085 corps
1802 2032 1849 2072 de
1883 2045 1993 2086 moy,

362 2116 437 2156 que
462 2102 517 2141 les
542 2102 663 2141 clercs
682 2113 886 2141 sceussent
922 2103 1003 2141 dire
1032 2117 1108 2156 quc
1143 2116 1186 2142 ce
1208 2102 1283 2142 fust
1302 2112 1439 2142 contre
1473 2103 1507 2142 la
1540 2103 1608 2156 foy
1646 2104 1898 2144 chrestienne
1921 2117 1998 2157 que

363 2184 495 2213 nostre
525 2174 599 2213 sire
641 2175 694 2213 ait
722 2173 900 2221 establie‚
929 2175 962 2225 je
988 2188 1035 2213 ne
1073 2174 1281 2214 vouldroie
1307 2175 1506 2214 soustenir
1530 2189 1538 2223 3
1562 2175 1660 2213 mais
1702 2174 1736 2214 le
1780 2174 1997 2228 bouteroye

363 2246 470 2284 hors.
498 2262 516 2281 »

416 2318 463 2355 Et
483 2317 735 2369 interrogue'e
758 2316 865 2355 s'elle
888 2316 969 2356 s’en
1002 2317 1205 2356 vouldroit
1230 2317 1343 2370 point
1379 2316 1601 2356 submectre
1633 2330 1681 2356 en
1716 2316 2001 2358 l'ordonnance

364 2388 410 2426 de
427 2387 585 2439 l'Eglise
605 2388 800 2440 :respond
828 2402 834 2425 :
859 2405 876 2423 ‹<
894 2389 998 2436 Jene
1016 2402 1115 2426 vous
1138 2402 1184 2426 en
1208 2388 1709 2441 respondraymaintenant
1721 2398 1829 2428 autre
1853 2389 1999 2438 chose3

366 2459 462 2497 mais
485 2458 632 2497 samedi
663 2459 839 2511 envoyes
862 2472 956 2511 moy
988 2458 1022 2497 le
1056 2459 1173 2507 clerc,
1213 2473 1252 2498 se
1287 2459 1351 2511 n'y
1381 2459 1520 2499 voules
1540 2459 1668 2506 venir,
1695 2469 1731 2498 et
1764 2461 1799 2512 je
1835 2460 1902 2513 luy
1924 2474 2001 2499 res-

366 2530 544 2582 pondray
566 2529 612 2568 de
637 2543 679 2568 ce
699 2530 718 2567 a
734 2528 846 2568 l'aide
869 2530 915 2568 de
937 2531 1054 2576 Dieu,
1075 2540 1111 2569 et
1128 2543 1211 2569 sera
1234 2531 1307 2569 mis
1335 2543 1383 2570 en
1404 2532 1562 2583 escript.
1593 2548 1610 2567 >›

421 2602 675 2654 Interroguee
721 2614 775 2648 se,
809 2611 931 2653 quant
967 2615 1027 2640 ses
1058 2602 1149 2639 voix
1172 2602 1378 2650 viennent‚
1417 2601 1525 2642 s'elle
1566 2602 1651 2642 leur
1691 2603 1761 2642 fait
1792 2604 2002 2643 reverence

365 2672 641 2711 absoluement
672 2685 829 2710 comme
855 2672 874 2710 21
898 2686 981 2725 ung
1011 2673 1143 2712 Sainct
1176 2686 1229 2712 ou
1271 2673 1428 2712 Saincte
1456 2675 1665 2726 :respond
1699 2687 1775 2727 que
1812 2673 1910 2714 ouil.
1955 2676 2002 2714 Et

366 2743 472 2782 s'elle
493 2756 541 2782 ne
563 2742 610 2781 l'a
631 2742 697 2781 fait
724 2756 898 2781 aucunes
917 2742 1008 2791 fois,
1041 2744 1125 2782 leur
1145 2757 1192 2782 en
1224 2757 1244 2784 a
1268 2744 1346 2783 crie
1372 2757 1506 2798 mercy
1529 2755 1567 2784 et
1597 2746 1749 2798 pardon
1773 2745 1928 2798 depuis.
1956 2746 2004 2784 Et

369 2828 416 2852 ne
442 2814 525 2852 leur
548 2815 643 2862 scait
672 2813 767 2852 faire
794 2814 825 2852 si
853 2814 1001 2867 grande
1027 2816 1238 2855 rever-enee
1272 2828 1431 2855 comme
1453 2816 1473 2854 a
1515 2815 1609 2855 elles
1645 2817 1896 2869 appartient;
1939 2807 2004 2856 car

422 3069 449 3091 Ι.
473 3057 568 3091 ABG
584 3069 626 3092 cn
648 3069 767 3103 marge
788 3070 794 3092 :
815 3058 866 3092 De
884 3059 1097 3092 submissione
1114 3058 1275 3092 Erclesia'.
