2099 3356
320 142 399 184 180
581 140 741 183 PRocfzs
780 153 836 182 DE
877 151 1230 181 CONDAMNA‘rloN
1265 150 1322 179 DE
1352 149 1518 191 JEANNE
1551 134 1681 177 D'ARC

313 253 437 297 dictis
461 254 567 311 patri
601 265 641 296 et
680 253 823 304 matri,
869 250 993 294 dictae
1034 265 1158 294 voces
1193 248 1245 293 de
1273 249 1354 292 hoc
1395 264 1438 292 se
1486 246 1723 291 referebant
1754 254 1763 271 ¹
1811 244 1949 289 eidem

311 337 523 393 Johannae
545 336 757 394 loquenti.
779 360 837 365 —-
855 335 1117 392 Interrogata
1135 331 1187 376 de
1208 333 1390 376 somniis
1417 332 1545 389 patris
1567 331 1652 384 sui,
1689 344 1954 374 concernen-

313 420 427 464 tibus
465 436 560 463 eam
588 432 628 462 et
651 435 781 463 suum
807 431 1019 461 recessum
1055 434 1062 460 :
1108 415 1331 475 respondit
1369 413 1487 473 quod
1524 426 1659 458 mater
1696 429 1771 457 sua
1796 412 1955 471 pluries

313 503 421 548 dixit
449 504 522 552 ei2,
547 501 688 545 adhuc
716 517 818 545 cum
849 513 964 559 patre
1000 500 1240 553 exsistenti,
1271 497 1390 557 quod
1434 509 1551 556 pater
1579 513 1681 541 suus
1714 495 1876 540 dixerat
1911 509 1954 538 se

313 586 511 630 habuisse
549 586 719 629 somnia
759 584 876 643 quod
925 583 1036 627 dicta
1084 583 1284 639 Johanna
1331 593 1418 626 erat
1469 582 1579 625 itura
1623 596 1723 624 curn
1750 579 1950 637 gentibus

312 685 563 722 armorum3
594 682 635 712 et
662 667 712 711 de
740 668 847 712 bene
875 665 1160 711 custodiendo
1181 682 1275 710 eam
1301 664 1401 708 dicti
1431 676 1547 722 pater
1581 675 1622 707 et
1660 674 1796 706 mater
1821 661 1955 706 habe-

313 753 413 797 bant
433 768 634 810 magnam
661 767 826 804 curam,
851 763 1045 794 tenentes
1072 751 1208 808 ipsam
1236 750 1279 792 in
1312 764 1466 806 magna
1511 746 1773 804 subjectione
1797 764 1809 801 ;
1854 746 1955 803 qui-

314 835 392 880 bus
435 835 661 879 obediebat
700 830 752 878 in
790 833 1013 887 omnibus,
1063 833 1143 876 nisi
1184 833 1228 876 in
1260 847 1459 890 processu
1485 829 1701 884 Tullensi,
1743 830 1788 872 in
1831 844 1954 872 causa

314 919 581 962 matrimonii
612 926 641 960 ³.
686 918 796 961 Item
823 915 987 960 audivit
1019 907 1204 959 amatre
1241 903 1316 959 sua
1343 927 1508 973 patrem
1535 912 1675 957 dicere
1693 921 1710 945 ⁴
1755 909 1953 955 fratribus

313 1004 400 1046 suis
427 1003 470 1045 in
506 1002 621 1045 hunc
649 1000 866 1045 modum:
906 1019 925 1041 «
966 1001 1102 1064 Vere,-
1129 1000 1162 1042 si
1202 1014 1281 1056 ego
1318 1011 1513 1056 putarem
1551 1013 1643 1041 rem
1686 997 1954 1053 contingere,

313 1102 444 1144 quam
472 1086 687 1130 somniavi
713 1084 764 1128 de
786 1083 888 1137 filia,
917 1099 996 1141 ego
1024 1083 1180 1127 vellem
1220 1081 1338 1141 quod
1366 1098 1444 1125 vos
1467 1080 1798 1138 submergeretis
1821 1094 1916 1123 eam
1942 1095 1954 1132 ;

314 1182 355 1212 et
405 1170 486 1212 nisi
528 1168 734 1220 faceretis,
785 1180 956 1225 egomet
1020 1183 1114 1210 eam
1162 1165 1501 1224 submergerem.
1562 1179 1582 1201 »
1624 1164 1716 1216 Qui
1768 1161 1956 1220 praedicti

316 1266 509 1310 parentes
536 1267 644 1310 pene
672 1249 952 1309 perdiderunt
979 1266 1174 1303 sensum,
1202 1247 1378 1307 quando
1406 1249 1574 1291 recessit
1610 1246 1660 1291 ad
1686 1245 1881 1290 eundum
1902 1243 1953 1289 ad

316 1335 461 1378 villam
481 1334 532 1378 de
559 1335 810 1378 Vaucoulour
839 1341 868 1377 5.
891 1359 949 1364 —
970 1334 1233 1391 Interrogata
1259 1333 1292 1375 si
1311 1333 1482 1375 somnia
1506 1331 1575 1374 illa
1601 1342 1813 1374 venerunt
1850 1329 1955 1387 patri

311 1435 406 1472 suo,
444 1431 674 1476 postquam
702 1418 788 1476 ipsa
817 1417 967 1460 habuit
991 1417 1177 1460 visiones
1200 1432 1274 1459 seu
1299 1429 1453 1459 voces:
1485 1413 1707 1472 respondit
1734 1412 1853 1472 quod
1876 1414 1951 1465 ita,

315 1502 411 1560 plus
454 1518 585 1560 quam
641 1517 713 1559 per
757 1501 943 1559 spatium
987 1499 1175 1544 duorum
1220 1515 1454 1552 annorum,
1515 1511 1743 1556 postquam
1798 1498 1955 1554 primas

318 1585 468 1629 habuit
495 1601 633 1629 voces.

375 1747 450 1789 XI.
483 1763 501 1785 «
520 1746 642 1799 ITEM,
665 1744 775 1788 dicta
799 1744 1015 1800 Johanna,
1047 1743 1187 1788 habita
1214 1742 1501 1788 familiaritate
1533 1743 1633 1787 dicti
1658 1743 1849 1796 Roberti‚
1873 1744 1956 1800 jac-

317 1828 450 1873 tando
477 1846 534 1882 se,
558 1828 698 1872 eidem
735 1828 840 1872 dixit
879 1827 1012 1887 quod,
1043 1827 1250 1886 expeditis
1276 1840 1316 1871 et
1355 1826 1599 1885 adimpletis
1626 1828 1685 1870 eis
1712 1831 1727 1851 ⁶
1763 1842 1860 1884 quae
1885 1841 1959 1883 per

317 1914 624 1956 revelationem
661 1928 710 1955 ex
738 1924 853 1970 parte
896 1913 976 1955 Dei
1011 1924 1129 1955 erant
1160 1911 1237 1955 sibi
1275 1923 1496 1969 praecepta,
1524 1912 1610 1969 ipsa
1646 1910 1841 1954 habitura
1865 1921 1954 1953 erat

318 2010 399 2040 tres
424 1996 549 2049 filios,
573 2012 762 2053 quorum
801 1996 964 2053 primus
999 2007 1107 2038 esset
1137 1996 1262 2052 Papa,
1298 1993 1513 2038 secundus
1544 1995 1780 2051 imperator
1800 2005 1841 2036 et
1868 2006 1957 2036 ter—

319 2082 402 2124 tius
429 2096 514 2122 rex.
554 2079 644 2131 Qui
671 2078 849 2137 quidem
896 2079 1141 2136 capitaneus
1189 2078 1271 2122 hoc
1297 2077 1477 2121 audiens
1503 2077 1610 2121 dixit
1638 2095 1645 2120 :
1676 2094 1695 2117 «
1723 2077 1832 2135 Ergo
1874 2092 1955 2133 ego

316 2163 468 2207 vellem
496 2162 571 2206 tibi
596 2162 728 2206 facere
761 2178 918 2215 unum,
949 2178 1000 2205 ex
1024 2177 1112 2220 quo
1140 2174 1266 2205 erunt
1288 2163 1367 2205 viri
1396 2174 1524 2205 tantae
1550 2162 1813 2205 auctoritatis
1835 2172 1882 2203 ut
1903 2175 1953 2203 ex

315 2246 415 2290 inde
437 2246 592 2290 melius
618 2246 818 2290 valerem.
850 2263 869 2285 »
901 2245 983 2289 Cui
1008 2247 1095 2303 ipsa
1123 2244 1342 2303 respondit
1366 2262 1373 2287 :
1405 2262 1424 2284 «
1459 2245 1595 2289 Gentil
1618 2245 1770 2298 Robert‚
1796 2245 1949 2297 nennil‚

318 2331 470 2383 nennil,
495 2330 526 2372 il
559 2329 654 2373 n'c5t
675 2339 748 2388 pas
766 2338 884 2387 temps
897 2345 913 2381 ,·
934 2329 967 2372 le
988 2329 1289 2386 saint-Esperit
1304 2346 1330 2386 y
1352 2343 1519 2372 ouvrera
1541 2337 1554 2361 7
1583 2346 1602 2367 »
1624 2345 1634 2382 ;
1664 2340 1792 2386 prout
1816 2326 1954 2370 dictus

318 2413 531 2458 Robettus
549 2414 765 2470 praemissa
778 2414 820 2455 in
838 2412 1014 2456 diversis
1033 2412 1152 2466 locis,
1169 2412 1212 2455 in
1234 2412 1457 2469 praesentia
1469 2411 1760 2469 praelatorum,
1776 2427 1954 2470 magno-

319 2512 415 2540 rum
471 2496 755 2540 dominorum
798 2509 838 2539 et
882 2495 1142 2540 notabilium
1180 2510 1477 2552 personarum,
1525 2496 1717 2548 asseruit,
1752 2493 1860 2538 dixit
1915 2506 1956 2537 et

319 2579 562 2638 publicavit.
588 2597 607 2617 »

370 2877 399 2900 1.
422 2865 489 2899 AC
509 2877 519 2898 .·
539 2877 570 2899 se
590 2864 769 2910 referebant
790 2864 826 2898 de
842 2864 908 2898 hoc.
933 2885 978 2889 —
1001 2874 1033 2898 2.
1052 2864 1083 2898 Α
1110 2877 1120 2898 .·
1141 2865 1216 2898 sihi.
1248 2885 1293 2888 -
1323 2874 1352 2909 3.
1377 2864 1407 2898 C
1425 2875 1469 2898 en
1488 2875 1607 2910 marge
1637 2876 1643 2898 :
1675 2864 1767 2899 Voces
1780 2863 1953 2910 prohibue—

318 2930 398 2958 runt
427 2926 456 2958 ei
476 2937 514 2958 ne
529 2924 647 2958 diceret
668 2924 800 2969 aliquid
818 2923 855 2957 de
873 2925 941 2970 ejus
964 2935 1083 2958 recessu
1102 2929 1215 2957 curato
1233 2929 1291 2957 aul
1307 2924 1551 2968 consessori.-
1567 2934 1600 2966 4.
1623 2924 1654 2957 Α
1680 2935 1689 2957 ;
1711 2924 1886 2959 dicentem.
1913 2944 1954 2950 —

322 2995 351 3027 5.
374 2984 402 3017 C
424 2996 433 3017 .·
461 2984 677 3019 Vaucoulevr.
699 3003 741 3008 --
759 2982 791 3017 6.
813 2983 846 3026 Q
863 2994 873 3015 .·
891 2983 1054 3016 ommibus.
1074 3003 1121 3008 -—
1139 2993 1171 3027 7.
1194 2983 1225 3016 A
1250 2995 1260 3016 .·
1281 2994 1439 3018 οιιυεννα.
