2099 3356
384 176 542 219 PROCES
575 189 633 219 DE
664 189 1015 219 CONDAMNATION
1051 189 1109 219 DE
1139 190 1305 231 JEANNE
1339 176 1464 220 D’ARC
1662 189 1743 232 319

99 286 307 332 idolatriae
367 288 586 343 imminet,
647 303 693 331 ac
746 289 972 332 temerarie
1028 288 1204 333 credens
1255 288 1373 348 quod
1433 288 1539 333 adeo
1597 288 1747 333 leviter

98 370 208 415 credi
250 386 339 415 non
375 370 562 424 deberet,
610 384 702 416 esto
753 373 883 416 etiam
923 371 1041 429 quod
1078 388 1142 416 res
1178 372 1333 431 aliquae
1379 372 1458 417 sibi
1499 372 1578 416 hoc
1612 371 1746 417 modo

99 466 350 512 apparerent
368 453 510 512 (quod
542 468 684 498 tamen
710 454 861 499 fictum
891 471 980 500 esse
1013 455 1221 514 videtur).
1251 455 1449 501 Audebat
1478 458 1606 500 etiam
1639 471 1747 514 prze-

99 551 209 582 terea
237 537 376 582 dicere
403 536 522 596 quod
556 537 754 582 credebat
780 554 844 582 res
876 539 953 582 sibi
985 552 1236 597 apparentes
1266 555 1356 584 esse
1382 552 1546 584 sanctas
1583 539 1748 584 Katha-

100 621 240 664 rinam
266 633 306 664 et
331 622 613 679 Margaretam
635 634 677 665 et
702 621 893 678 angelos,
921 638 1041 680 :eque
1067 622 1246 667 firmiter
1271 625 1380 667 sicut
1405 622 1598 668 credebat
1613 622 1745 667 fidem

101 700 401 756 christianam;
431 706 473 748 in
503 721 592 763 quo
626 707 848 749 temerarie
879 705 1091 759 credebat,
1126 719 1167 750 et
1201 706 1424 751 videbatur
1446 708 1602 751 sentire
1628 707 1744 765 quod

103 804 191 832 non
214 789 266 832 sit
294 790 431 845 major
459 801 533 833 aut
558 790 700 847 potior
736 791 843 833 ratio
876 789 1076 834 credendi
1107 789 1239 835 fidem
1281 790 1553 835 christianam
1587 803 1628 834 et
1656 791 1747 847 ejus

100 871 302 916 articulos
328 873 403 930 qui
432 888 505 930 per
525 872 755 917 Ecclesiam
781 873 905 916 nobis
931 873 1177 927 traduntur,
1200 890 1331 933 quam
1354 874 1514 933 aliquas
1539 891 1603 918 res
1630 890 1746 918 novo

101 968 141 998 et
176 955 352 999 insolito
383 955 517 1000 modo
543 968 814 1014 apparente33
844 955 896 1001 de
931 957 1089 1015 quibus
1127 958 1243 1001 nulla
1276 957 1596 1011 determinatio,
1630 958 1747 1002 nulla

99 1039 358 1083 consultatio
384 1039 577 1083 Ecclesiae
601 1039 794 1093 habetur,
816 1041 906 1084 imo
920 1042 1056 1098 magis
1073 1057 1095 1084 a
1109 1040 1303 1095 Christo,
1321 1042 1484 1086 Sanctis
1505 1054 1546 1085 et
1566 1041 1747 1085 Ecclesia

101 1136 363 1182 praeceptum
392 1135 454 1167 est
472 1139 526 1167 ne
551 1123 708 1167 talibus
732 1124 1075 1182 apparitionibus
1097 1124 1199 1169 levis
1224 1124 1451 1169 credulitas
1474 1124 1741 1169 adhibeatur.

100 1207 151 1250 Et
178 1205 258 1251 fuit
280 1206 359 1250 sibi
387 1205 552 1251 dictum
574 1206 693 1265 quod
717 1207 824 1251 bene
850 1224 892 1251 se
908 1207 1132 1252 advisaret.
1160 1228 1179 1250 >›

162 1291 281 1335 Dum
309 1307 413 1335 vero
440 1289 639 1349 praefatus
663 1290 992 1336 archidiaconus
1023 1294 1101 1350 ipsi
1129 1292 1340 1349 Johannae
1370 1293 1585 1351 praemissa
1611 1308 1747 1351 expo-

97 1375 250 1418 suisset
280 1373 418 1419 verbis
444 1374 620 1433 gallicis,
660 1376 776 1431 juxta
800 1388 998 1420 tenorem
1037 1375 1228 1434 praedicti
1251 1377 1529 1431 memorialis,
1559 1378 1647 1436 ipsa
1666 1392 1748 1421 res-

104 1457 257 1515 pondit
285 1474 331 1502 ea
358 1474 456 1517 quae
483 1470 726 1516 sequuntur
746 1467 780 1502 ¹:

163 1540 245 1585 *Et
268 1542 426 1599 primo,
462 1542 513 1587 ad
555 1558 602 1587 ea
628 1559 726 1601 quae
764 1541 844 1586 sibi
869 1541 980 1586 dicta
1020 1543 1189 1588 fuerant
1227 1545 1270 1587 in
1299 1545 1442 1603 primo
1481 1556 1520 1588 et
1559 1543 1750 1588 secundo

101 1625 289 1670 articulis
317 1626 451 1684 ipsius
480 1626 760 1680 memorialis,
781 1625 1001 1684 respondit
1033 1643 1040 1670 :
1067 1642 1086 1665 t<
1114 1627 1204 1685 Ego
1232 1640 1403 1671 tantum
1434 1643 1550 1671 nunc
1574 1636 1586 1653 ²
1616 1627 1666 1671 de
1688 1627 1753 1671 his

107 1708 349 1767 respondeo
371 1722 587 1768 quantum
611 1710 663 1754 ad
691 1711 790 1754 alias
822 1709 1037 1768 respondi.
1074 1729 1092 1752 »

164 1794 213 1837 Et
241 1809 342 1838 cum
363 1793 442 1837 sibi
466 1793 725 1838 declaratum
755 1807 862 1838 esset
891 1794 996 1852 quid
1024 1807 1085 1838 est
1112 1794 1294 1838 Ecclesia
1313 1794 1517 1849 militans,
1541 1808 1581 1839 et
1601 1795 1748 1840 admo-

102 1890 275 1921 neretur
304 1877 356 1922 de
394 1877 585 1923 tenendo
618 1891 659 1922 et
691 1877 906 1922 credendo
947 1877 1071 1922 illum
1110 1878 1338 1922 articulum
1383 1879 1518 1922 Unam
1552 1888 1746 1930 sanctam,

101 1974 199 2015 etc.,
252 1974 292 2005 et
332 1960 451 2020 quod
492 1962 685 2006 Ecclesiae
739 1962 943 2006 militanti
978 1978 1020 2006 se
1059 1961 1348 2015 submitteret,
1397 1964 1513 2019 juxta
1554 1975 1750 2006 tenorem

100 2044 275 2089 secundi
299 2045 463 2089 articuli
493 2045 682 2104 praedicti
711 2046 997 2090 memorialis:
1031 2045 1254 2104 respondit
1282 2059 1290 2085 ε
1323 2063 1343 2086 «
1375 2046 1463 2105 Ego
1489 2046 1596 2090 bene
1623 2045 1749 2090 credo

104 2128 334 2173 Ecclesiam
359 2130 633 2173 exsistentem
663 2131 730 2173 hic
756 2129 934 2173 inferius
954 2148 964 2184 3
983 2129 1053 2173 sed
1080 2129 1130 2173 de
1148 2131 1253 2173 meis
1274 2128 1392 2174 factis
1413 2142 1454 2173 et
1477 2129 1616 2183 dictis,
1643 2131 1751 2173 sicut

102 2213 203 2256 alias
218 2229 298 2271 ego
319 2212 421 2268 dixi,
451 2229 532 2272 ego
550 2230 621 2258 me
641 2227 840 2273 exspecto
864 2227 905 2257 et
933 2213 1068 2258 refero
1092 2212 1141 2257 ad
1161 2214 1406 2258 Dominum
1429 2215 1588 2258 Deum.
1607 2214 1749 2257 »Item

158 2428 277 2466 *Item
302 2428 370 2481 luy
395 2428 451 2467 fut
477 2428 533 2468 dit
553 2443 559 2466 :
588 2445 605 2465 α
634 2428 837 2467 Autrefois
855 2442 956 2467 vous
980 2442 1073 2467 avez
1093 2429 1148 2467 dit
1173 2443 1248 2481 quc
1270 2442 1341 2467 vos
1365 2428 1436 2467 sais
1457 2433 1631 2467 leusscnt
1654 2443 1750 2468 x'eus

102 2509 139 2537 et
161 2500 295 2538 visitez
308 2509 462 2547 contre,
486 2513 644 2540 comme
664 2500 687 2539 il
711 2510 767 2540 est
780 2510 955 2540 contenu
978 2514 1026 2539 en
1052 2499 1085 2539 la
1104 2500 1244 2539 ce'dule
1257 2500 1536 2553 precedante.»
1560 2501 1749 2553 Respond

100 2585 176 2625 que
201 2581 335 2611 autaut
357 2586 405 2611 en
431 2573 605 2625 respond
631 2572 706 2611 elle
733 2573 994 2612 maintenant.

153 2644 245 2682 Item
272 2643 339 2697 luy
360 2643 419 2682 fut
438 2644 608 2683 declaire'·
634 2658 711 2697 que
733 2643 827 2683 c'est
847 2658 922 2697 que
947 2643 1106 2697 l’Eglise
1130 2643 1341 2691 militante,
1368 2653 1442 2683 etc.
1468 2646 1512 2683 Et
1539 2644 1752 2683 admones-

101 2715 161 2753 te'c
184 2715 230 2754 de
255 2716 382 2755 croire
412 2726 448 2754 et
473 2717 576 2755 tenir
598 2715 759 2754 l'article
791 2717 912 2754 Unam
934 2720 1097 2754 sanctam
1122 2715 1335 2763 Ecclesiam,
1359 2725 1453 2763 etc.,
1477 2725 1514 2754 et
1541 2716 1559 2754 a
1594 2715 1752 2769 l’Eglise

104 2786 298 2826 militante
323 2801 362 2826 se
384 2788 622 2827 submeictre
651 2802 656 2825 :
694 2787 866 2840 respond
893 2801 900 2825 :
943 2804 959 2822 ‹<
986 2788 1030 2835 je
1056 2801 1151 2840 croy
1180 2786 1268 2826 bien
1301 2786 1460 2840 l’Eglise
1495 2788 1541 2827 de
1575 2802 1623 2841 cy
1657 2787 1752 2836 bas;

104 2859 201 2897 mais
226 2859 274 2898 de
296 2872 380 2898 mes
406 2859 478 2898 fais
500 2869 538 2898 et
571 2859 645 2906 dis,
689 2860 788 2898 ainsi
823 2872 899 2912 que
925 2857 1113 2898 autrefois
1152 2858 1227 2911 j'ay
1263 2858 1333 2906 dit,
1357 2860 1391 2911 je
1416 2873 1479 2898 me
1515 2860 1654 2899 actend
1680 2859 1754 2914 [et]

157 3081 228 3116 1.A
235 3082 294 3117 BC
308 3094 351 3117 en
362 3094 480 3127 marge
497 3094 501 3116 :
524 3082 699 3128 Responsio
706 3081 865 3125 selmana:
878 3081 957 3125 (BC
968 3081 1125 3127 ajoutent
1139 3081 1378 3127 adpraedicta).
1393 3102 1438 3107 ——
1450 3091 1479 3117 2.
1493 3082 1523 3117 C
1537 3093 1633 3117 omet
1652 3094 1749 3118 nunc.
