2099 3356
372 183 528 226 pnoeizs
563 198 617 226 DE
650 197 1002 227 CONDAMNATION
1041 198 1094 225 DE
1125 197 1288 238 JEANNE
1327 183 1452 226 D'ARC
1650 198 1731 240 317

152 295 226 339 IV.
262 296 432 349 «Item,
478 295 594 354 quod
624 295 733 339 dicta
768 296 984 352 Jolianna,
1028 312 1116 339 non
1153 308 1356 340 contenta
1390 309 1556 354 portare
1605 282 1733 340 istum

93 377 289 422 habitum
313 394 412 422 cum
441 380 773 423 circumstantiis
799 379 1026 436 praedictis,
1052 381 1142 423 imo
1169 381 1298 423 etiam
1324 379 1493 424 volebat
1528 381 1737 424 sustinere

91 461 209 520 quod
244 461 351 505 bene
394 461 569 506 faciebat
609 475 649 506 et
686 479 774 506 non
819 463 1028 520 peccabat.
1060 464 1211 507 Dicere
1246 476 1389 507 autem
1425 463 1543 521 quod
1583 464 1736 521 aliquis

94 545 201 588 bene
224 545 346 588 faciat
369 544 585 589 veniendo
604 559 751 590 contra
779 545 996 590 doctrinas
1031 547 1305 598 Sanctorum,
1347 560 1551 605 praecepta
1594 547 1674 590 Dei
1696 559 1737 590 et

90 629 422 686 Apostolorum,
479 629 805 673 contemnendo
848 631 974 673 etiam
1016 642 1274 687 praeceptum
1318 630 1527 684 Ecclesiae,
1564 643 1736 689 propter

88 712 383 756 curiositatem
414 714 542 756 unius
569 712 804 756 indecentis
826 726 864 756 et
886 713 1104 757 inhonesti
1128 713 1312 766 habitus,
1337 727 1398 757 est
1419 729 1536 758 error
1561 715 1603 757 in
1628 713 1732 767 fide;

89 810 129 839 et
153 797 227 854 qui
256 796 383 840 vellet
412 796 492 840 lioc
513 798 780 854 pertinaciter
809 796 1036 840 defendere
1067 798 1109 840 in
1137 796 1332 841 haeresim
1359 797 1584 841 laberetur.
1617 797 1737 841 Ulte-

89 881 176 923 rius
202 881 333 923 etiam
363 881 439 923 ista
464 893 631 938 peccata
664 879 834 924 volebat
871 879 1102 924 attribuere
1140 881 1233 924 Deo
1271 894 1312 924 et
1351 882 1536 934 Sanctis3
1580 883 1621 925 in
1649 898 1737 940 quo

92 962 358 1021 blasphemat
385 963 531 1007 Deum
557 977 598 1007 et
623 965 810 1014 Sanctas,
846 963 1121 1008 attribuendo
1154 966 1213 1008 eis
1241 964 1358 1022 quod
1388 966 1486 1022 ipsis
1514 981 1603 1009 non
1632 981 1736 1009 con-

92 1048 231 1100 venit3
263 1062 363 1090 nam
392 1048 512 1091 Deus
539 1061 579 1090 et
602 1047 765 1090 Sanctae
795 1047 949 1091 volunt
974 1047 1090 1105 quod
1113 1061 1304 1091 servetur
1331 1050 1474 1092 omnis
1518 1048 1734 1102 honestas,

92 1130 209 1189 quod
233 1143 416 1188 peccata,
442 1132 711 1175 curiositates
736 1145 776 1174 et
800 1131 878 1174 alia
905 1132 1149 1184 evitentur3
1194 1148 1269 1175 nec
1297 1132 1452 1175 volunt
1484 1132 1602 1190 quod
1635 1149 1737 1191 prae-

91 1226 206 1272 cepta
244 1214 437 1258 Ecclesiae
466 1227 639 1272 propter
677 1213 774 1257 talia
807 1227 1160 1258 contemnantur.
1206 1214 1307 1258 Ideo
1349 1214 1610 1259 admonebat
1642 1232 1734 1260 earn

91 1297 208 1356 quod
230 1297 450 1341 desisteret
468 1297 605 1341 dicere
622 1298 723 1341 tales
749 1297 1048 1355 blasphemias,
1079 1314 1155 1341 nec
1188 1313 1464 1356 praesumeret
1483 1299 1578 1343 talia
1623 1302 1737 1343 attri-

93 1381 220 1425 buere
252 1383 343 1425 Deo
362 1394 402 1425 et
430 1382 612 1434 Sanctis,
636 1394 692 1434 et,
722 1393 926 1439 tanquam
958 1382 1085 1434 licita,
1115 1381 1357 1426 defendere.
1387 1400 1405 1421 »

146 1465 198 1508 V.
233 1482 252 1504 «
280 1466 404 1518 Item,
427 1463 544 1523 quod
570 1465 849 1522 quamplures
868 1464 1082 1508 solemnes
1105 1478 1144 1508 et
1179 1465 1386 1509 notabiles
1419 1467 1557 1510 clerici
1597 1470 1735 1512 consi-

21 1554 26 1558 ’
87 1547 344 1592 deraverunt
364 1561 405 1592 et
426 1548 653 1606 diligenter
680 1547 879 1592 viderunt
905 1564 950 1592 ea
978 1565 1075 1606 quae
1096 1548 1146 1592 de
1184 1549 1516 1594 revelationibus
1544 1564 1584 1594 et
1611 1568 1737 1609 appa-

89 1632 320 1676 ritionibus
339 1615 449 1676 dicta
472 1632 672 1688 Johanna
697 1632 948 1690 protulerat,
972 1645 1027 1685 et,
1057 1634 1228 1676 attentis
1255 1632 1527 1677 evidentibus
1562 1635 1737 1679 menda-

90 1717 163 1759 ciis
189 1732 286 1774 quae
313 1716 365 1760 de
405 1732 564 1760 corona
597 1715 735 1759 delata
763 1700 821 1759 ¹ad
863 1716 1071 1760 Karolum
1106 1728 1146 1759 et
1169 1715 1356 1760 adventu
1391 1718 1646 1776 angelorum
1683 1718 1734 1762 ad

90 1801 233 1858 ipsum
254 1800 536 1854 confinxerat,
561 1816 658 1858 quae
686 1808 805 1843 tum¹
832 1816 902 1858 pet
930 1799 1026 1843 illos
1064 1798 1176 1858 [qui]
1209 1801 1252 1843 in
1283 1801 1364 1843 illis
1398 1801 1588 1858 partibus
1618 1802 1736 1846 dein-

88 1900 185 1941 ceps
212 1883 400 1937 fuerunt,
430 1897 525 1928 tum
551 1899 624 1942 per
641 1884 760 1937 alios,
788 1885 888 1926 satis
915 1897 1208 1941 agnoscuntur
1222 1900 1309 1928 esse
1336 1884 1543 1930 mendosa
1567 1899 1609 1929 et
1636 1903 1736 1930 con-

88 1967 208 2021 ficta,
234 1966 513 2011 consideratis
534 1968 665 2010 etiam
688 1967 771 2010 illis
796 1983 892 2025 quae
929 1966 1093 2011 dicebat
1120 1966 1170 2010 de
1203 1968 1359 2011 osculis
1393 1981 1433 2012 et
1467 1956 1736 2027 amplexibus

87 2064 331 2095 sanctarum
360 2050 605 2095 Katharinae
630 2063 670 2094 et
696 2052 957 2109 Margaretze,
988 2064 1028 2094 et
1050 2050 1168 2108 quod
1197 2067 1263 2095 eas
1290 2050 1454 2096 dicebat
1487 2053 1682 2111 quotidie
1701 2062 1732 2108 ²,

88 2136 216 2178 etiam
237 2135 506 2188 multotiens,
532 2136 680 2178 venire
707 2134 758 2178 ad
780 2150 875 2178 eam
899 2136 991 2178 sine
1012 2134 1182 2192 speciali
1211 2135 1380 2189 effectu,
1410 2137 1501 2179 sine
1534 2153 1736 2195 apparen-

89 2220 160 2272 tia,
188 2231 360 2276 propter
379 2233 510 2277 quarn
534 2231 621 2262 tam
644 2217 888 2276 frequenter
911 2220 1020 2276 ipsas
1048 2218 1251 2262 advenire
1279 2219 1460 2273 deceret,
1491 2220 1605 2277 quod
1634 2237 1733 2264 nus-

87 2318 218 2361 quam
244 2302 387 2345 Sancti
426 2314 469 2346 et
499 2303 662 2346 Sanctae
688 2303 731 2345 in
762 2301 917 2352 talibus
943 2301 1284 2360 apparitionibus
1311 2304 1577 2347 miraculosis
1601 2304 1735 2348 facere

89 2398 430 2440 consueverunt,
454 2384 660 2443 quodque
685 2385 849 2429 dicebat
875 2402 918 2428 se
936 2385 1044 2428 nihil
1071 2386 1174 2428 scire
1203 2384 1254 2429 de
1278 2386 1481 2430 membris
1497 2400 1536 2430 et
1555 2389 1735 2431 circum-

89 2471 256 2514 stantiis
280 2485 443 2522 earum,
471 2483 756 2527 praeterquam
781 2468 832 2512 de
868 2469 1090 2527 capitibus,
1117 2469 1235 2527 quod
1266 2470 1386 2513 nullo
1407 2471 1538 2515 modo
1560 2487 1736 2516 concor-

91 2552 161 2597 dat
193 2566 279 2597 tam
314 2553 529 2611 frequenti
557 2553 735 2606 visi0ni3
771 2554 944 2596 attentis
982 2554 1107 2597 etiam
1148 2553 1294 2596 multis
1327 2570 1423 2611 quae
1463 2555 1628 2599 dicebat
1655 2556 1733 2600 sibi

91 2650 292 2695 praecepta
316 2653 404 2681 esse
428 2636 479 2681 de
502 2636 714 2694 portando
746 2636 960 2689 habitum,
1001 2636 1051 2680 de
1079 2635 1277 2680 faciendo
1305 2639 1401 2682 istas
1435 2641 1735 2697 responsiones

89 2721 235 2778 quales
260 2722 301 2764 in
332 2719 490 2776 iudicio
518 2720 630 2772 fecit,
660 2736 757 2778 quae
780 2735 867 2763 non
897 2721 1164 2763 conveniunt
1193 2723 1411 2778 praeceptis
1440 2723 1518 2765 Dei
1542 2736 1582 2765 et
1611 2724 1736 2766 Sanc-

89 2816 247 2858 tarum,
276 2821 352 2848 nec
372 2804 424 2847 ab
443 2805 502 2847 eis
525 2805 693 2862 praecipi
731 2802 940 2846 credenda
969 2816 1096 2856 sunt;
1138 2820 1225 2847 una
1260 2820 1359 2848 cum
1394 2808 1556 2849 caeteris
1586 2807 1735 2850 multis

91 2903 186 2945 quae
214 2887 410 2932 doctores
426 2901 466 2931 et
484 2888 606 2946 periti
637 2889 677 2929 in
704 2886 778 2929 hac
804 2887 979 2929 materia
1013 2886 1119 2929 bene
1150 2887 1528 2933 consideraverunt
1551 2903 1557 2932 :
1590 2889 1736 2934 vident

145 3080 214 3114 1.C
245 3093 255 3113 .·
277 3085 364 3115 tnnc.
391 3101 431 3104 -
454 3090 485 3113 2.
510 3079 540 3112 A
566 3078 731 3113 :rolhitlie
746 3090 757 3118 ,·
780 3077 809 3111 C
828 3089 838 3110 .·
855 3077 1031 3123 ιμιυΐλνιὶίῐσ.
