2099 3356
306 167 388 220 368
585 162 740 205 PRocizs
774 177 831 204 DE
863 176 1214 205 CONDAMNArioN
1248 177 1304 205 DE
1334 177 1500 218 JEANNE
1532 161 1661 206 D'ARC

303 276 323 313 a
345 289 428 327 mes
454 276 581 327 juges»,
615 288 690 326 que
712 274 849 327 jamais
875 283 884 299 ¹
908 287 975 327 par
999 273 1170 327 quelque
1192 283 1205 300 2
1230 274 1511 314 enhortement
1533 287 1587 314 ou
1619 283 1728 318 autre
1752 275 1942 323 maniere,

303 360 351 386 ne
364 357 621 399 retourneray
636 359 708 384 aux
725 359 876 384 erreurs
894 346 1038 384 devant
1053 346 1129 394 diz,
1148 346 1334 399 desquelz
1356 353 1367 378 3
1386 346 1411 385 il
1426 360 1447 385 a
1463 346 1554 399 pleu
1569 346 1591 384 ὲ
1606 356 1738 385 nostre
1754 348 1946 404 Seigneur

304 433 399 471 moy
415 418 582 457 delivrer
602 427 639 456 et
652 425 808 466 oster43
833 417 931 456 mais
946 417 966 455 a
987 418 1189 470 tousjours
1213 425 1223 450 5
1244 418 1483 470 demourray
1501 431 1549 456 en
1573 418 1726 457 l’union
1745 418 1792 457 de
1812 428 1945 458 nostre

304 495 410 528 mere
432 490 578 528 saincte
610 489 757 542 lig-lise,
799 498 837 528 et
869 502 918 527 en
950 488 1208 528 l’obeissance
1229 489 1277 528 de
1305 498 1438 528 nostre
1460 490 1562 528 saint
1593 490 1684 542 pere
1715 490 1749 529 le
1772 503 1872 543 pape
1896 490 1944 529 de

304 563 488 600 Romme.
512 562 558 599 Et
579 574 674 613 cecy
697 561 731 612 je
756 560 833 608 diz,
857 559 1019 599 afferme
1038 570 1076 599 et
1094 561 1179 613 jure
1202 575 1270 614 par
1291 561 1393 600 Dieu
1415 560 1451 599 le
1469 561 1794 610 Tout-Puissant,
1818 571 1856 600 et
1876 576 1945 614 par

303 646 366 671 ces
391 633 495 670 sains
520 631 731 685 Evangiles
752 633 781 670 6.
809 633 856 670 Et
877 646 925 670 en
951 633 1063 685 signe
1086 631 1132 670 de
1155 646 1213 680 ce,
1237 632 1313 685 J’ay
1336 633 1448 685 signe
1471 642 1574 671 ceste
1605 633 1744 672 cedule
1772 633 1819 672 de
1847 647 1944 673 mon

302 704 428 756 signe.
456 720 474 739 »
501 704 613 741 Ainsi
630 704 766 756 signee
792 715 799 742 :
826 705 1047 753 «JEHANNE
1066 713 1123 754 ff«.
1149 722 1167 740 »

364 866 460 903 ITEM
484 878 684 908 SEQUITUR
703 877 837 904 TENOR
859 878 984 904 DlCTAE
1007 878 1289 914 ABJURA'I'IONIS
1311 879 1447 906 VERRIS
1471 879 1622 907 LATINIS
1646 880 1875 907 CONFECTAE.

363 1004 382 1026 «
412 987 630 1039 Quotiens
655 985 858 1029 humanae
887 987 1043 1029 mentis
1065 985 1215 1030 oculus
1235 994 1251 1024 7
1273 1002 1323 1030 ex
1345 987 1588 1044 caliginosis
1611 1003 1805 1031 errorum
1829 1000 1945 1032 tene-

302 1070 385 1114 bris
405 1069 455 1113 ad
470 1069 692 1127 limpidam
719 1070 862 1113 lucem
885 1070 1091 1121 veritatis,
1110 1071 1190 1114 Dei
1203 1072 1414 1128 aspirante
1435 1070 1678 1125 clementia,
1694 1070 1944 1129 regreditur,

303 1154 497 1212 diligenti
539 1153 811 1211 providentia
838 1152 1148 1197 elaborandum
1194 1166 1257 1197 est
1295 1170 1348 1198 ne
1387 1170 1560 1198 rursum
1604 1167 1754 1198 auctor
1792 1156 1946 1199 erroris

302 1239 450 1291 irruat,
485 1251 526 1281 et
561 1253 750 1281 reversos
785 1236 836 1280 ad
863 1250 1018 1281 sanctae
1061 1239 1208 1280 matris
1242 1238 1436 1282 Ecclesiae
1471 1239 1682 1282 unitatem
1710 1240 1866 1282 iterum
1894 1238 1945 1283 ad

302 1323 524 1379 pristinam
540 1322 803 1379 impietatem
824 1320 1021 1379 depellat.
1046 1320 1223 1375 Idcirco,
1241 1337 1337 1379 ego,
1358 1322 1572 1378 Johanna,
1591 1323 1822 1380 vulgariter
1836 1323 1944 1366 dicta

302 1406 462 1459 Puella,
499 1407 651 1448 misera
680 1406 906 1463 peccatrix,
942 1418 1167 1463 comperto
1200 1407 1354 1449 erroris
1384 1406 1537 1463 laqueo
1571 1422 1659 1465 quo
1702 1406 1908 1464 implicita
1930 1408 1945 1432 ⁸

300 1489 533 1541 detinebar,
555 1488 605 1533 ad
630 1490 843 1532 unitatem
859 1502 1015 1532 sanctae
1031 1490 1177 1532 matris
1193 1488 1403 1542 Ecclesiae,
1422 1489 1567 1533 divina
1587 1491 1719 1548 gratia
1743 1489 1942 1544 ducente,

302 1589 481 1626 reversa,
499 1589 567 1626 ne,
595 1589 684 1616 non
711 1588 813 1630 pura
836 1585 981 1616 mente
994 1585 1035 1616 et
1058 1588 1160 1616 vero
1184 1571 1326 1626 corde,
1354 1571 1425 1616 sed
1450 1573 1649 1617 simulate
1668 1573 1718 1616 ad
1747 1573 1944 1617 eamdem

301 1659 513 1701 unitatem
541 1655 712 1701 rediisse
740 1656 898 1710 videar,
925 1655 1136 1700 confiteor
1161 1672 1228 1700 me
1243 1657 1491 1713 gravissime
1519 1656 1765 1715 deliquisse,
1784 1659 1945 1716 appari-

302 1742 441 1785 tiones
469 1754 509 1785 et
537 1741 818 1784 revelationes
839 1756 861 1784 a
895 1740 990 1784 Deo
1015 1756 1088 1798 per
1114 1740 1289 1797 angelos
1312 1753 1353 1784 et
1391 1753 1555 1785 sanctas
1582 1741 1864 1784 Katharinam
1904 1754 1944 1784 et

303 1826 587 1882 Margaretam
629 1823 837 1868 mendose
882 1823 1191 1881 confingendo,
1237 1824 1342 1868 alios
1391 1823 1654 1877 seducendo,
1699 1825 1848 1868 leviter
1901 1838 1943 1868 et

301 1922 462 1952 temere
501 1907 731 1961 credendo,
770 1909 1065 1966 superstitiose
1101 1907 1354 1958 divinando,
1395 1907 1733 1965 blasphemando
1778 1909 1941 1962 Deum,

302 1993 478 2035 Sanctos
499 2005 540 2035 et
556 1993 746 2045 Sanctas,
766 1990 1080 2049 praevaricando
1109 1991 1246 2049 legem
1265 1991 1476 2045 divinam,
1494 2007 1653 2035 sacram
1681 1992 1942 2051 Scripturam

302 2087 342 2119 et
376 2076 604 2119 canonicas
636 2076 896 2128 sanctiones,
927 2074 1141 2132 portando
1171 2074 1368 2118 habitum
1390 2074 1667 2126 dissolutum,
1697 2075 1939 2119 deformem

302 2172 342 2201 et
389 2158 672 2202 inhonestum
702 2171 847 2202 contra
874 2158 1114 2202 decentiam
1142 2172 1321 2212 namne,
1361 2174 1407 2202 ac
1428 2160 1557 2202 etiam
1593 2159 1769 2217 capillos
1796 2172 1945 2203 tonsos

303 2243 347 2284 in
371 2242 626 2294 rotundum,
668 2258 788 2286 more
816 2242 1067 2295 hominum,
1109 2255 1256 2286 contra
1289 2257 1469 2285 omnem
1511 2242 1781 2286 honestatem
1820 2258 1946 2286 sexus

305 2326 552 2380 muliebris;
583 2325 794 2384 portando
808 2327 936 2369 etiam
953 2341 1070 2369 arma
1086 2342 1159 2383 per
1177 2341 1377 2384 magnam
1395 2327 1780 2384 praesumptionem
1800 2344 1810 2380 3
1833 2325 1946 2370 desi-

306 2409 456 2453 derans
470 2408 699 2453 crudeliter
714 2409 972 2453 effusionem
993 2411 1215 2467 sanguinis
1229 2409 1433 2462 humani,
1463 2409 1647 2453 dicendo
1661 2409 1779 2468 quod
1795 2411 1944 2453 onmia

305 2494 383 2535 ista
398 2492 474 2536 feci
498 2508 570 2550 per
591 2506 855 2551 praeceptum
880 2493 977 2543 Dei,
998 2492 1269 2550 Angelorum
1294 2505 1335 2536 et
1352 2493 1602 2536 Sanctarum
1626 2493 1944 2550 praedictarum,

307 2589 348 2619 et
376 2575 493 2634 quod
520 2577 561 2619 in
586 2577 676 2619 istis
695 2576 801 2620 bene
817 2575 895 2619 feci
925 2592 1001 2619 nec
1023 2577 1065 2619 in
1088 2576 1235 2634 aliquo
1260 2575 1390 2619 defeci
1415 2593 1426 2629 ;
1452 2576 1776 2620 contemnendo
1801 2577 1945 2620 Deum

307 2660 350 2701 in
369 2661 455 2702 suis
470 2661 759 2712 sacramentis,
778 2658 1011 2703 seditiones
1032 2658 1215 2716 agendo,
1238 2658 1507 2703 idolatrando
1523 2672 1564 2703 et
1581 2659 1802 2703 daemones
1825 2661 1946 2704 invo-

305 2741 455 2794 cando,
479 2744 641 2785 crimen
657 2742 898 2786 schismatis
917 2742 1192 2795 incurrendo,
1211 2755 1252 2785 et
1274 2744 1319 2785 in
1336 2741 1417 2786 fide
1439 2733 1734 2801 multipliciter
1748 2743 1943 2787 errando.

308 2826 419 2878 Quae
453 2827 602 2868 omnia
626 2827 805 2869 crimina
831 2825 960 2869 corde
988 2841 1105 2880 vero,
1142 2842 1245 2883 pura
1272 2838 1417 2870 mente
1451 2839 1491 2869 et
1519 2825 1601 2870 fide
1629 2842 1716 2870 non
1746 2826 1856 2880 ficta,
1892 2826 1944 2870 ad

360 3013 389 3037 1.
420 3003 473 3037 C:
495 3004 616 3049 james.
641 3024 686 3028 —
707 3014 739 3037 2.
765 3003 794 3038 C
812 3016 821 3036 :
843 3004 1047 3049 quelconque.
1065 3024 1111 3028 ——-
1129 3013 1159 3048 3.
1180 3003 1209 3038 C
1235 3016 1244 3037 .·
1266 3003 1426 3050 desquiex.
1448 3025 1492 3028 —
1510 3014 1546 3046 4.
1567 3004 1597 3038 C
1615 3016 1624 3037 .·
1642 3009 1725 3038 oster
1738 3009 1767 3038 et
1784 3004 1941 3039 de'livrer.

311 3082 352 3086 —
378 3073 406 3104 5.
432 3062 462 3096 C
479 3075 487 3095 .·
504 3064 680 3108 lozzrjours.
703 3066 750 3087 —‘
769 3062 803 3096 6.
825 3062 854 3096 C
878 3075 888 3096 :
903 3063 1122 3108 Euvangiles.
1144 3082 1191 3087 —
1212 3073 1242 3107 7.
1260 3063 1288 3097 B
1309 3075 1319 3097 :
1339 3063 1439 3097 oculis
1455 3064 1546 3108 (sic).
1563 3084 1605 3088 —
1624 3064 1657 3098 8.
1682 3064 1711 3098 C
1727 3076 1737 3097 .·
1758 3064 1942 3110 implicata.
