2099 3356
423 227 582 270 PRocizs
615 241 672 270 DE
704 240 1059 289 coNDAMNATION
1092 241 1149 270 DE
1181 242 1347 283 JEANNE
1380 227 1508 271 D'ARc
1736 241 1781 284 55

140 354 180 386 et
206 340 258 385 de
282 340 365 385 hoc
404 340 455 385 de
495 356 583 400 quo
618 339 784 384 habebo
818 340 1050 395 licentiam,
1093 355 1173 398 ego
1210 340 1478 398 respondebo
1518 340 1714 385 libenter.
1743 342 1785 386 Si

139 437 284 470 autem
309 440 436 469 voces
455 424 537 468 hoc
561 423 879 482 prohibuerint,
910 439 999 469 non
1026 424 1134 469 bene
1156 424 1361 468 intellexi.
1395 441 1415 465 »

197 509 459 566 Interrogata
486 507 610 566 quale
631 509 805 566 signum
842 507 967 552 tradit
1000 506 1118 566 quod
1150 508 1267 552 illam
1299 507 1606 552 revelationem
1635 507 1787 552 habeat

137 608 187 636 ex
212 604 326 649 parte
347 592 444 646 Dei,
474 604 515 636 et
540 591 658 649 quod
686 593 772 636 sint
795 604 950 636 sanctae
971 591 1205 636 Katharina
1231 603 1273 636 et
1296 593 1546 649 Margareta,
1571 608 1668 651 quae
1683 608 1784 636 cum

137 691 183 719 ea
213 675 481 734 loquuntur:
519 674 739 734 respondit
761 692 768 719 z
815 692 835 715 «
869 676 958 733 Ego
985 677 1085 719 satis
1105 674 1227 719 vobis
1248 674 1335 719 dixi
1360 674 1479 734 quod
1500 687 1602 722 sunt
1629 688 1784 719 sanctae

138 758 371 802 Katharina
399 772 439 803 et
467 760 727 817 Margareta3
757 772 798 803 et
822 758 1002 803 credatis
1019 758 1127 802 mihi
1155 761 1188 802 si
1205 759 1362 803 velitis.
1397 775 1417 799 ³>

193 843 457 901 Interrogata
483 844 515 886 si
542 843 623 887 hoc
651 842 789 887 dicere
819 845 873 887 sit
903 844 941 887 ei
969 842 1237 901 prohibitum
1270 857 1277 886 :
1318 841 1541 901 respondit
1567 857 1574 884 :
1609 860 1629 883 «
1661 844 1783 888 Non-

133 925 238 970 dum
266 926 373 971 bene
398 927 587 971 intellexi
617 944 669 970 an
696 927 778 971 hoc
801 929 855 971 sit
883 927 991 971 mihi
1012 926 1298 985 prohibitum,
1321 926 1389 971 vel
1412 935 1421 953 ¹
1453 943 1559 970 non.
1588 944 1608 967 »

190 1010 454 1068 Interrogata
479 1011 664 1070 qualiter
691 1012 767 1055 scit
788 1011 923 1055 facere
945 1010 1287 1060 distinctionem,
1317 1011 1362 1054 in
1383 1010 1704 1068 respondendo,
1733 1010 1784 1055 de

131 1093 346 1151 aliquibus
359 1097 545 1152 punctis,
564 1107 605 1138 et
623 1095 674 1139 de
693 1094 785 1139 aliis
808 1111 897 1138 non
923 1108 931 1134 t
950 1093 1171 1152 respondit
1192 1094 1308 1153 quod
1331 1093 1383 1137 de
1407 1094 1623 1153 aliquibus
1646 1111 1784 1153 punc-

132 1179 184 1220 tis
214 1178 387 1235 petierat
403 1178 636 1232 licentiam,
664 1190 705 1222 et
731 1177 782 1222 de
811 1177 1025 1237 aliquibus
1047 1177 1243 1222 habebat.
1274 1177 1467 1222 Ulterius
1494 1177 1597 1222 dicit
1622 1187 1635 1205 ²
1664 1178 1781 1236 quod

135 1261 279 1305 mallet
301 1277 389 1306 esse
410 1262 606 1307 distracta
625 1278 723 1306 cum
752 1263 873 1321 equis
889 1278 1020 1320 quam
1037 1263 1204 1306 venisse
1225 1262 1270 1305 in
1298 1263 1517 1306 Franciam
1541 1262 1633 1306 sine
1649 1261 1784 1306 licen—

134 1343 190 1387 tia
212 1343 308 1386 Dei.

189 1427 450 1485 Interrogata
473 1444 526 1471 an
554 1429 799 1487 praeceperit
829 1427 908 1471 sibi
935 1443 1150 1472 assumere
1174 1440 1338 1472 vestem
1366 1428 1536 1471 virilem
1563 1445 1571 1471 τ
1598 1443 1781 1484 respon-

133 1510 194 1555 dit
221 1510 340 1569 quod
360 1511 411 1556 de
433 1525 548 1556 veste
571 1528 722 1570 parum
750 1525 826 1565 est,
858 1525 899 1556 et
927 1525 989 1556 est
1017 1520 1025 1543 ⁵
1054 1511 1107 1555 de
1142 1513 1327 1566 minori3
1357 1527 1434 1556 nec
1473 1512 1584 1569 cepit
1616 1523 1779 1555 vestem

133 1595 298 1640 virilem
326 1606 341 1629 4
368 1611 440 1654 per
466 1595 697 1639 consilium
726 1596 920 1639 hominis
940 1595 1094 1640 mundi
1113 1613 1124 1650 3
1140 1608 1179 1639 et
1202 1611 1291 1639 non
1314 1597 1425 1653 cepit
1444 1596 1579 1653 ipsam
1598 1607 1777 1645 vestem,

132 1695 273 1738 neque
301 1679 461 1738 aliquid
483 1680 597 1733 fecit,
625 1681 704 1723 nisi
733 1696 806 1738 per
828 1680 906 1723 Dei
931 1691 1193 1738 praeceptum
1222 1692 1263 1724 et
1286 1679 1559 1737 angelorum.

190 1764 451 1820 Interrogata
478 1779 531 1806 an
562 1762 640 1806 sibi
668 1763 865 1807 videatur
903 1763 1022 1822 quod
1059 1776 1320 1823 praeceptum
1357 1762 1497 1808 eidem
1535 1762 1696 1808 factum
1727 1761 1779 1806 de

131 1847 390 1892 assumendo
409 1858 571 1891 vestem
595 1847 779 1902 virilem,
806 1849 859 1891 sit
879 1848 1047 1892 licitum
1076 1865 1083 1891 z
1114 1847 1337 1906 respondit
1371 1865 1378 1891 :
1417 1864 1436 1887 «
1458 1848 1627 1891 Totum
1659 1846 1778 1904 quod

127 1930 205 1974 feci
234 1944 294 1976 est
323 1947 394 1989 per
422 1944 684 1990 praeceptum
709 1932 891 1977 Domini
911 1950 921 1986 3
945 1944 986 1976 et
1016 1933 1049 1975 si
1074 1932 1199 1975 aliam
1227 1940 1237 1965 5
1269 1932 1516 1989 praeciperet
1541 1946 1775 1984 assumere,

128 2030 206 2073 ego
230 2031 511 2069 assumerem,
540 2028 770 2074 postquam
800 2016 881 2060 hoc
906 2028 1014 2059 esset
1035 2032 1109 2074 per
1135 2028 1398 2074 praeceptum
1424 2016 1520 2059 Dei.
1548 2032 1568 2055 >>

186 2100 449 2157 Interrogata
483 2101 515 2144 si
539 2098 622 2143 hoc
643 2099 741 2143 fecit
762 2100 777 2126 ⁶
813 2116 885 2157 per
910 2099 1237 2143 ordinationem
1266 2098 1441 2143 Roberti
1470 2099 1521 2143 de
1548 2098 1777 2143 Baudricu-

129 2184 189 2227 ria
211 2200 218 2226 :
245 2182 467 2241 respondit
493 2182 610 2242 quod
635 2200 741 2227 non.

186 2268 446 2325 Interrogata
473 2268 506 2310 si
534 2267 667 2312 credit
692 2283 734 2310 se
760 2266 869 2310 bene
897 2266 1042 2312 fecisse
1083 2266 1134 2311 de
1176 2265 1438 2312 assumendo
1473 2278 1638 2310 vestem
1673 2267 1778 2309 viri-

129 2350 239 2394 lem:
274 2350 496 2409 respondit
521 2350 637 2409 quod
664 2364 808 2395 totum
837 2349 879 2394 id
912 2350 1031 2408 quod
1064 2350 1164 2394 fecit
1190 2367 1262 2408 per
1289 2363 1550 2409 praeceptum
1573 2351 1773 2403 Domini,

129 2435 259 2480 credit
280 2451 322 2478 se
348 2434 454 2478 bene
488 2435 651 2488 fecisse,
681 2447 722 2478 et
762 2434 862 2478 inde
890 2447 1104 2493 exspectat
1130 2435 1290 2479 bonam
1325 2435 1707 2492 garantizationern
1735 2446 1775 2477 et

127 2524 292 2569 bonum
311 2540 581 2568 succursum.

184 2609 448 2666 Interrogata
470 2610 519 2662 si,
548 2610 591 2651 in
616 2608 696 2651 hoc
724 2624 821 2651 casu
852 2608 1107 2665 particulari,
1137 2606 1346 2665 capiendo
1382 2620 1547 2652 vestem
1585 2608 1772 2660 virilem,

124 2691 256 2735 credit
282 2708 324 2736 se
353 2692 460 2736 bene
489 2692 660 2736 fecisse:
694 2690 916 2749 respondit
939 2692 1057 2750 quod
1086 2691 1194 2735 nihil
1220 2691 1374 2735 mundi
1397 2691 1495 2736 fecit
1517 2692 1560 2734 in
1591 2690 1655 2733 his
1677 2707 1773 2749 quse

125 2776 225 2833 egit,
258 2777 338 2819 nisi
367 2775 418 2820 de
434 2789 644 2834 praecepto
672 2777 772 2819 Dei.

180 2859 457 2917 Interrogata,
481 2859 655 2918 quando
677 2859 784 2903 vidit
803 2858 918 2902 illam
941 2874 1092 2903 vocem
1113 2876 1208 2918 quae
1230 2860 1348 2903 venit
1371 2858 1423 2903 ad
1442 2860 1594 2917 ipsam,
1621 2871 1766 2902 utrum

179 3090 206 3112 1.
231 3078 260 3113 C
285 3092 294 3113 .·
312 3091 372 3116 an.
399 3101 445 3106 —
464 3090 495 3114 2.
519 3080 550 3114 A
573 3090 669 3115 ornet
690 3081 784 3114 dicit.
809 3101 853 3107 —
879 3091 908 3125 3.
930 3080 997 3116 AC
1016 3089 1193 3115 ornettent
1213 3085 1270 3114 est.
1294 3100 1339 3106 --
1368 3090 1401 3122 4.
1421 3079 1452 3113 Α
1479 3091 1522 3113 en
1552 3090 1672 3125 marge
1694 3091 1699 3113 :
1722 3079 1773 3112 De

124 3143 209 3172 veste
224 3139 326 3172 virili
339 3152 348 3177 ‚·
372 3139 430 3172 Rs?
444 3152 486 3174 en
504 3152 625 3185 matge
647 3141 756 3175 :Nota
772 3140 810 3175 de
825 3146 910 3174 vesle
926 3140 1040 3174 virili.
1057 3161 1101 3166 —
1127 3150 1156 3183 5.
1177 3140 1243 3175 AC
1265 3152 1274 3173 .·
1300 3140 1422 3173 alium.
1437 3160 1482 3164 -
1497 3142 1530 3172 o.
1552 3138 1646 3174 ΑΒΕ
1662 3139 1768 3183 .·sm't.
