2099 3356
375 230 533 275 PRociss
566 243 620 273 DE
654 241 1010 273 coNDAMNA'rloN
1050 241 1105 271 DE
1136 241 1302 284 JEANNE
1335 226 1461 270 D'ARC
1685 228 1737 280 67

92 343 312 402 respondit
335 358 377 387 se
402 342 615 387 audivisse
636 341 754 401 quod
777 341 874 385 facit
895 342 1041 384 venire
1066 341 1266 399 pecunias
1285 357 1295 394 3
1324 338 1396 384 sed
1420 354 1509 383 non
1537 338 1670 382 credit
1695 341 1740 382 in

93 426 175 472 hoc
201 426 379 486 aliquid.
416 427 466 470 Et
492 426 595 471 dicit
620 425 739 485 quod
767 441 893 470 voces
919 439 1008 468 suae
1035 438 1262 483 nunquam
1294 422 1345 467 de
1370 422 1452 467 hoc
1476 422 1554 466 sibi
1580 421 1740 481 aliquid

93 510 308 556 dixerunt.

152 595 412 652 Interrogata
431 595 475 637 in
498 608 582 652 qua
604 593 740 652 figura
759 606 845 637 erat
866 604 1038 637 sanctus
1057 591 1258 646 Michael,
1282 591 1388 635 dum
1410 591 1490 634 sibi
1513 590 1709 650 apparuit
1731 604 1739 632 :

91 677 312 736 respondit
339 677 456 736 quod
495 693 584 721 non
616 676 722 720 vidit
748 676 827 720 sibi
855 692 1094 730 coronam;
1129 687 1170 719 et
1205 674 1256 719 de
1286 673 1476 719 vestibus
1508 675 1597 718 suis
1631 672 1740 717 nihil

95 762 189 806 scit.

155 845 418 902 Interrogata
441 860 493 888 an
517 845 605 902 ipse
632 855 721 888 erat
744 841 888 888 nudus
915 858 923 887 z
953 841 1173 901 respondit
1203 858 1211 885 ε
1240 858 1261 882 «
1286 842 1496 900 Cogitatis
1524 856 1599 885 vos
1626 839 1745 899 quod

97 929 216 973 Deus
245 944 332 972 non
361 927 511 972 habeat
535 926 650 972 unde
678 929 821 986 ipsum
849 928 1039 971 vestire?
1065 941 1086 964 »

157 1011 420 1070 Interrogata
436 1026 488 1056 an
509 1011 596 1070 ipse
622 1010 801 1055 habebat
819 1010 995 1069 capillos
1014 1008 1258 1068 :respondit
1276 1024 1284 1053 :
1312 1025 1331 1049 «
1351 1010 1442 1054 Cur
1460 1007 1539 1052 sibi
1560 1006 1744 1053 fuissent

102 1093 280 1139 abscisi?
310 1112 329 1135 »
357 1094 474 1139 Dicit
514 1095 642 1139 etiam
677 1094 794 1153 quod
824 1109 913 1139 non
948 1093 1054 1138 vidit
1084 1095 1227 1152 ipsum
1257 1092 1432 1138 beatum
1470 1092 1746 1146 Micliaelem‚

100 1191 329 1238 postquam
368 1180 456 1237 ipsa
480 1180 651 1223 recessit
680 1195 703 1222 a
732 1192 866 1223 castro
892 1178 942 1222 de
970 1180 1161 1237 Cr0t0y1,
1189 1194 1266 1222 nec
1290 1192 1390 1222 enm
1420 1176 1534 1221 videt
1559 1177 1749 1220 multum

99 1275 224 1319 saepe.
253 1261 302 1304 Et
327 1260 487 1304 ultimo
508 1259 610 1304 dicit
637 1257 754 1319 qnod
781 1261 913 1304 nescit
935 1271 1084 1304 utrum
1114 1258 1265 1303 habeat
1290 1258 1479 1317 capillos.

160 1345 423 1402 Interrogata
444 1356 593 1388 utrum
622 1345 710 1402 ipse
729 1343 912 1388 habebat
938 1355 1165 1387 stateram:
1196 1342 1417 1401 respondit
1447 1358 1454 1386 :
1482 1361 1502 1384 «
1534 1342 1623 1399 Ego
1642 1340 1750 1384 nihil

99 1427 202 1470 scio.
239 1442 259 1465 >³
300 1426 408 1469 Item
444 1424 545 1468 dicit
580 1424 700 1483 quod
740 1424 867 1468 habet
912 1439 1122 1483 magnum
1166 1422 1376 1482 gaudium
1417 1422 1594 1481 quando
1637 1421 1753 1466 videt

100 1511 242 1568 ipsum
264 1525 274 1563 ;
300 1521 344 1553 et
365 1510 402 1553 ei
430 1508 601 1553 videtur
635 1508 770 1568 quod,
806 1508 981 1568 quando
1010 1506 1125 1552 videt
1155 1523 1273 1561 eum,
1302 1522 1391 1552 non
1419 1518 1481 1551 est
1508 1508 1552 1550 in
1582 1518 1753 1565 peccato

101 1599 288 1644 mortali.
324 1599 434 1643 Item
475 1597 575 1643 dicit
605 1597 725 1657 quod
764 1610 918 1643 sanctae
955 1597 1188 1642 Katharina
1215 1610 1256 1642 et
1297 1597 1535 1655 Margareta
1572 1595 1756 1640 libenter

100 1682 262 1728 faciunt
291 1685 426 1741 ipsam
459 1682 658 1727 confiteri
697 1682 918 1726 interdum
949 1695 990 1726 et
1024 1698 1097 1740 per
1123 1684 1249 1726 vices.
1275 1681 1385 1726 Item
1416 1680 1519 1725 dicit
1552 1679 1688 1739 quod,
1718 1681 1753 1724 si

103 1768 192 1827 ipsa
215 1767 267 1811 sit
292 1768 337 1810 in
364 1779 536 1825 peccato
562 1766 753 1821 mortali‚'
779 1765 861 1810 hoc
886 1774 899 1791 ²
928 1767 1076 1810 nescit.

160 1851 422 1909 Interrogata
449 1866 519 1905 an,
550 1849 727 1909 quando
755 1850 844 1909 ipsa
877 1848 1123 1904 confitetur,
1153 1848 1286 1894 credit
1313 1864 1357 1894 se
1384 1864 1473 1893 esse
1501 1849 1545 1892 in
1581 1860 1754 1907 peccato

105 1935 274 1980 mortali
300 1952 308 1978 :
337 1935 560 1993 respondit
587 1932 708 1994 quod
734 1935 868 1979 nescit
891 1935 924 1978 si
951 1933 1146 1978 fueritin
1175 1945 1347 1992 peccato
1376 1933 1563 1985 mortali,
1595 1944 1635 1976 et
1665 1947 1755 1976 non

103 2017 235 2063 credit
262 2018 313 2062 de
348 2018 431 2063 hoc
459 2017 604 2062 fecisse
637 2032 792 2077 opera;
830 2035 850 2059 «
889 2034 966 2062 nec
1001 2018 1165 2076 placeat
1196 2035 1234 2071 »,
1272 2018 1429 2076 inquit,
1460 2034 1479 2055 «
1508 2017 1604 2061 Deo
1635 2015 1754 2075 quod

105 2118 184 2161 ego
216 2117 412 2162 unquam
439 2102 612 2156 fuerim,
652 2117 730 2146 nec
757 2104 886 2147 etiarn
913 2101 991 2146 sibi
1021 2101 1181 2160 placeat
1201 2100 1319 2161 quod
1348 2116 1427 2160 ego
1448 2100 1601 2145 faciam
1629 2115 1758 2160 opera

105 2199 178 2232 aut
203 2186 393 2241 fecerim,
423 2201 496 2244 per
522 2201 619 2245 quae
646 2186 790 2230 anima
818 2201 912 2230 mea
936 2186 991 2230 sit
1017 2198 1209 2230 onerata.
1244 2202 1264 2227 »

165 2272 430 2329 Interrogata
460 2270 587 2328 quale
617 2271 792 2329 signum
826 2269 944 2314 dedit
978 2271 1065 2328 regi
1089 2286 1169 2314 suo
1203 2269 1320 2328 quod
1348 2270 1438 2328 ipsa
1471 2268 1669 2313 veniebat
1705 2283 1756 2312 ex

108 2366 223 2413 parte
260 2355 340 2399 Dei
375 2371 383 2397 z
421 2352 678 2413 respondit:
715 2369 735 2392 «
776 2354 864 2412 Ego
905 2368 1073 2412 semper
1103 2352 1226 2398 vobis
1260 2352 1462 2412 respondi
1502 2352 1621 2412 quod
1664 2367 1753 2396 non

111 2438 219 2482 mihi
243 2439 470 2483 extrahetis
494 2438 600 2482 illud
619 2437 669 2482 ab
691 2453 779 2482 ore.
807 2436 984 2483 Vadatis
1007 2436 1086 2481 sibi
1113 2437 1313 2496 petitum.
1349 2452 1368 2476 >)
1398 2463 1401 2466 -

169 2520 432 2578 Interrogata
464 2536 517 2564 an
545 2521 748 2576 juraverit
784 2534 875 2563 non
906 2519 1091 2563 revelare
1127 2517 1234 2562 illud
1261 2518 1379 2577 qnod
1411 2517 1462 2562 ab
1496 2532 1542 2562 ea
1576 2529 1759 2576 petetur,

113 2616 290 2661 tangens
318 2594 567 2662 processum
598 2620 605 2646 :
637 2603 859 2661 respondit
891 2620 897 2646 :
926 2620 945 2642 ((
986 2604 1076 2661 Ego
1113 2603 1213 2646 alias
1247 2601 1370 2646 vobis
1400 2601 1485 2645 dixi
1517 2600 1635 2660 quod
1671 2616 1761 2645 non

114 2683 248 2730 dicam
276 2685 381 2730 illud
409 2684 561 2730 vobis³
591 2686 710 2744 quod
738 2687 875 2744 tangit
892 2695 906 2720 ⁴
935 2686 978 2730 id
1005 2685 1125 2744 quod
1152 2685 1270 2729 vadit
1297 2685 1347 2729 ad
1373 2701 1516 2743 regem
1542 2697 1756 2729 nostrum.

116 2769 166 2814 Et
185 2769 237 2813 de
261 2770 342 2814 hoc
369 2769 487 2829 quod
509 2769 624 2814 vadit
642 2768 694 2814 ad
717 2771 875 2828 ipsum,
906 2785 995 2814 non
1025 2770 1192 2828 loquar.
1221 2788 1240 2811 »

173 2853 434 2912 Interrogata
458 2855 491 2897 si
524 2856 610 2913 ipsa
638 2855 771 2898 scitne
801 2855 976 2911 signum
1016 2853 1135 2912 qnod
1178 2852 1294 2897 dedit
1328 2852 1468 2897 eidem
1503 2854 1590 2911 regi
1627 2868 1706 2897 suo
1751 2870 1758 2895 :

170 3089 199 3113 1.
228 3079 258 3113 C
282 3091 291 3112 :
313 3080 449 3123 Crolay.
468 3101 515 3104 —
534 3090 565 3114 2.
595 3080 625 3115 C
644 3089 742 3115 omet
761 3080 814 3114 hoc
832 3088 865 3115 et
882 3080 1001 3127 ajoute
1023 3081 1104 3126 ipsa.
1128 3100 1170 3105 —-
1202 3090 1232 3125 3.
1257 3080 1287 3114 A
1315 3092 1324 3113 .·
1350 3080 1440 3114 vobis
1463 3080 1559 3114 illud.
1583 3099 1629 3105 --
1649 3091 1682 3123 4.
1700 3080 1732 3124 Q
1753 3092 1763 3114 :

122 3142 245 3183 tanget.
