2099 3356
329 170 411 214 '252
611 157 769 200 PROCl'iS
800 171 858 200 DE
890 171 1245 201 CONDAMNATION
1279 171 1336 200 DE
1366 172 1532 213 JEANNE
1565 157 1694 202 D'ARC

385 271 475 314 LX.
514 286 533 310 <‹
570 271 692 323 ITEM,
726 268 836 313 dicta
867 269 1082 332 Johanna‚
1112 283 1396 315 contemnens
1423 283 1629 329 praecepta
1660 284 1701 315 et
1727 273 1970 316 sanctiones

326 354 538 407 Ecclesiae,
555 353 710 412 pluries
725 355 933 397 recusavit
949 355 1085 411 jurare
1103 354 1146 397 in
1163 353 1325 412 judicio
1342 352 1394 398 de
1419 352 1603 399 dicendo
1626 355 1877 410 veritatem3
1898 371 1971 414 per

328 438 409 481 hoc
427 436 608 481 reddens
623 452 665 480 se
680 450 920 494 suspectam
945 436 1064 496 quod
1079 437 1221 495 aliqua
1239 437 1339 481 fecit
1359 450 1433 482 aut
1457 437 1580 490 dixit,
1607 439 1651 481 in
1673 439 1850 482 materia
1870 438 1970 483 fidei

326 534 367 564 et
403 520 735 574 revelationum,
776 536 873 579 quae
906 537 995 565 non
1034 520 1164 565 audet
1203 521 1390 565 revelare
1424 520 1637 577 iudicibus
1663 522 1968 576 ecclesiasticis,

326 605 483 647 timens
504 605 570 647 sui
603 605 736 662 ipsius
755 603 1018 662 condignam
1052 606 1344 663 punitionem,
1371 617 1499 662 prout
1533 606 1623 663 ipsa
1651 607 1748 649 satis
1778 605 1969 650 confessa

327 703 415 731 esse
449 686 635 741 videtur,
659 704 775 741 cum,
805 687 857 732 ad
889 688 971 732 hoc
1000 690 1291 747 propositum,
1324 690 1368 732 in
1397 687 1558 746 judicio
1593 689 1835 747 allegaverit
1862 689 1967 734 illud

326 770 620 829 proverbium,
647 770 765 829 quod
792 788 812 811 «
839 787 916 830 pro
935 771 1118 816 dicendo
1146 773 1387 826 veritatem,
1415 771 1616 816 homines
1640 771 1859 817 interdurn
1877 789 1969 817 sus-

326 853 576 913 penduntur
595 873 614 896 »
636 867 704 908 ;et
722 871 833 913 saepe
851 854 953 899 dicit
983 873 990 899 :
1025 873 1045 895 «
1069 857 1160 900 Vos
1181 872 1271 899 non
1289 857 1427 899 scietis
1447 857 1596 899 omnia
1615 873 1655 910 »,
1680 870 1720 900 et
1743 871 1762 893 «
1791 856 1967 900 Mallem

327 936 480 981 habere
501 950 626 995 caput
653 937 866 982 abscisum
890 955 1022 997 quam
1041 939 1180 983 dicere
1207 939 1329 983 vobis
1362 940 1524 983 omnia.
1560 959 1579 981 »

386 1020 484 1064 *Ad
520 1021 662 1065 hunc¹
693 1023 939 1075 articulum,
966 1022 1035 1067 die
1065 1024 1281 1076 mercurii,
1308 1037 1462 1067 xxvm.
1495 1024 1635 1067 martii
1652 1032 1683 1077 ²,
1713 1021 1967 1082 respondet3

325 1104 442 1162 quod
468 1106 554 1163 ipsa
571 1121 659 1149 non
682 1107 841 1164 accepit
864 1105 1136 1161 dilationem,
1158 1108 1239 1150 nisi
1257 1120 1305 1151 ut
1326 1108 1515 1151 securius
1534 1107 1812 1166 responderet
1829 1106 1880 1151 ad
1901 1107 1971 1151 illa

326 1204 421 1246 quae
445 1187 524 1232 sibi
554 1188 830 1246 petebantur;
857 1202 899 1233 et
925 1203 1139 1248 quantum
1165 1189 1216 1234 ad
1240 1191 1583 1244 conclusionem,
1606 1190 1712 1234 dixit
1736 1189 1855 1249 quod
1883 1191 1971 1248 ipsa

324 1271 547 1316 dubitabat
574 1272 847 1330 respondere,
877 1286 918 1317 et
945 1287 1169 1332 propterea
1195 1275 1307 1332 cepit
1334 1273 1590 1317 dilationem
1618 1290 1695 1332 pro
1728 1273 1902 1318 sciendo
1935 1275 1967 1317 si

325 1356 411 1413 ipsa
427 1354 599 1399 deberet
614 1356 752 1400 dicere
767 1355 867 1415 [hoc
883 1357 1001 1415 quod
1018 1357 1069 1401 ab
1084 1374 1130 1401 ea
1148 1356 1401 1415 petebatur}
1428 1358 1537 1401 Item
1552 1357 1661 1401 dixit
1678 1357 1814 1416 quod,
1833 1373 1967 1423 quan-

326 1453 419 1483 tum
447 1440 496 1483 ad
531 1441 762 1484 consilium
795 1442 860 1484 sui
899 1443 1022 1499 regis.
1053 1443 1152 1500 quia
1184 1458 1273 1485 non
1303 1443 1438 1500 tangit
1465 1458 1728 1500 processum,
1759 1444 1845 1500 ipsa
1876 1458 1965 1486 non

328 1523 465 1567 voluit
481 1523 586 1568 illud
609 1524 809 1568 revelare.
840 1525 889 1568 Et
917 1524 969 1568 de
995 1526 1119 1582 signo
1135 1524 1236 1569 dato
1258 1526 1343 1583 regi
1359 1540 1454 1579 suo,
1484 1526 1571 1583 ipsa
1595 1524 1700 1569 dixit
1729 1524 1850 1579 illud,
1868 1526 1968 1583 quia

324 1620 471 1662 gentes
497 1608 788 1652 ecclesiasticae
816 1607 1218 1652 condemnaverunt
1239 1624 1330 1653 eam
1357 1609 1407 1653 ad
1435 1607 1667 1653 dicendum
1694 1608 1815 1652 illud.

388 1691 467 1734 Die
492 1692 615 1747 jovis,
638 1706 746 1735 xx11.
769 1691 984 1745 februarii,
1016 1693 1273 1751 interrogata
1288 1694 1337 1746 si,
1361 1692 1431 1736 illa
1455 1694 1547 1736 vice
1569 1708 1652 1750 qua
1676 1709 1759 1736 vox
1782 1691 1969 1736 ostendit

328 1775 363 1817 ei
400 1789 540 1831 regem
568 1791 713 1828 suum,
742 1777 776 1818 si
800 1775 855 1819 ibi
878 1789 963 1819 erat
985 1776 1132 1820 lumen
1163 1790 1170 1819 :
1200 1776 1420 1834 respondit
1450 1794 1458 1820 :
1486 1793 1506 1816 <‹
1532 1776 1776 1820 Transeatis
1800 1776 1923 1820 ultra.
1946 1792 1965 1815 »

329 1858 434 1900 Item
466 1859 723 1916 interrogata
747 1860 781 1902 si
807 1860 893 1917 ipsa
921 1859 1026 1903 vidit
1051 1859 1238 1918 aliquem
1261 1860 1463 1918 angelum
1488 1876 1614 1918 supra
1639 1858 1802 1903 dictum
1826 1874 1968 1917 regern

325 1957 453 1984 suum
481 1959 488 1984 :
509 1942 728 2000 respondit
756 1960 762 1985 :
786 1960 805 1981 a.
825 1944 1006 1986 Parentis
1026 1943 1133 1986 mihi
1160 1963 1196 1997 »,
1218 1956 1258 1986 et
1282 1961 1301 1983 «
1322 1944 1568 1988 Transeatis
1584 1943 1693 1988 ultra
1721 1963 1759 1987 >›.
1778 1970 1836 1974 —
1859 1943 1967 1987 Item

327 2024 431 2068 dixit
457 2025 591 2083 quod,
620 2040 851 2084 antequam
884 2044 954 2070 rex
984 2044 1087 2071 suus
1111 2043 1205 2071 eam
1234 2040 1413 2085 poneret
1448 2029 1491 2071 in
1523 2043 1667 2085 opere,
1698 2029 1786 2084 ipse
1821 2027 1969 2071 habuit

329 2108 484 2152 multas
509 2111 794 2167 apparitiones
827 2123 868 2153 et
889 2110 1085 2167 pulchras
1120 2110 1424 2162 revelationes;
1453 2124 1494 2154 et
1521 2112 1778 2168 interrogata
1803 2110 1966 2168 quales,

381 2293 601 2346 *Respond
630 2293 773 2347 qu’elle
804 2293 866 2332 n’a
897 2295 1012 2347 point
1044 2295 1152 2347 prins
1192 2294 1322 2348 delay,
1347 2294 1425 2334 fors
1456 2294 1590 2349 [pour]
1622 2294 1710 2348 plus
1743 2305 1969 2334 seurement

332 2365 547 2418 respondre
569 2365 614 2404 ad
645 2379 689 2404 ce
717 2379 794 2418 que
831 2379 883 2404 on
915 2365 983 2419 luy
1007 2366 1253 2405 demandoit.
1279 2367 1325 2405 Et
1355 2376 1477 2420 quant
1513 2367 1533 2404 a
1562 2366 1598 2405 la
1631 2366 1882 2414 conclusion,
1915 2367 1971 2405 dit

330 2436 476 2489 qu'elle
511 2436 697 2475 doubtoit
728 2437 972 2489 respondre3
1009 2451 1029 2475 a
1062 2438 1172 2490 prins
1204 2437 1318 2491 delay
1359 2451 1461 2490 pour
1498 2439 1650 2485 scavoir
1694 2437 1801 2477 s’elle
1835 2438 1971 2477 devoit

331 2507 427 2546 dire.

388 2580 492 2627 Item,
529 2580 585 2618 dit
615 2593 707 2633 que,
732 2589 854 2633 quant
876 2594 924 2618 au
948 2580 1101 2619 conseil
1128 2580 1174 2618 de
1213 2594 1284 2619 son
1311 2593 1398 2634 roy,
1424 2594 1527 2633 pour
1553 2594 1598 2619 ce
1625 2580 1720 2634 qu'il
1747 2595 1795 2619 ne
1824 2581 1971 2620 touche

331 2650 445 2702 point
469 2650 503 2689 le
533 2652 686 2702 proceS,
712 2650 787 2689 elle
816 2664 863 2690 ne
900 2651 948 2689 l'a
973 2652 1087 2704 point
1120 2650 1243 2690 voulu
1276 2650 1438 2691 reveler.
1462 2643 1510 2690 Et
1535 2652 1588 2690 du
1621 2652 1731 2704 signe
1765 2651 1881 2690 baille'
1919 2666 1968 2690 au

330 2734 418 2773 roy,
442 2721 516 2760 elle
539 2720 586 2759 l'a
619 2722 690 2769 dit,
715 2735 816 2774 pour
840 2736 883 2761 ce
921 2736 998 2775 que
1027 2722 1082 2761 les
1109 2736 1208 2775 gens
1242 2722 1402 2775 d’eglise
1439 2722 1539 2761 l’ont
1573 2723 1851 2776 condampnee
1880 2723 1901 2761 a
1932 2723 1968 2762 le

332 2792 414 2830 dire
438 2801 468 2831 4.

385 3006 411 3028 1.
435 2996 466 3028 A
487 3007 496 3028 .·
516 2996 768 3043 sexagesimzmg.
796 3016 843 3019 —
867 3006 899 3029 2.
922 2996 953 3028 A
984 2995 1101 3041 ajoute
1120 2996 1278 3042 praedicta
1312 2995 1473 3030 [ohanna.
1506 3017 1554 3020 —
1589 3007 1618 3040 3.
1641 2996 1673 3029 A
1693 3009 1701 3029 .·
1725 2996 1900 3042 respondit.
1922 3017 1965 3021 —-—

329 3066 362 3095 4.
389 3054 428 3091 U,
453 3054 514 3087 tol.
544 3064 599 3091 22),
622 3064 673 3088 νο.
