2099 3356
348 165 505 210 moces
537 179 593 209 DE
624 179 977 210 CONDAMNATION
1010 179 1067 209 DE
1098 180 1263 222 JEANNE
1294 166 1427 211 D'ARc
1630 182 1708 225 271

68 279 323 336 angelorum
350 293 552 337 magnam
573 278 929 331 multitudinem,
960 291 1001 323 et
1020 292 1177 324 extunc
1203 292 1357 324 sanctae
1380 290 1388 306 ¹
1420 281 1654 326 Katharina
1675 294 1718 326 et

72 363 308 420 Margareta
321 378 364 406 se
379 361 668 406 exhibuerunt
687 362 825 406 eidem
843 362 1037 406 foeminae
1052 364 1332 422 corporaliter
1351 364 1556 409 videndas
1571 383 1583 420 3
1612 381 1718 424 quas

69 447 198 489 etiam
229 444 424 504 quotidie
451 445 582 498 videt,
612 457 654 489 et
677 461 824 490 earum
850 461 976 490 voces
1003 446 1139 502 audit,
1170 463 1215 492 ac
1241 462 1309 492 eas
1340 448 1603 508 quandoque
1629 465 1718 494 am-

70 529 191 590 plexa
206 542 268 573 est
292 541 333 573 et
353 528 556 582 osculata,
576 528 833 572 sensibiliter
853 542 894 573 et
915 520 1198 589 'corporaliter
1224 532 1456 590 tangendo.
1489 534 1717 578 Dictorum

71 629 173 658 vero
200 612 455 671 angelorum
478 625 520 656 et
541 612 794 656 Sanctarum
820 614 958 670 capita
984 614 1112 668 vidit;
1139 614 1192 659 de
1216 615 1396 660 residuis
1417 630 1560 661 autem
1591 619 1718 676 parti-

72 697 150 741 bus
177 712 330 740 eorum
359 708 432 740 aut
459 697 744 750 vestimentis,
774 696 882 739 nihil
908 696 1048 741 dicere
1075 698 1229 742 voluit.
1261 700 1484 758 Quodque
1507 702 1719 759 praedictae

69 794 226 825 sanctae
254 780 486 823 Katharina
517 792 557 823 et
592 781 825 837 Margareta
851 780 1083 838 aliquando
1116 797 1210 825 eam
1242 782 1417 828 fuerunt
1445 784 1641 830 allocutae
1669 785 1720 830 ad

70 864 237 908 fontem
260 861 514 922 quemdam,
541 864 655 919 juxta
677 862 873 906 arborem
898 878 1119 922 magnam,
1146 869 1442 912 communiter
1464 869 1719 927 appellatam

75 947 217 992 I'arbre
243 948 308 991 des
325 947 435 1004 fdes;
458 946 510 990 de
543 946 702 1005 quibus
729 946 849 990 fonte
877 960 918 991 et
945 947 1112 1002 arbore,
1136 948 1247 993 fama
1272 963 1334 994 est
1360 950 1578 1011 divulgata
1602 953 1721 1012 quod

72 1032 233 1076 Fatales
260 1031 464 1075 Dominae
489 1029 649 1074 ibidem
668 1029 958 1089 frequentant,
990 1044 1031 1076 et
1051 1031 1170 1090 quod
1193 1033 1334 1091 plures
1359 1035 1646 1081 febricitantes
1671 1036 1721 1081 ad

73 1115 208 1159 dictos
225 1115 394 1159 fontem
412 1113 658 1158 etarborem
671 1113 895 1167 accedunt,
908 1129 1030 1159 causa
1047 1117 1560 1174 recuperandaesanitatis‚
1572 1137 1722 1180 quam-

75 1201 137 1243 vis
162 1200 232 1244 siti
253 1201 339 1243 sint
360 1198 404 1242 in
430 1198 525 1242 loco
547 1197 743 1257 profano.
765 1199 886 1252 Quas
910 1199 966 1243 ibi
989 1212 1031 1243 et
1051 1200 1150 1244 alibi
1170 1200 1326 1259 pluries
1346 1217 1543 1248 venerata
1572 1205 1667 1260 fuit,
1683 1219 1722 1250 et

77 1285 137 1327 eis
161 1284 446 1328 reverentiam
474 1282 688 1327 exhibuit.
719 1296 739 1321 ³>

140 1384 160 1407 «
182 1368 297 1412 Dicit
318 1368 494 1425 insuper
531 1365 649 1424 quod
677 1378 835 1410 sanctae
874 1366 1109 1412 Katharina
1153 1382 1193 1413 et
1231 1371 1467 1428 Margareta
1509 1373 1721 1431 praedictae

78 1463 282 1511 apparent
307 1463 349 1495 et
375 1466 420 1494 se
444 1462 688 1494 monstrant
712 1451 768 1504 ei,
792 1463 1019 1495 coronatas
1046 1454 1218 1496 coronis
1244 1455 1547 1512 pulcherrimis
1567 1471 1608 1502 et
1632 1474 1725 1516 pre—

73 1536 197 1579 tiosis
220 1553 231 1589 3
255 1547 296 1579 et
320 1550 342 1578 a
365 1547 562 1592 tempore
590 1533 794 1592 praedicto
814 1551 861 1579 ac
883 1533 1041 1593 pluries
1076 1535 1289 1595 deinceps,
1337 1538 1539 1585 dixerunt
1583 1542 1724 1587 eidem

78 1619 275 1663 soeminae
295 1618 347 1663 de
375 1615 580 1662 mandato
597 1619 676 1662 Dei
704 1617 823 1677 quod
837 1618 1063 1677 oportebat
1084 1635 1178 1664 eam
1199 1621 1396 1666 accedere
1411 1623 1461 1667 ad
1488 1625 1722 1683 quemdam

78 1704 316 1762 principem
333 1702 597 1757 saecularem,
621 1702 921 1761 promittendo
938 1703 1073 1762 quod,
1104 1704 1296 1762 ejusdem
1329 1705 1525 1753 foeminae
1562 1710 1724 1754 auxilio

78 1799 118 1831 et
145 1779 679 1831 laboribus'mediantibus
707 1794 739 1841 ²,
770 1786 909 1831 dictus
933 1789 1144 1846 princeps,
1173 1789 1216 1831 vi
1242 1804 1481 1846 armorum,
1515 1809 1725 1851 magnum

79 1871 326 1916 dominium
347 1871 582 1929 temporale
606 1883 648 1915 et
672 1870 886 1915 honorem
907 1871 1182 1916 mundanum
1214 1888 1497 1933 recuperaret,
1525 1893 1570 1921 ac
1591 1879 1725 1923 victo-

79 1956 182 1999 riam
210 1954 262 1999 de
280 1954 528 1999 adversariis
547 1956 634 1999 suis
673 1954 918 2009 obtineret3
966 1955 1170 2015 quodque
1198 1957 1313 2002 idem
1341 1961 1537 2019 princeps
1567 1961 1724 2006 dictam

80 2039 310 2083 foeminam
356 2040 575 2098 reciperet,
611 2051 651 2083 et
688 2055 807 2083 arma
851 2055 952 2083 cum
998 2042 1187 2085 exercitu
1236 2042 1539 2102 arm[at]orum
1582 2045 1723 2091 eidem

79 2124 327 2182 assignaret,
371 2139 447 2181 pro
499 2124 775 2167 exsecutione
800 2125 1138 2182 praemissorum.
1175 2126 1354 2185 Insuper
1395 2127 1520 2173 dictae
1571 2143 1722 2174 sanctae

82 2212 317 2257 Katharina
357 2226 397 2256 et
421 2213 657 2271 Margareta
707 2226 1000 2271 praeceperunt
1024 2212 1165 2258 eidem
1194 2215 1404 2271 foeminae,
1442 2217 1494 2263 de
1520 2220 1724 2266 mandato

85 2295 181 2351 Dei,
212 2294 329 2356 quod
377 2310 613 2341 assumeret
640 2310 680 2341 et
733 2310 920 2356 portaret
954 2296 1151 2342 habitum
1186 2301 1283 2354 viri,
1313 2317 1445 2360 quem
1472 2306 1655 2361 portavit
1686 2319 1726 2349 et

80 2378 220 2424 adhuc
253 2393 408 2438 portat,
446 2393 658 2438 praecepto
702 2378 957 2438 hujusmodi
1010 2380 1254 2427 obediendo
1304 2400 1635 2444 perseveranter,
1679 2390 1723 2432 in

82 2477 252 2508 tantum
277 2463 394 2523 quod
419 2465 507 2523 ipsa
543 2464 725 2508 foemina
762 2463 867 2508 dixit
919 2482 962 2508 se
1005 2466 1131 2509 malle
1179 2469 1289 2511 mori
1314 2485 1443 2528 quam
1471 2470 1725 2528 hujusmodi

85 2547 277 2592 habitum
306 2547 547 2605 relinquere
579 2556 617 2602 ³3
649 2548 729 2592 hoc
754 2548 1003 2607 simpliciter
1042 2549 1225 2595 dicendo
1264 2552 1538 2611 aliquotiens,
1577 2569 1617 2600 et
1656 2557 1727 2600 ali-

84 2631 275 2690 quando,
320 2649 338 2671 «
381 2632 461 2675 nisi
484 2631 566 2675 hoc
591 2645 699 2676 esset
721 2630 772 2675 de
798 2630 1002 2677 mandato
1037 2635 1116 2677 Dei
1148 2651 1187 2676 κ).
1218 2636 1440 2694 Praeelegit
1481 2640 1611 2683 etiam
1637 2657 1726 2684 non

83 2716 285 2759 interesse
313 2717 541 2760 missarum
574 2715 725 2760 officiis
747 2728 787 2759 et
813 2731 950 2760 carere
977 2732 1089 2761 sacra
1108 2721 1424 2764 communione
1443 2722 1725 2775 eucharistiae,

84 2799 125 2842 in
156 2812 350 2858 tempore
374 2816 447 2858 per
474 2799 702 2844 Ecclesiam
749 2798 947 2844 fidelibus
971 2799 1172 2846 ordinato
1209 2801 1259 2847 ad
1307 2803 1558 2862 hujusmodi
1596 2824 1727 2852 sacra-

137 2970 166 2996 1.
187 2961 216 2995 B
232 2966 380 2997 :sancta.
402 2981 449 2987 -
469 2971 501 2996 2.
533 2961 640 3008 Super
654 2963 768 3008 primo
786 2961 943 3003 articulo,
968 2963 1003 2996 in
1037 2962 1097 2997 illo
1114 2969 1263 3010 puncto:
1294 2979 1311 2998 «
1338 2967 1483 3001 Auxilio
1512 2972 1542 3002 et
1564 2968 1729 3005 laboribus

85 3020 308 3055 mediantibus
328 3034 360 3064 »‚
376 3021 464 3055 debet
476 3022 558 3068 poni
580 3034 598 3053 «
617 3032 690 3056 cum
711 3021 778 3055 Dei
793 3021 925 3055 auxilio
945 3034 977 3056 n.
999 3041 1041 3047 --
1067 3033 1100 3067 3,
1125 3023 1232 3070 Super
1249 3024 1354 3059 eodem
1385 3038 1394 3059 .·
1424 3040 1441 3058 «
1463 3027 1504 3062 Se
1524 3029 1621 3063 malle
1645 3032 1731 3064 mori

85 3090 181 3124 quam
206 3080 352 3114 habitum
373 3081 554 3127 relinquere*
571 3096 602 3123 ι),
619 3086 675 3115 elr.
692 3080 778 3114 ‹lelwl
795 3080 873 3114 adds
898 3093 906 3114 .·
929 3098 941 3111 υ
966 3082 1034 3115 nisi
1050 3081 1200 3116 hahuerit
1217 3084 1254 3117 de
1275 3085 1429 3120 mandato
1448 3087 1514 3121 Des
1536 3103 1570 3123 n.
