2099 3356
765 6 799 17 ,-

405 40 649 100 ἿκκΛᾸ-νκ
680 39 717 97 s
751 39 789 83 μ’)
820 50 825 62 ²

344 200 503 245 PRocizs
536 215 590 244 DE
622 213 974 244 CONDAMNATION
1010 214 1066 243 DE
1095 214 1262 255 JEANNE
1296 200 1419 244 D'ARC
1624 215 1698 258 135

61 313 195 367 decet,
224 314 323 371 quia
348 312 481 359 credit
514 313 694 357 firmiter
715 311 833 370 quod
866 325 968 356 sunt
994 326 1149 356 sanctae
1199 312 1433 356 Katharina
1467 325 1506 356 et
1539 314 1695 370 Marga-

61 410 160 442 reta.
189 397 239 441 Et
257 387 455 441 similiter
481 396 603 446 dixit,
627 396 770 454 quoad
794 395 893 449 hoc,
918 395 971 439 de
988 409 1136 439 sancto
1162 396 1387 440 Michaele.

118 480 395 537 Interrogata,
436 481 537 537 quia
573 479 736 527 Sanctis
764 478 943 536 paradisi
973 480 1269 523 communiter
1311 479 1422 523 fiunt
1464 479 1705 524 oblationes

36 556 38 561 ’
60 563 110 607 dc
133 562 334 616 candelis,
372 575 516 607 utrum
535 562 616 606 illis
642 564 806 606 Sanctis
824 562 1100 606 venientibus
1121 562 1171 606 ad
1201 564 1334 620 ipsam
1369 562 1569 607 feceritne
1588 563 1703 606 obla-

60 648 224 692 tionem
248 646 300 691 de
327 646 513 691 candelis
539 645 788 691 ardentibus
822 645 887 690 vel
917 646 1009 689 aliis
1031 645 1173 700 rebus,
1202 647 1245 689 in
1283 646 1455 691 ecclesia
1481 659 1554 690 aut
1586 647 1701 700 alibi,

59 730 123 774 vel
151 746 203 775 an
242 729 387 775 fecerit
415 729 554 774 dicere
579 731 751 774 missas:
783 728 1004 787 respondit
1040 729 1155 788 quod
1190 745 1296 782 non,
1344 731 1422 773 nisi
1454 729 1536 774 hoc
1575 730 1701 775 fuerit

57 812 277 859 offerendo
305 814 349 858 in
369 814 499 857 missa
520 814 564 857 in
598 829 731 857 manu
765 812 1012 866 sacerdotis,
1044 812 1095 857 ad
1126 813 1339 856 honorem
1365 827 1519 857 sanctae
1548 813 1704 857 Katha-

57 898 173 941 rinae.
203 896 254 941 Et
288 895 421 942 credit
454 896 571 955 quod
601 909 664 941 est
688 913 774 941 una
808 896 858 940 de
882 896 962 940 illis
989 913 1086 954 quae
1121 909 1324 954 apparent
1350 895 1429 940 sibi
1457 914 1468 950 3
1519 913 1596 941 nec
1639 909 1704 942 tot

55 979 248 1025 candelas
273 989 282 1005 ¹
317 978 522 1033 accendit,
561 981 670 1025 sicut
702 979 856 1024 faceret
880 978 1060 1024 libenter
1087 990 1100 1008 2
1138 981 1239 1037 ipsis
1263 981 1417 1023 sanctis
1456 978 1702 1023 Katharinae

55 1076 96 1108 et
123 1064 375 1122 Margaretre
409 1080 507 1122 quae
543 1076 645 1108 Sunt
671 1064 714 1107 in
744 1062 954 1121 paradiso,
981 1079 1085 1120 quas
1117 1062 1249 1107 credit
1276 1062 1460 1107 firmiter
1482 1079 1571 1108 esse
1613 1064 1704 1108 illas

56 1146 225 1192 easdem
249 1163 346 1205 quae
375 1148 556 1191 veniunt
584 1149 634 1191 ad
652 1148 802 1204 ipsam.

115 1231 379 1288 Interrogata
403 1243 567 1283 utrum,
599 1229 775 1289 quando
803 1232 930 1288 ponit
951 1229 1085 1289 [istas]
1109 1229 1304 1274 candelas
1342 1243 1439 1274 ante
1465 1232 1698 1288 imaginem

54 1329 207 1359 sanctae
251 1314 515 1368 Katharinae,
560 1316 648 1372 ipsa
691 1327 822 1371 ponat
864 1330 932 1359 eas
972 1315 1015 1357 in
1066 1314 1280 1378 honorem
1328 1314 1441 1358 illius
1474 1330 1571 1372 quae
1618 1315 1698 1358 sibi

54 1411 225 1458 apparet
264 1415 272 1443 ;
311 1397 563 1457 respondit:
598 1417 617 1440 «
667 1399 753 1455 Ego
798 1397 907 1442 facio
949 1397 1104 1442 hocin
1154 1397 1368 1442 honorem
1418 1399 1516 1451 Dei,
1562 1399 1699 1442 Beatae

54 1484 214 1537 Mariae‚
243 1495 285 1526 et
306 1490 460 1526 san'ctae
482 1482 730 1526 Katbarinae
746 1498 842 1540 quae
867 1495 928 1525 est
955 1483 995 1524 in
1020 1481 1149 1535 coelo,
1174 1494 1214 1524 et
1238 1481 1350 1525 illius
1372 1498 1470 1539 quae
1489 1498 1532 1527 se
1557 1494 1701 1526 osten-

54 1568 115 1614 dit
139 1567 263 1612 mihi.
296 1584 316 1607 »

53 1731 127 1771 elle
155 1732 275 1770 croist
306 1730 543 1770 fermernent
577 1743 653 1783 que
687 1742 730 1768 ce
768 1729 899 1768 soient
927 1730 1094 1768 sainctes
1120 1729 1336 1769 natherine
1370 1738 1407 1769 et
1440 1729 1696 1782 Marguerite.

106 1805 153 1844 Et
174 1802 505 1842 semblablement
529 1802 585 1841 dit
601 1801 648 1840 de
668 1801 769 1840 saint
794 1801 978 1841 Michiel.

105 1875 362 1929 Interroguee
384 1888 487 1929 pour
525 1887 567 1912 ce
604 1887 680 1928 9116
709 1873 748 1911 es
781 1873 934 1913 Saincts
954 1873 1001 1912 de
1039 1873 1192 1927 paradis
1232 1886 1285 1911 on
1309 1881 1318 1905 ³
1345 1872 1412 1911 fait
1453 1872 1697 1911 vonlentiers

52 1947 238 1986 oblacion
264 1947 311 1985 de
333 1946 559 1985 chandelles
585 1956 678 1995 etc.,
712 1960 751 1985 se
777 1946 797 1984 ἷ1
824 1959 887 1984 ces
920 1945 1073 1983 Saincts
1093 1954 1130 1984 et
1165 1945 1342 1984 Sainctes
1362 1944 1428 1998 qui
1464 1944 1655 1983 viennent
1680 1945 1698 1982 a

53 2019 142 2064 elle,
169 2018 245 2058 elle
266 2032 287 2057 a
308 2019 423 2072 point
445 2018 513 2056 fait
540 2018 726 2056 oblacion
760 2017 807 2056 de
832 2016 1061 2057 chandelles
1087 2017 1228 2056 asdans
1268 2030 1321 2055 ou
1346 2015 1514 2054 d’autres
1540 2016 1697 2064 choses,

51 2092 71 2129 a
92 2090 242 2143 l'eglise
267 2104 319 2129 011
345 2089 519 2138 :tillem-s,
543 2103 594 2129 ou
614 2089 709 2128 faire
733 2089 816 2128 dire
839 2090 905 2127 des
942 2102 1090 2128 messes
1116 2102 1122 2126 :
1150 2087 1322 2142 respond
1352 2101 1427 2141 9116
1459 2101 1555 2136 non,
1583 2101 1623 2126 se
1654 2101 1697 2126 ce

52 2162 150 2201 n’est
181 2176 229 2201 en
255 2162 398 2201 offrant
422 2163 440 2200 a
474 2161 508 2200 la
531 2175 657 2200 messe
688 2175 736 2200 en
764 2161 799 2200 la
837 2161 942 2200 main
975 2160 1026 2199 du
1065 2161 1255 2214 presbtre,
1283 2169 1320 2198 et
1344 2173 1392 2198 en
1430 2159 1615 2199 l'onneur
1651 2159 1699 2198 de

51 2235 196 2273 saincte
219 2218 459 2282 Katherine,
488 2243 525 2273 et
558 2234 679 2272 croist
710 2224 785 2287 9116
820 2237 911 2271 c'est
933 2232 1038 2270 I'une
1065 2232 1112 2270 de
1147 2231 1266 2270 celles
1301 2232 1368 2286 qui
1401 2244 1441 2271 se
1471 2240 1658 2285 apparust
1680 2232 1697 2269 a

53 2304 126 2343 elle
145 2320 153 2354 3
183 2314 220 2343 et
245 2304 333 2343 n'en
356 2319 375 2343 a
391 2306 506 2358 point
534 2314 616 2343 tant
639 2305 770 2343 alume'
793 2317 952 2343 comme
975 2303 1049 2342 elle
1080 2303 1198 2341 feroit
1220 2303 1466 2341 voulentiers
1488 2316 1508 2340 a
1529 2303 1698 2342 sainctes

55 2377 264 2416 Katherine
285 2386 323 2416 et
351 2377 607 2429 Μαι-91161116,
641 2377 707 2431 9111
733 2386 823 2416 sont
860 2389 908 2414 en
932 2375 1104 2429 paradis,
1129 2374 1273 2429 qu'elle
1299 2374 1420 2413 croist
1460 2373 1699 2413 fermement

53 2461 127 2501 que
152 2462 195 2487 ce
214 2458 304 2487 sont
323 2447 443 2487 celles
467 2449 533 2501 9111
559 2449 752 2487 viennent
774 2448 793 2486 a
811 2447 900 2486 6116.

106 2521 363 2572 Interrogtlee
401 2534 455 2568 se,
499 2529 619 2574 quant
658 2520 734 2558 elle
782 2519 901 2559 meict
938 2532 1000 2557 ces
1047 2517 1276 2556 chandelles
1317 2517 1461 2556 devant
1508 2516 1696 2570 l'ymaige

53 2592 199 2630 saincte
225 2592 456 2638 Katherine,
484 2591 558 2630 6116
583 2591 638 2629 les
677 2592 811 2638 mcict,
849 2604 912 2629 ces
945 2589 1189 2638 chandelles,
1232 2603 1279 2629 en
1314 2587 1498 2627 l’onnenr
1520 2588 1567 2627 de
1597 2588 1696 2627 celle

40 2663 119 2716 ’9111
141 2677 181 2702 se
202 2672 368 2716 apparut
401 2663 420 2701 a
448 2662 550 2701 elle:
577 2663 749 2716 respond
774 2677 780 2700 :
823 2679 841 2698 «
882 2663 926 2711 Jc
962 2661 996 2699 16
1019 2661 1089 2699 fais
1124 2674 1171 2699 en
1204 2660 1388 2700 l'onneur
1425 2660 1471 2700 de
1496 2661 1611 2708 Dieu,
1649 2660 1695 2700 de

52 2734 192 2773 Nostro
220 2736 344 2773 Dame
369 2743 406 2773 et
421 2734 468 2773 de
485 2735 632 2772 saincte
650 2735 878 2781 Katlierine,
906 2735 974 2786 qui
997 2743 1054 2772 est
1073 2746 1120 2771 eu
1152 2732 1224 2771 ciel
1245 2747 1253 2776 ς
1278 2742 1314 2770 et
1351 2746 1398 2770 ne
1421 2731 1491 2771 fais
1513 2733 1626 2786 point
1649 2733 1696 2771 de

54 2804 265 2846 difference
287 2807 334 2845 de
357 2807 504 2845 saincte
526 2806 739 2844 Katlierine
765 2806 835 2858 9111·
855 2815 911 2843 est
940 2819 987 2843 611
1014 2805 1088 2843 ciel
1111 2814 1148 2843 et
1170 2805 1216 2844 de
1244 2803 1342 2844 celle
1385 2804 1453 2856 9111
1477 2818 1516 2842 se
1559 2814 1696 2857 appert

54 2877 73 2915 Ξι
99 2891 206 2932 moy.
231 2895 249 2914 ›>

108 3068 134 3090 1.
158 3057 187 3091 A
210 3069 251 3091 au
280 3058 339 3091 bas
365 3058 408 3092 de
436 3058 466 3092 la
490 3069 576 3103 page
608 3070 613 3091 z
646 3057 696 3090 De
721 3056 866 3090 candelis
892 3056 1097 3090 milensibus.
1121 3076 1166 3080 -—
1188 3066 1220 3089 Ξ.
1241 3055 1274 3088 Α
1298 3067 1306 3088 .·
1332 3055 1469 3088 libenter
1487 3055 1626 3099 μυεῖ-μί.
1648 3074 1694 3078 —

59 3125 86 3159 3.
111 3115 177 3150 Ms.
197 3129 205 3150 .·
224 3122 290 3150 ont.
