2099 3356
299 184 380 237 362
585 180 744 223 PRocsss
776 193 833 222 DE
864 193 1214 224 CONDAMNATION
1247 194 1305 223 DE
1335 194 1502 236 JEANNE
1533 180 1662 225 D'ARC

291 306 333 337 et
359 295 447 352 ipsa
480 304 589 337 esset
614 291 723 336 infra
748 293 895 351 ignem
923 309 932 336 z
965 308 1053 337 non
1087 306 1230 337 tamen
1264 292 1422 338 diceret
1459 293 1592 348 aliud,
1628 306 1671 339 et
1703 297 1933 340 sustineret

294 376 401 421 illud
427 376 545 435 quod
570 375 678 419 dixit
699 377 743 419 in
767 391 981 434 processu,
1001 391 1140 435 usque
1160 376 1211 421 ad
1243 389 1448 421 mortem.

351 460 563 518 Deinceps
590 475 683 510 nOS‚
715 457 877 517 judices
902 458 1120 514 antedicti,
1149 461 1382 518 petivimus
1415 476 1438 504 a
1469 473 1719 519 promotore
1741 469 1752 488 ¹
1783 464 1826 505 in
1863 462 1941 508 hac

293 559 415 587 causa
447 555 488 586 et
508 542 560 586 ab
582 542 731 587 eadem
748 542 947 599 Johanna
973 558 1026 586 an
1054 543 1214 587 vellent
1235 544 1422 602 amplius
1441 543 1604 603 aliquid
1628 543 1768 589 dicere
1785 553 1816 589 ².
1848 547 1940 600 Qui

294 627 493 670 dixerunt
515 625 632 684 quod
650 626 836 684 amplius
856 626 965 670 nihil
983 625 1138 671 dicturi
1159 640 1295 671 erant.
1325 628 1377 671 Et
1400 639 1504 672 tunc
1521 627 1572 671 ad
1587 627 1939 674 concludendum

295 712 339 753 in
385 725 509 754 causa
547 711 849 768 processimus,
897 709 1135 755 secundum
1184 710 1367 754 formam
1412 711 1636 769 cujusdam
1677 711 1938 766 schedulae⁵,

295 809 425 852 quam
466 809 560 847 nos,
599 794 824 852 episcopus
866 793 1108 852 przedictus,
1152 795 1196 838 in
1238 794 1436 839 manibus
1472 797 1628 840 nostris
1668 795 1939 850 tenebamus,

295 879 418 935 cujus
445 890 570 921 tenor
598 879 794 936 sequitur
822 895 830 921 ε

359 976 379 999 <<
418 961 467 1005 Et
508 977 602 1015 nos,
648 973 857 1020 tanquam
888 963 930 1005 in
986 961 1063 1005 hac
1105 974 1222 1020 parte
1258 960 1420 1020 judices
1465 975 1776 1021 competentes,
1816 978 1942 1023 prout

296 1046 442 1098 etiam,
475 1046 508 1088 si
542 1057 582 1088 et
615 1046 659 1088 in
690 1057 904 1103 quantum
945 1061 1054 1104 opus
1084 1058 1164 1099 est,
1197 1061 1281 1090 nos
1309 1061 1398 1090 esse
1431 1059 1727 1105 competentes
1752 1046 1941 1092 decerni-

297 1145 393 1173 mus
416 1142 458 1173 et
485 1128 761 1181 declaramus,
790 1130 1040 1173 renuntiato
1065 1144 1138 1187 per
1155 1145 1246 1183 vos,
1280 1145 1355 1174 seu
1391 1145 1468 1189 pro
1495 1132 1742 1175 renuntiato
1775 1131 1938 1186 habito,
2000 1167 2004 1172 .

298 1228 341 1256 IN
370 1226 461 1256 JPSA
483 1227 622 1257 CAUSA
649 1227 988 1265 concmeUs;
1019 1213 1313 1272 conclusoque
1340 1229 1414 1272 per
1439 1229 1534 1268 nos,
1562 1216 1795 1259 crastinum
1823 1214 1938 1260 diem

299 1296 420 1340 vobis
460 1298 727 1353 assignamus
760 1296 811 1340 ad
837 1296 1104 1342 audiendum
1136 1312 1209 1355 per
1242 1313 1320 1341 nos
1365 1299 1430 1355 jus
1477 1296 1594 1342 reddi
1624 1299 1712 1342 sive
1746 1311 1937 1344 nostram

295 1373 556 1424 sententiam
577 1379 673 1424 ferri
702 1382 744 1425 in
774 1379 1029 1438 hujusmodi
1057 1396 1196 1435 causa,
1223 1394 1265 1425 et
1295 1380 1346 1425 ad
1371 1380 1616 1426 faciendum
1637 1394 1679 1426 et
1706 1382 1939 1440 proceden-

295 1464 402 1508 dum
424 1464 619 1517 ulterius,
651 1477 780 1522 prout
807 1463 935 1508 fuerit
965 1466 1070 1521 juris
1109 1477 1149 1509 et
1180 1467 1375 1509 rationis.
1409 1464 1696 1510 Praesentibus
1731 1465 1782 1510 ad
1811 1466 1901 1510 haec
1927 1484 1935 1510 :

293 1548 421 1592 fratre
449 1547 715 1592 Ysambardo
737 1548 788 1592 de
814 1549 950 1598 Petra,
974 1547 1159 1592 domino
1183 1549 1391 1592 Matthaeo
1417 1549 1449 1592 le
1477 1550 1642 1603 Batenr,
1669 1549 1935 1608 presbyteri5‚

293 1644 335 1675 et
355 1631 577 1675 Ludovico
600 1631 718 1676 Orsel
740 1643 770 1685 ⁴,
794 1632 947 1676 clerico
964 1632 1343 1690 Rothomagensis,
1367 1632 1685 1676 Londoniensis
1706 1646 1747 1677 et
1772 1635 1936 1678 Novio-

298 1717 457 1760 mensis
478 1716 729 1760 dioecesium
754 1722 782 1769 ⁵,
803 1715 982 1760 testibus
1002 1716 1053 1759 ad
1076 1716 1164 1760 haec
1189 1718 1364 1760 vocatis.
1393 1733 1412 1756 »

609 1908 719 1943 JOVIS
749 1908 859 1934 xxlv.
883 1908 1020 1935 MENSIS
1043 1909 1142 1935 ΜΑΙΙ.
1168 1909 1216 1934 ET
1242 1909 1361 1935 PRIMA
1391 1898 1638 1935 5ΙΞΝΤΕΝΤΙΑ6

355 2028 481 2078 Item,
523 2027 675 2072 eodem
720 2044 852 2082 anno,
891 2029 1015 2086 joviS,
1054 2042 1149 2086 post
1199 2028 1358 2073 festum
1399 2029 1688 2082 pentecostes,
1737 2029 1939 2073 vicesima

297 2124 443 2170 quarta
473 2110 540 2155 die
566 2112 727 2155 mensis
759 2112 876 2165 maii,
903 2128 997 2166 nos,
1035 2111 1193 2169 judices
1217 2111 1438 2165 antedicti,
1466 2111 1516 2155 de
1539 2127 1665 2155 mane
1685 2113 1939 2156 accessimus

297 2298 444 2335 dedans
470 2297 599 2343 lesen,
624 2297 653 2334 si
680 2297 770 2334 n‘en
790 2295 1015 2349 dyroit-ellc
1041 2306 1147 2335 autre
1176 2297 1297 2335 chose
1319 2306 1357 2335 et
1384 2297 1656 2336 soustendroit
1682 2310 1726 2337 ce
1750 2296 1896 2350 qu’elle
1918 2311 1939 2336 a

297 2369 353 2407 dit
377 2381 425 2407 eu
447 2369 586 2421 proces
611 2370 770 2421 jusques
794 2368 814 2406 ὲ
831 2367 865 2406 la
889 2377 992 2406 mort
1008 2377 1035 2405 7.

350 2441 398 2478 Et
417 2439 670 2487 incontinenti,
698 2440 786 2493 qnia
805 2444 991 2493 promotor
1018 2444 1049 2478 ct
1080 2439 1156 2491 ipsa
1180 2439 1380 2478 noluerunt
1399 2439 1544 2493 aliquid
1572 2439 1700 2488 dicere,
1726 2440 1934 2479 conclusum

289 2512 371 2564 fnit
395 2512 432 2549 in
450 2524 573 2558 cansa,
598 2516 637 2549 nt
657 2511 863 2550 continetur
890 2511 927 2549 in
948 2510 1145 2549 schedula8
1168 2511 1272 2563 cnjus
1296 2516 1396 2550 tenor
1424 2511 1508 2550 talis
1537 2516 1585 2550 est
1615 2525 1626 2550 .·
1650 2528 1668 2547 «
1689 2512 1737 2550 Et
1767 2525 1829 2550 nos
1855 2515 1936 2550 tan-

297 2596 408 2635 quam
432 2583 469 2621 in
494 2583 558 2621 hac
573 2588 693 2637 parte,
721 2593 794 2621 etc.
811 2592 826 2616 9
845 2599 880 2621 ».

351 2655 463 2691 Anno
490 2654 645 2692 Domini
675 2653 869 2692 millesimo
901 2653 1258 2707 quadringentesimo
1294 2653 1471 2692 tricesimo
1494 2654 1634 2707 primo,
1666 2653 1722 2692 die
1749 2653 1844 2706 jovis
1856 2659 1937 2708 post

295 2726 518 2763 Pentecosten
550 2734 579 2751 ¹0
615 2724 784 2771 Domini,
816 2724 989 2763 vicesima
1012 2729 1146 2778 quarta
1171 2725 1301 2763 mensis
1327 2725 1431 2773 maii,
1470 2725 1508 2764 in
1528 2724 1679 2779 publica
1711 2739 1752 2764 ac
1784 2725 1938 2764 solemni

351 2919 380 2943 1.
395 2908 424 2943 C
448 2921 457 2942 :
482 2909 524 2942 ad
541 2914 774 2955 promotorem.
798 2930 844 2934 —
865 2919 896 2943 2.
919 2909 1015 2944 ΑΒΕ
1035 2920 1078 2944 en
1101 2921 1221 2955 marge
1242 2909 1473 2944 :concluditur
1497 2911 1531 2943 in
1552 2921 1661 2944 causa.
1685 2930 1732 2935 —
1756 2920 1784 2954 3.
1804 2910 1901 2944 ABC
1924 2921 1935 2944 :

300 2967 444 3001 scedulae.
472 2988 519 2992 —-
538 2977 571 3009 4.
600 2967 667 3002 AC
689 2981 699 3001 .·
729 2968 861 3003 Oursel.
884 2989 928 2993 —
953 2978 983 3012 5.
1011 2968 1109 3003 ABC
1134 2980 1144 3002 .·
1161 2969 1333 3003 diocesum.
1355 2989 1402 2994 —
1422 2968 1454 3004 6.
1484 2969 1537 3003 En
1557 2980 1678 3015 marge
1699 2969 1742 3003 de
1761 2969 1870 3004 ΑΒΕ.
1889 2989 1937 2994 -

300 3037 337 3070 7.
362 3026 413 3060 En
429 3038 548 3072 marge
565 3027 612 3060 du
633 3038 693 3061 ms.
716 3037 730 3073 ,ζ
745 3027 794 3061 La
810 3028 938 3071 grande
951 3032 1047 3062 verta
1067 3032 1098 3061 et
1116 3033 1282 3062 constance
1300 3027 1336 3062 de
1357 3028 1388 3061 In
1409 3027 1550 3062 Pucelle.
1569 3028 1660 3062 —8.
1681 3028 1750 3062 Ms.
1776 3039 1786 3062 .·
1807 3027 1931 3062 cedula.

301 3105 346 3109 —
371 3095 402 3129 9.
432 3085 473 3127 U,
496 3084 557 3119 fol.
583 3095 635 3130 32,
651 3095 697 3120 το.
718 3106 765 3112 —-
793 3096 844 3120 10.
874 3087 942 3120 Ms.
963 3099 972 3119 .·
993 3087 1190 3121 pentecostes
1208 3087 1299 3131 (sic).

2085 2186 2099 2311 uana-n
2084 2122 2099 2164 z.-
2080 1968 2099 2102 uncum-fl
2084 1861 2099 1958 sm.

2094 2510 2099 2514 .
2090 2419 2099 2456 vu.
2084 2315 2099 2405 ana-Affl-
