2099 3356
344 24 503 98 “Lm
522 37 602 97 cli
640 54 661 112 ᾖ
689 55 702 72 2
719 40 729 78 =“

386 221 544 264 PROCIks
578 234 631 262 DE
663 233 1015 262 CONDAMNATION
1050 233 1106 262 DE
1139 233 1303 275 JEANNE
1336 219 1463 262 D‘ARC
1668 233 1743 263 121

110 337 238 380 etiam
254 334 334 378 fuit
356 346 525 392 gravata
537 348 586 376 ex
608 332 682 376 illo
703 332 811 377 saltu
838 333 881 375 in
904 344 1073 376 tantum
1100 331 1217 390 quod
1235 348 1322 375 non
1339 344 1504 390 poterat
1528 331 1753 377 comedere

110 435 187 464 nec
210 417 353 462 bibere
379 435 390 472 ;
419 430 460 462 et
488 429 633 461 tamen
658 416 738 460 fuit
765 415 1003 460 confortata
1030 432 1051 459 a
1078 428 1223 460 sancta
1242 415 1495 470 Katharina,
1525 432 1622 474 quae
1647 415 1754 461 dixit

109 504 146 548 ei
171 501 288 561 quod
331 501 607 545 confiteretur
634 512 675 544 et
699 512 907 559 quaereret
941 501 1113 544 veniam
1139 515 1161 543 a
1188 501 1284 544 Deo
1309 499 1360 543 de
1382 499 1464 543 hoc
1491 499 1608 559 quod
1632 500 1756 544 salta-

110 599 239 639 verat,
267 598 307 629 et
346 584 464 643 quod
486 585 576 628 sine
599 583 766 628 defectu
795 584 853 627 illi
880 582 930 628 de
967 583 1246 642 Compendio
1269 582 1474 627 haberent
1499 600 1751 629 succursum

108 670 216 714 infra
243 669 401 713 festum
443 668 627 712 hiemale
648 669 764 711 Beati
809 668 1000 711 Martini.
1032 668 1082 711 Et
1128 680 1233 712 tunc
1263 669 1350 726 ipsa
1377 669 1509 726 coepit
1531 667 1666 713 redire
1700 667 1750 713 ad

108 753 509 805 convalescentiam,
535 764 575 796 et
595 753 755 809 incepit
776 750 1018 805 comedere,
1043 751 1211 810 fuitque
1230 753 1373 795 statim
1396 764 1555 795 sanata.

168 838 430 895 Interrogata
459 848 621 889 utrum,
648 834 822 894 quando
840 835 1021 889 saltavit,
1039 834 1227 879 crederet
1249 851 1292 879 se
1314 836 1447 894 ipsam
1476 836 1714 880 interficere
1742 854 1749 880 :

109 921 328 980 respondit
346 919 464 979 quod
482 936 571 964 non
589 938 599 974 3
620 917 691 963 sed
714 919 907 964 saltando
929 919 1252 963 commendavit
1274 936 1316 963 se
1343 921 1453 964 Deo.
1474 920 1524 964 Et
1541 919 1750 974 credebat,

109 1021 181 1065 per
218 1004 413 1049 medium
477 1003 592 1049 illius
631 1003 777 1057 saltus,
827 1002 1005 1049 evadere
1051 1003 1170 1063 quod
1216 1005 1303 1062 ipsa
1363 1020 1451 1048 non
1515 1003 1751 1049 traderetur

108 1088 313 1147 Anglicis.

166 1173 429 1231 Interrogata
460 1172 626 1226 utrum,
656 1171 834 1232 quando
857 1171 937 1215 sibi
962 1171 1132 1230 loquela
1169 1171 1313 1225 rediit,
1353 1173 1440 1230 ipsa
1476 1171 1754 1230 denegaverit

107 1257 253 1300 Deum
283 1269 323 1300 et
345 1256 523 1300 Sanctos
563 1258 669 1313 ejus,
697 1257 798 1315 quia
830 1255 912 1299 hoc
943 1255 1021 1299 sibi
1044 1254 1263 1300 dicebatur
1294 1269 1511 1314 repertum
1551 1251 1640 1300 esse
1683 1272 1756 1314 per

108 1339 465 1385 informationem
489 1339 734 1399 :respondit
760 1339 876 1398 quod
890 1356 979 1384 non
999 1339 1244 1384 recordatur
1270 1339 1387 1399 quod
1406 1356 1602 1398 unquam
1623 1339 1755 1385 dene-

108 1424 268 1482 gaverit
298 1424 442 1467 Deum
463 1435 503 1467 et
537 1423 743 1467 Sanctos¹
772 1422 838 1466 Vel
868 1422 1149 1476 maledixerit,
1174 1439 1251 1467 nec
1275 1422 1348 1477 ibi,
1375 1439 1452 1466 nec
1476 1422 1592 1468 alibi.

165 1508 429 1565 Interrogata
457 1523 509 1551 an
535 1506 586 1551 de
612 1507 694 1551 hoc
718 1507 820 1551 velit
840 1523 884 1551 se
926 1506 1080 1551 referre
1122 1506 1174 1551 ad
1217 1506 1574 1551 informationem
1596 1506 1748 1552 factam

106 1591 173 1636 vel
194 1590 383 1635 fiendam
404 1608 411 1635 z
438 1591 659 1650 respondit
681 1605 688 1631 :
716 1608 735 1631 ‹<
758 1591 846 1649 Ego
863 1591 999 1635 refero
1016 1607 1085 1635 me
1111 1590 1162 1635 ad
1195 1591 1336 1635 Deum
1349 1604 1390 1635 et
1411 1607 1500 1635 non
1517 1591 1567 1635 ad
1596 1591 1749 1648 alium,

105 1688 145 1720 et
169 1674 220 1719 ad
240 1675 399 1720 bonam
425 1675 758 1720 confessionem.
792 1691 812 1715 ›>

107 1833 155 1858 ne
173 1819 330 1858 vouloit
354 1820 532 1873 mengier
555 1835 564 1869 3
589 1829 626 1859 et
644 1833 817 1859 mesmes
838 1820 942 1858 aussi
962 1833 1064 1873 pour
1082 1833 1125 1859 ce
1149 1819 1251 1859 sault
1268 1819 1327 1859 fut
1347 1821 1490 1873 grevee
1513 1819 1753 1873 tantqu’elle

105 1904 154 1929 ne
173 1891 314 1944 povoit
347 1904 396 1929 ne
422 1891 533 1930 boire
558 1892 799 1945 nemangier
821 1907 830 1940 3
853 1901 889 1931 et
910 1892 1157 1931 toutesvoies
1182 1891 1241 1931 fut
1259 1891 1507 1931 reconfortee
1532 1891 1579 1930 de
1605 1892 1753 1930 saincte

108 1963 339 2010 Katherine,
366 1964 432 2016 qui
465 1963 531 2016 luy
548 1963 605 2002 dit
629 1963 772 2016 qu'elle
798 1977 837 2002 se
862 1962 1081 2002 confessast
1099 1973 1136 2002 et
1161 1964 1354 2017 requerist
1389 1977 1523 2017 mercy
1539 1963 1559 2002 a
1578 1964 1681 2002 Dieu
1706 1963 1754 2001 de

106 2042 149 2067 ce
189 2028 334 2082 qu’elle
380 2030 487 2068 avoit
530 2029 646 2077 sailli,
683 2039 720 2068 et
751 2043 828 2083 que
859 2043 946 2068 sans
978 2029 1100 2068 faulte
1126 2043 1224 2068 ceux
1244 2030 1290 2068 de
1313 2030 1565 2082 Compiegne
1599 2029 1755 2068 aroient

105 2113 265 2139 secours
287 2100 434 2139 dedans
457 2101 491 2139 la
516 2102 618 2140 saint
648 2102 793 2140 Martin
820 2100 967 2154 d'yver.
1005 2103 1052 2140 Et
1085 2101 1313 2155 adoncques
1339 2116 1378 2140 se
1404 2101 1530 2154 prinst
1550 2102 1570 2140 a
1598 2101 1752 2139 revenir

104 2180 141 2210 et
165 2172 437 2211 commencier
461 2172 481 2210 a
501 2173 755 2225 mengier3et
775 2172 834 2211 fut
857 2182 1035 2212 tantoust
1048 2174 1204 2226 guerie.

160 2244 430 2296 Interroguee,
453 2254 576 2297 quant
595 2244 670 2282 elle
689 2244 822 2292 saillit,
846 2244 952 2283 s'elle
965 2258 1004 2283 se
1032 2244 1186 2284 cuidoit
1210 2254 1295 2283 tuer
1319 2259 1326 2282 ε
1355 2244 1527 2297 respond
1551 2258 1627 2297 que
1649 2257 1746 2289 non;

105 2315 202 2353 mais
232 2328 281 2353 en
303 2315 458 2354 saillant
489 2329 526 2354 se
566 2316 848 2354 recommanda
872 2317 891 2354 a
915 2317 1015 2355 Dieu
1043 2325 1107 2364 ;et
1129 2316 1296 2363 cuidoit,
1315 2329 1384 2369 par
1408 2316 1441 2355 le
1464 2329 1612 2369 moyen
1637 2316 1684 2354 de
1705 2329 1748 2354 ce

104 2386 219 2433 sault,
239 2387 427 2439 eschaper
451 2396 488 2426 et
506 2387 650 2426 e'vader
665 2387 808 2440 qu’elle
833 2401 881 2426 ne
900 2387 980 2426 fust
1002 2388 1122 2426 livre'e
1145 2401 1219 2426 aux
1244 2387 1443 2441 Angloys.

158 2458 415 2510 Inter-roguee
439 2472 477 2497 se
515 2449 641 2512 quant
666 2459 699 2497 la
722 2458 871 2512 parolle
899 2459 968 2512 luy
992 2459 1052 2498 fut
1086 2473 1274 2506 revenue,
1299 2459 1374 2498 elle
1405 2460 1569 2512 regnoia
1593 2469 1629 2498 et
1651 2459 1747 2498 mal-

103 2530 194 2581 grea
223 2530 325 2568 Dieu
344 2539 381 2568 et
411 2543 471 2568 ses
494 2530 622 2579 Sains,
648 2544 751 2583 pour
780 2544 824 2569 ce
853 2544 929 2584 que
967 2544 1009 2569 ce
1050 2540 1107 2569 est
1147 2532 1288 2570 trouve'
1320 2545 1388 2584 par
1431 2530 1745 2577 l’informacion,

103 2613 262 2639 comme
284 2600 406 2639 disoit
426 2601 727 2653 l'interrogant:
774 2602 948 2655 respond
977 2602 1122 2655 qu'elle
1161 2602 1222 2641 n’a
1260 2603 1375 2655 point
1410 2603 1457 2641 de
1478 2604 1671 2641 memoire
1693 2616 1744 2641 ou

102 2671 243 2724 qu’elle
263 2673 339 2710 soit
364 2682 602 2719 souvenatit,
621 2673 695 2712 elle
718 2687 766 2712 ne
790 2675 953 2726 regnoia
985 2688 1036 2712 ou
1076 2674 1250 2727 malgrea
1275 2688 1453 2728 oncques
1480 2675 1581 2713 Dieu
1611 2688 1663 2713 ou
1692 2688 1752 2713 ses

102 2743 230 2791 Sains,
251 2757 299 2782 en
320 2757 363 2782 ce
394 2744 472 2782 lieu
492 2758 544 2783 ou
570 2745 729 2784 ailleurs
753 2761 760 2790 ;
788 2755 825 2783 et
850 2759 898 2783 ne
924 2744 1005 2784 s’en
1038 2756 1096 2784 est
1119 2747 1234 2798 point
1256 2745 1478 2794 confessee,
1503 2760 1567 2785 car
1588 2746 1662 2785 elle
1689 2750 1750 2784 n'a

104 2815 218 2866 point
239 2815 286 2854 de
312 2816 506 2854 me'moire
531 2815 675 2869 qu'elle
698 2816 779 2855 l'ait
797 2817 853 2855 dit
868 2830 920 2855 ou
946 2817 1031 2856 fait.

159 2887 412 2939 Interroguee
438 2886 544 2926 s'elle
568 2887 649 2926 s’en
675 2887 783 2926 veult
808 2898 987 2941 raporter
1011 2889 1030 2927 a
1050 2878 1346 2928 l’informacion
1371 2889 1486 2928 faicte
1504 2903 1556 2928 ou
1582 2891 1602 2927 a
1626 2889 1720 2928 faire
1740 2904 1746 2927 :

103 2957 273 3009 respond
302 2972 309 2995 :
337 2975 354 2992 «
383 2959 427 3006 Je
455 2957 557 2996 m'en
587 2968 743 3012 raporte
771 2960 791 2997 a
818 2960 919 2998 Dieu
942 2969 978 2998 et
1005 2973 1086 2998 non
1112 2960 1131 2998 a
1164 2960 1304 3008 aultre,
1329 2970 1366 3000 et
1387 2962 1407 2999 a
1423 2961 1557 2999 bonne
1594 2961 1748 2999 confes-

105 3041 212 3067 s10n.
239 3045 254 3063 n

158 3164 186 3187 1.
210 3153 306 3189 ΑΒΕ
324 3167 333 3188 .·
361 3160 501 3191 sanctas.
