2099 3356
371 165 528 207 PRoci'zs
560 177 616 207 DE
647 176 998 207 CONDAMNATioN
1034 178 1088 207 DE
1119 176 1284 219 JssANNE
1317 162 1445 208 D’Arzc
1646 177 1727 221 339

869 293 959 347 [w]

141 404 159 424 «
193 389 308 437 Item,
332 388 463 441 quoad
496 398 652 428 sextum
685 388 913 437 articulum,
949 389 1056 442 quod
1094 390 1194 428 dicta
1234 381 1497 428 foeminaest
1519 390 1727 443 proditrix,

85 459 238 507 dolosa,
263 459 434 498 crudelis
459 469 496 498 et
521 459 722 499 sitibunda
749 460 958 499 effusionis
979 461 1185 513 sanguinis
1208 461 1390 509 humani,
1414 461 1602 500 seditiosa
1625 470 1663 500 et
1683 461 1728 499 ad

84 531 337 584 tyrannidem
359 545 584 584 provocans
605 547 614 580 3
639 531 948 585 blasphematrix
972 542 978 558 ¹
1016 532 1088 571 Dei
1117 533 1156 571 in
1183 533 1377 572 mandatis
1408 543 1444 572 et
1479 532 1730 572 revelationi-

85 602 159 642 bus
184 603 278 642 suis.
306 619 324 640 »

857 675 968 729 [vu]

141 787 160 806 «
194 772 310 818 Item,
334 771 464 824 quoad
489 771 723 824 septimum,
752 771 860 824 quod
892 771 994 810 dicta
1017 770 1187 811 foemina
1217 781 1275 812 est
1306 772 1427 825 impia
1458 773 1496 811 in
1532 780 1729 826 parentes,

84 843 372 895 praevaricatrix
395 843 580 896 praecepti
599 843 647 881 de
662 843 931 881 honoratione
953 852 1177 896 parentum,
1198 843 1444 892 scandalosa‚
1466 844 1695 898 blasphema
1716 853 1730 871 ²

84 915 124 953 in
145 916 275 953 Deum
293 929 302 962 3
323 924 360 953 et
384 923 485 953 errat
505 915 545 952 in
574 912 665 962 fide,
697 927 740 953 ac
764 915 1014 953 temerariam
1038 924 1076 954 et
1105 925 1468 968 praesumptuosam
1500 917 1733 969 promissio-

86 999 178 1025 nem
203 985 311 1025 fecit.
338 1002 356 1022 »

846 1058 974 1112 [vui]

139 1170 158 1190 «
192 1155 289 1193 Item
315 1153 439 1207 quod,
467 1155 506 1192 in
532 1163 674 1193 octavo
698 1154 882 1202 articulo,
909 1156 1139 1194 continetur
1167 1155 1477 1209 pusillanimitas
1498 1168 1666 1209 vergens
1693 1157 1731 1194 in

86 1226 468 1280 desesperationem,
504 1226 801 1278 interpretative
835 1227 872 1264 in
912 1227 972 1265 sui
1010 1227 1132 1280 ipsius
1180 1228 1470 1276 homicidIum3
1514 1241 1732 1281 praesump-

86 1307 200 1337 tuosa
225 1307 262 1337 et
284 1299 489 1336 temeraria
513 1298 678 1336 assertio
703 1297 750 1336 de
777 1298 1011 1336 remissione
1031 1298 1160 1351 culpae
1191 1308 1409 1351 praetensa3
1436 1309 1473 1338 et
1501 1299 1608 1352 quod
1631 1299 1733 1337 dicta

83 1368 252 1409 foemina
274 1367 375 1408 male
397 1369 516 1408 sentit
535 1368 582 1408 de
614 1367 792 1408 libertate
817 1369 981 1409 humani
1007 1368 1171 1408 arbitrii.
1202 1387 1219 1405 »

864 1483 958 1537 [m]

139 1596 158 1616 «
194 1581 291 1618 Item
314 1580 438 1633 quod,
463 1580 503 1618 in
528 1593 638 1619 nono
660 1579 842 1627 articulo,
865 1580 1095 1619 continetur
1120 1590 1439 1633 praesumptuosa
1463 1594 1506 1620 ac
1529 1582 1734 1620 temeraria

83 1652 263 1699 assertio,
299 1665 342 1690 ac
380 1651 637 1690 mendacium
671 1652 968 1704 perniciosum3
1003 1661 1040 1690 et
1065 1652 1301 1691 contradicit
1323 1652 1397 1690 sibi
1426 1653 1465 1690 in
1494 1653 1733 1705 praecedenti

86 1723 269 1773 articulo,
295 1736 340 1762 ac
364 1723 466 1762 male
490 1724 591 1776 sapit
615 1724 655 1762 in
676 1722 768 1762 fide.
784 1739 803 1760 n

878 1796 949 1874 [x]

142 1932 160 1952 «
194 1916 294 1955 Item
316 1915 441 1970 quod,
466 1916 505 1954 in
528 1915 685 1955 decimo
704 1915 888 1964 articulo,
909 1916 1138 1955 continetur
1163 1926 1482 1969 praesumptuosa
1507 1925 1670 1955 asser-no
1691 1930 1734 1955 ac

86 1988 308 2035 temeraria,
332 1987 526 2026 divinatio
549 1987 839 2040 superstitiosa,
866 1986 1113 2040 blasphemia
1135 1994 1145 2019 3
1174 1987 1212 2025 in
1242 1997 1394 2026 sanctas
1417 1987 1673 2027 Katharinam
1697 1997 1736 2026 et

86 2060 362 2112 Margaretam,
387 2069 425 2098 et
449 2059 708 2113 transgressio
730 2059 919 2112 praecepti
945 2058 992 2097 de
1015 2058 1231 2098 dilectione
1251 2060 1438 2112 proximi.
1470 2075 1488 2095 »

863 2171 956 2226 [XI]

141 2286 160 2305 (ι
194 2270 309 2317 Item,
332 2268 462 2323 quoad
483 2268 747 2308 undecimum
772 2268 1002 2315 articulum,
1029 2268 1140 2321 quod
1175 2269 1277 2307 dicta
1311 2268 1493 2317 foemina,
1523 2269 1734 2322 supposito

85 2341 193 2394 quod
229 2340 493 2380 revelationes
525 2349 563 2379 et
599 2341 869 2393 apparitiones
913 2340 960 2378 de
998 2340 1144 2393 quibus
1192 2354 1233 2378 se
1270 2341 1385 2393 jactat
1421 2340 1603 2379 habuerit
1642 2353 1734 2379 cum

87 2413 358 2452 determinatis
381 2413 483 2451 circa
507 2412 682 2464 primum
704 2411 932 2460 articulum,
960 2421 1017 2450 est
1039 2411 1219 2459 idolatra,
1242 2412 1460 2450 invocatrix
1482 2412 1735 2460 daemonum,

88 2494 125 2523 et
147 2493 246 2523 errat
266 2484 307 2522 in
329 2482 420 2531 fide,
444 2493 592 2522 temere
613 2484 751 2522 asserit
771 2492 808 2521 et
827 2482 1010 2521 illicitum
1033 2483 1165 2521 emisit
1185 2483 1471 2535 juramentum.
1501 2499 1519 2518 ³>

860 2595 974 2650 [xii]

146 2708 164 2730 «
197 2695 312 2742 Item,
333 2693 464 2747 quoad
487 2692 774 2731 duodecimum
800 2691 1027 2739 articulum,
1055 2691 1161 2745 quod
1192 2692 1295 2730 dicta
1325 2691 1493 2731 foemina
1523 2702 1581 2732 est
1605 2693 1736 2732 schis-

87 2765 230 2805 matica
249 2772 280 2814 4,
305 2764 408 2804 male
439 2764 613 2803 sentiens
635 2763 682 2802 de
709 2763 857 2802 unitate
877 2770 915 2801 et
937 2763 1172 2802 auctoritate
1201 2762 1403 2811 Ecclesiae,
1431 2764 1671 2816 apostatrix3
1698 2772 1736 2803 et

89 2837 167 2876 huc
192 2850 317 2891 usque
338 2836 594 2890 pertinaciter
614 2844 715 2874 errat
736 2840 747 2867 5
776 2835 814 2874 in
836 2833 927 2873 fide.
955 2850 973 2870 >³

147 3028 175 3051 1.
213 3017 309 3052 ΑΒΕ
345 3029 355 3050 .·
388 3015 640 3063 blaphenmtrix.
677 3034 722 3039 -—
755 3023 788 3050 2.
823 3013 920 3048 ΑΒΕ
950 3025 959 3047 .·
987 3013 1163 3060 blaphema.
1197 3033 1239 3039 -—
1265 3025 1294 3060 3.
1319 3014 1415 3049 ABG
1448 3025 1457 3048 :
1487 3014 1666 3061 blaphema.
1692 3036 1739 3041 —

90 3087 125 3119 4.
144 3076 210 3111 AC
241 3089 250 3108 .·
271 3077 470 3111 scismatisa.
496 3096 539 3101 —-
566 3086 594 3119 ς.
614 3075 644 3109 C
672 3087 680 3107 :
706 3085 835 3109 errans.
