2099 3356
370 186 448 241 146
632 185 791 229 Piioclss
834 200 888 229 DE
925 200 1273 231 CONDAMNA'HON
1316 202 1371 230 DE
1409 202 1574 243 JEANNE
1608 189 1735 234 D’ARC

420 298 680 355 Interrogata
698 298 869 356 qualem
895 300 1276 356 garantizationem
1299 301 1527 358 etqualem
1553 317 1803 346 succursum
1831 319 2004 361 exspec-

357 392 417 424 tat
442 380 595 426 habere
623 398 645 425 a
672 382 885 435 Domino,
915 381 966 426 de
984 383 1063 426 hoc
1077 382 1192 441 quod
1221 396 1361 441 portat
1385 383 1581 428 habiturn
1603 384 1796 429 virilem:
1821 401 2001 445 respon-

357 463 418 508 dit
443 464 576 523 quod,
597 478 684 510 tam
710 464 760 510 de
782 465 931 510 habitu
952 481 1081 524 quam
1111 466 1162 511 de
1180 467 1272 510 aliis
1295 483 1390 525 quae
1415 466 1526 520 fecit,
1545 484 1633 512 non
1659 482 1871 526 exspectat
1885 469 2000 514 aliud

355 550 585 606 praemium
607 565 736 607 quam
763 549 1045 594 salvationem
1075 551 1230 594 animae
1252 567 1354 594 suae.

415 632 676 691 Interrogata
710 633 849 691 qualia
890 649 1008 678 arma
1049 632 1207 678 obtulit
1251 635 1292 677 in
1331 634 1505 679 ecclesia
1538 634 1908 693 Sancti-Dionysii
1956 639 1998 681 in

357 716 528 760 Francia
554 734 561 760 :
603 716 822 774 respondit
856 716 973 776 quod
998 716 1155 762 obtulit
1182 716 1328 770 album
1361 717 1610 762 harnesium
1637 735 1766 764 Suum
1796 727 1824 772 ¹,
1849 720 2000 777 gallice

357 816 411 842 zm
438 800 551 843 blanc
573 801 756 859 harnoys,
776 802 1010 859 integrum,
1038 801 1119 844 tale
1143 802 1250 845 sicut
1265 803 1341 845 uni
1362 794 1766 847 hominiar'morum
1786 806 1998 862 congruit,

356 899 456 927 cum
478 900 569 928 uno
587 900 687 928 ense
707 900 838 943 quen]
864 884 1023 928 lucrata
1046 897 1107 928 est
1131 900 1274 929 coram
1302 884 1402 929 villa
1428 886 1670 929 parisiensi.

416 959 679 1026 Interrogata
706 967 757 1012 ad
784 984 913 1026 quem
943 967 1074 1012 finem
1101 967 1250 1012 eaden]
1277 984 1393 1012 arma
1422 967 1612 1023 obtulit;
1642 969 1861 1027 respondit
1885 970 2002 1029 quod

356 1050 437 1094 hoc
463 1051 543 1095 fuit
563 1068 614 1096 ex
632 1051 881 1106 devotione,
910 1053 1019 1096 sicut
1041 1064 1298 1096 consuetum
1322 1064 1385 1096 est
1408 1051 1520 1110 apud
1551 1052 1750 1098 homines
1778 1069 1998 1098 armorum

354 1134 529 1193 quando
549 1149 650 1180 sunt
675 1136 790 1190 laesi3
819 1149 858 1180 et
886 1137 986 1194 quia
1023 1135 1158 1180 fuerat
1181 1136 1276 1181 laesa
1309 1151 1452 1180 coram
1483 1136 1581 1180 villa
1606 1137 1847 1187 parisiensi,
1871 1137 1995 1182 obtu-

351 1218 399 1261 lit
424 1235 470 1262 ea
495 1220 650 1263 Sancto
672 1220 904 1277 Dionysio,
929 1232 1099 1278 propter
1122 1219 1202 1263 hoc
1224 1219 1341 1277 quod
1363 1232 1424 1264 est
1448 1219 1610 1264 clamor
1637 1221 1836 1265 Franciae.

411 1303 672 1361 Interrogata
693 1317 841 1348 utrum
884 1303 964 1347 hoc
986 1303 1129 1347 fecerit
1153 1315 1199 1348 ut
1224 1319 1340 1346 arma
1362 1304 1449 1361 ipsa
1481 1302 1787 1349 adorarentur:
1825 1321 1998 1362 respon-

353 1385 414 1431 dit
437 1386 555 1444 quod
573 1403 677 1431 non.

412 1471 675 1528 Interrogata
703 1470 754 1515 de
797 1487 887 1528 quo
922 1469 1215 1515 deserviebant
1248 1470 1329 1515 illie
1357 1471 1550 1528 quinque
1575 1486 1718 1515 cruces
1749 1487 1846 1529 quae
1877 1484 1997 1516 erant

355 1555 395 1596 in
427 1554 500 1598 illo
519 1570 632 1605 ense,
663 1571 793 1612 quem
821 1556 973 1611 reperit
1007 1553 1118 1611 apud
1144 1568 1332 1598 sanctam
1365 1553 1641 1598 Katharinam
1675 1554 1725 1598 de
1760 1556 1959 1599 Fz‘erb0i52
1987 1568 1994 1595 :

355 1637 573 1696 respondit
594 1638 711 1696 quod
739 1637 789 1681 de
815 1638 894 1681 hoc
917 1638 1022 1680 nihil
1046 1639 1138 1681 scit.

407 1860 659 1911 Interroguee
679 1858 769 1911 quel
794 1859 940 1909 garand
963 1867 999 1896 et
1033 1857 1123 1911 quel
1146 1870 1306 1896 secours
1331 1857 1406 1896 elle
1422 1871 1460 1896 se
1486 1858 1625 1896 actend
1649 1859 1759 1896 avoir
1781 1857 1827 1896 de
1852 1867 1985 1897 nostre

351 1932 558 1984 Seigneur,
595 1931 641 1969 de
673 1944 715 1968 ee
747 1929 890 1982 qu'elle
910 1939 1022 1981 porte
1043 1929 1123 1967 abit
1148 1929 1351 1967 d'oninie:
1383 1929 1555 1981 respond
1581 1943 1673 1982 que,
1699 1938 1784 1967 tant
1811 1929 1858 1968 de
1881 1928 1987 1968 l'abit

350 2016 425 2055 que
460 2002 627 2041 d'autres
651 2002 792 2040 choses
833 2000 977 2054 qu'elle
1007 2014 1026 2039 a
1062 2000 1149 2048 fais,
1176 2000 1250 2039 elle
1276 2000 1363 2039 n’en
1390 2014 1409 2038 a
1434 2000 1556 2039 voulu
1578 2001 1688 2039 avoir
1719 2010 1828 2039 autre
1858 1999 1987 2064 loyer,

351 2075 466 2112 sinon
500 2073 532 2112 la
557 2073 755 2112 salvae-ion
782 2073 828 2111 dc
858 2086 928 2110 son
956 2086 1057 2110 ame.

407 2146 660 2197 Interroguee
690 2144 801 2197 quelz
835 2158 960 2182 armes
992 2143 1066 2181 elle
1088 2143 1189 2195 ostry
1215 2143 1233 2180 31
1257 2144 1366 2181 Saint
1392 2144 1540 2181 Denis:
1579 2143 1749 2196 respond
1791 2156 1867 2195 que
1906 2156 1989 2195 ung

351 2217 464 2256 blanc
489 2218 629 2255 harnas
655 2217 778 2254 entier
809 2216 827 2253 a
862 2229 944 2266 ungv
975 2215 1138 2253 homme
1164 2214 1347 2261 d’armes,
1375 2227 1467 2253 avec
1492 2227 1571 2253 une
1595 2215 1711 2266 espec
1737 2229 1745 2262 3
1783 2225 1820 2252 et
1858 2213 1892 2252 la
1911 2215 1991 2266 gai—

350 2303 427 2341 gna
455 2288 598 2327 devant
621 2288 741 2326 Paris.

406 2361 660 2413 Interroguee
680 2361 698 2397 ’ξι
722 2358 852 2412 quelle
878 2358 930 2397 fin
963 2357 1036 2396 elle
1060 2357 1114 2396 les
1152 2356 1253 2409 offry
1278 2371 1284 2394 :
1325 2358 1496 2410 respond
1516 2370 1592 2411 que
1617 2370 1660 2395 ce
1686 2356 1742 2395 fut
1767 2370 1836 2410 par
1872 2357 1994 2395 devo—

350 2433 457 2477 cion,
484 2433 583 2470 ainsi
609 2446 684 2486 que
726 2431 749 2468 il
776 2440 832 2469 est
867 2430 1123 2468 accoustnme
1164 2443 1232 2481 par
1255 2428 1308 2467 les
1333 2442 1431 2481 gens
1456 2428 1639 2475 d’arnws,
1673 2438 1795 2480 quant
1814 2427 1861 2466 ilz
1901 2438 1991 2466 sont

349 2504 494 2542 blecies
520 2516 527 2541 :
573 2513 609 2541 et
642 2516 742 2555 pour
767 2516 809 2540 ce
848 2500 991 2554 qu'elle
1031 2501 1137 2538 avoit
1159 2501 1238 2538 este
1276 2499 1410 2538 blecee
1436 2499 1579 2538 devant
1611 2500 1731 2546 Paris,
1759 2498 1814 2537 les
1839 2498 1946 2537 offrit
1971 2500 1990 2536 ἐι

344 2577 445 2614 saint
471 2575 607 2621 Denis,
634 2587 735 2626 pour
759 2587 802 2611 ce
828 2586 903 2625 que
928 2572 1020 2610 c'est
1047 2571 1080 2609 le
1097 2585 1162 2624 cryv
1185 2571 1231 2609 de
1253 2573 1410 2609 France.

401 2647 654 2700 Interroguee
676 2659 718 2683 ce
740 2645 893 2683 c’estoit
919 2657 1020 2696 pour
1037 2657 1079 2681 ce
1105 2656 1180 2695 que
1203 2657 1254 2681 on
1281 2642 1334 2681 les
1356 2642 1560 2681 adm-asta:
1589 2642 1760 2696 respond
1787 2655 1862 2695 que
1890 2655 1985 2680 non.

400 2718 655 2769 Interroguee
693 2717 740 2754 de
775 2729 882 2768 quoy
918 2715 1118 2753 servoient
1152 2727 1214 2752 ces
1245 2714 1337 2767 cinq
1362 2714 1468 2752 croix
1488 2713 1554 2767 qui
1577 2714 1749 2752 estoient
1771 2727 1818 2751 en
1845 2712 1988 2765 l’espee

346 2789 491 2842 qu’elle
522 2799 660 2827 trouva
686 2788 705 2825 ἱι
739 2787 885 2825 saincte
913 2786 1126 2824 Katherine
1163 2785 1210 2823 de
1249 2785 1437 2837 Fierboys
1465 2798 1471 2822 :
1522 2784 1692 2837 respond
1725 2783 1870 2838 qu’elle
1897 2783 1985 2822 n'en
2048 2782 2050 2784 ’

349 2861 444 2909 scait
468 2861 568 2898 rien.

359 2999 521 3006 ..-——-

399 3104 427 3126 1.
454 3092 484 3125 A
506 3103 550 3125 cn
567 3102 708 3136 marge:
731 3088 1124 3132 DehernesioJ0h.11111;1·.
1145 3108 1189 3112 ——
1212 3097 1242 3120 2.
1268 3086 1297 3122 C
1318 3099 1327 3119 :
1346 3086 1509 3132 Fierlwys.
1532 3107 1573 3111 —
1600 3097 1628 3131 3.
1651 3087 1720 3121 Ms.
1745 3099 1755 3120 .·
1769 3091 1907 3121 armust.

2079 2174 2099 2739 &lunavefiareafmammeum-A....
2091 2127 2099 2146 ..-
2097 2051 2099 2053 .
