2099 3356
364 205 523 248 PRoci'zs
556 219 611 247 DE
644 218 997 248 CONDAMNATION
1031 218 1087 247 DE
1118 219 1286 260 JEANNE
1318 205 1448 248 D'ARc
1668 220 1722 261 77

80 316 382 362 osculabantur
419 316 561 376 pedes,
600 332 754 360 manus
790 327 830 359 et
857 317 1112 360 vestimenta
1143 318 1279 375 ipsius
1312 335 1320 360 ε
1349 316 1569 375 respondit
1607 318 1725 375 quod

82 400 207 444 multi
243 399 425 444 libenter
459 399 661 444 videbant
691 415 801 453 eam,
838 412 879 442 et
913 412 1058 443 tamen
1102 400 1406 444 osculabantur
1445 416 1599 444 manus
1635 402 1727 457 ejus

80 495 296 543 quantum
333 484 480 527 minus
512 484 600 541 ipsa
634 495 826 541 poterat;
869 482 942 526 sed
976 482 1158 527 libenter
1190 499 1392 542 pauperes
1420 482 1650 527 veniebant
1675 483 1726 527 ad

78 569 231 626 ipsam,
253 567 354 626 quia
380 569 439 611 eis
467 583 556 610 non
586 566 792 610 inferebat
815 566 1144 624 displicentiam,
1182 569 1272 611 imo
1305 569 1448 625 potius
1479 567 1651 625 juvabat
1675 567 1726 611 ad

80 650 424 709 supportandum
445 667 532 695 eos.

141 735 406 792 Interrogata
431 734 604 792 qualem
638 735 923 778 reverentiam
945 734 1023 777 sibi
1049 733 1243 778 fecerunt
1269 736 1380 778 cives
1405 734 1655 789 Trecenses,
1684 736 1727 777 in

84 818 275 876 ingressu
304 817 416 861 villae
453 834 460 860 :
496 817 717 875 respondit
743 816 862 876 quod
889 818 968 876 ipsi
990 820 1273 861 reverentiam
1300 817 1379 862 sibi
1405 835 1495 862 non
1517 817 1726 862 fecerunt.

85 902 201 945 Dicit
218 901 329 945 ultra
353 900 487 960 quod,
514 914 641 959 prout
664 903 702 944 ei
729 900 914 955 videtur,
939 901 1066 945 frater
1095 901 1297 946 Ricardus
1325 903 1496 946 intravit
1516 919 1617 946 curn
1642 904 1731 961 ipsa

85 998 125 1029 et
147 987 234 1028 suis
260 984 408 1028 villam
445 985 736 1040 Trecensem3
765 985 838 1029 sed
873 1001 964 1029 non
1000 985 1248 1030 recordatur
1275 1002 1327 1029 an
1367 985 1522 1030 viderit
1556 1002 1651 1030 eam
1685 987 1728 1029 in

84 1070 293 1128 ingressu.

140 1153 403 1210 Interrogata
435 1169 487 1196 an
526 1155 614 1211 ipse
638 1152 764 1197 frater
790 1152 994 1198 Ricardus
1020 1153 1164 1197 fecerit
1184 1169 1450 1207 sermonem,
1474 1154 1517 1197 in
1541 1153 1728 1197 adventu

86 1238 218 1295 ipsius
237 1236 448 1293 Johannae
472 1236 585 1295 apud
608 1237 754 1281 villam
778 1236 1024 1296 praedictam
1050 1255 1058 1281 ε
1080 1236 1300 1296 respondit
1321 1237 1438 1296 quod
1468 1254 1556 1281 non
1577 1237 1633 1281 ibi
1655 1237 1729 1282 diu

84 1323 216 1376 stetit,
246 1337 323 1364 nec
342 1322 469 1378 jacuit
496 1323 539 1364 in
558 1321 687 1375 villa3
717 1334 758 1365 et
779 1321 831 1366 de
852 1337 1053 1366 sermone
1081 1321 1191 1365 nihil
1217 1323 1310 1366 scit.

144 1405 409 1463 Interrogata
434 1418 584 1448 utrum
616 1407 703 1463 ipsa
722 1405 851 1449 fuerit
872 1406 1020 1450 multis
1047 1405 1198 1450 diebus
1220 1407 1264 1449 in
1292 1407 1464 1450 civitate
1488 1406 1692 1451 Remensi
1719 1423 1726 1449 :

87 1488 306 1547 respondit
340 1488 473 1548 quod,
504 1502 631 1548 prout
658 1489 805 1541 credit,
835 1491 923 1548 ipsa
950 1503 991 1534 et
1018 1491 1083 1534 sui
1110 1490 1288 1534 fuerunt
1322 1490 1406 1533 illic
1439 1492 1634 1549 quinque
1658 1503 1732 1534 aut

87 1588 159 1618 sex
186 1572 351 1617 diebus.

146 1657 408 1715 Interrogata
443 1673 496 1701 an
539 1670 689 1701 utrum
728 1657 785 1701 ibi
820 1658 1020 1701 levaverit
1065 1658 1255 1716 aliquem
1292 1658 1501 1701 infantem
1534 1657 1586 1701 de
1618 1674 1737 1702 sacro

88 1740 237 1785 fonte:
275 1739 496 1799 respondit
523 1741 638 1800 quod
682 1742 829 1785 Trecis
868 1741 1026 1785 levavit
1058 1758 1225 1795 unum3
1254 1741 1325 1786 sed
1366 1758 1455 1785 non
1490 1741 1736 1786 recordatur

90 2043 212 2086 quant
238 2033 288 2072 ilz
315 2034 384 2088 luy
413 2034 611 2073 baisoient
640 2034 696 2073 les
728 2035 815 2087 piez
846 2044 884 2074 et
915 2035 949 2073 le
979 2035 1121 2082 mains,
1163 2044 1201 2074 et
1231 2035 1287 2073 les
1319 2045 1545 2074 vestemens
1580 2034 1695 2073 d‘elle
1724 2049 1731 2072 :

88 2103 276 2158 respond,
303 2105 482 2159 beaucop
511 2106 559 2144 de
591 2120 690 2160 gens
715 2106 769 2145 les
799 2107 963 2146 veoient
992 2106 1262 2155 voulentiers;
1296 2116 1334 2146 et
1360 2108 1391 2145 si
1416 2107 1473 2146 dit
1504 2106 1624 2160 qu’ilz
1654 2106 1736 2145 bai-

88 2177 217 2216 soient
237 2177 273 2216 le
307 2178 434 2216 mains
471 2191 531 2216 ses
569 2187 794 2216 vestemens
825 2178 971 2232 qu'elle
1008 2177 1100 2217 n'en
1132 2179 1289 2232 povoit.
1325 2179 1425 2217 Mais
1458 2179 1651 2217 venoient
1681 2177 1736 2216 les

89 2261 260 2300 pouvres
289 2262 386 2302 gens
408 2249 652 2288 voulentiers
674 2250 695 2290 a
718 2249 808 2297 elle,
832 2263 934 2303 pour
963 2263 1007 2289 ce
1029 2249 1173 2303 qu'elle
1207 2264 1256 2289 ne
1277 2249 1362 2288 leur
1382 2249 1514 2289 faisoit
1545 2250 1659 2302 point
1689 2249 1736 2288 de

91 2319 308 2373 desplaisir,
332 2321 430 2359 mais
448 2320 504 2360 les
522 2322 749 2374 supportoit
767 2322 787 2360 a
810 2335 883 2360 son
904 2322 1062 2374 povoir.

145 2393 401 2446 Interroguee
425 2393 556 2446 quelle
581 2394 792 2432 reve'rence
812 2393 880 2446 luy
902 2392 1016 2432 firent
1035 2393 1149 2432 ceulx
1168 2393 1216 2432 de
1239 2393 1380 2432 Troies
1404 2393 1425 2431 a
1446 2393 1607 2432 l‘entree
1626 2408 1634 2432 ε
1658 2406 1738 2431 res-

92 2464 200 2515 pond
226 2478 233 2502 :
263 2480 281 2499 «
308 2464 359 2502 Ilz
379 2478 427 2503 ne
450 2465 555 2503 m'en
580 2464 694 2503 firent
717 2466 834 2518 point
856 2481 874 2501 »
896 2480 904 2513 ;
932 2474 970 2504 et
993 2465 1050 2504 dit
1070 2465 1199 2504 oultre
1225 2479 1318 2518 que,
1342 2465 1362 2503 a
1389 2479 1462 2503 son
1491 2464 1616 2506 advis,
1637 2463 1737 2502 frere

92 2535 231 2574 Ricard
250 2546 359 2574 entra
381 2546 501 2590 quant
531 2537 622 2575 eulx
643 2539 663 2575 a
691 2537 856 2585 Troies;
890 2537 988 2575 mais
1020 2536 1120 2576 n'est
1147 2537 1263 2590 point
1292 2545 1539 2575 souvenante
1570 2535 1676 2574 s'elle
1702 2535 1736 2574 le

92 2607 149 2645 vit
172 2608 192 2645 a
214 2606 392 2646 l'entree.

146 2678 402 2732 Interroguee
427 2679 486 2718 s’il
503 2679 567 2718 fist
590 2680 707 2733 point
731 2680 777 2719 de
800 2694 961 2719 sermon
981 2681 1001 2718 a
1025 2680 1187 2719 l'entree
1207 2681 1255 2719 de
1277 2680 1312 2719 la
1332 2694 1462 2719 venue
1484 2679 1600 2718 d'elle
1622 2692 1628 2718 :
1654 2693 1736 2717 res-

92 2750 200 2802 pond
223 2750 367 2804 qu'elle
386 2750 450 2804 n’y
467 2761 611 2790 arresta
630 2753 787 2805 guereS,
811 2762 849 2791 et
867 2751 931 2806 n’y
953 2754 1052 2804 jeust
1069 2766 1272 2806 oncques;
1297 2762 1334 2791 et
1354 2762 1478 2806 quant
1495 2766 1543 2790 au
1560 2765 1737 2798 sermon,

95 2820 170 2860 elle
191 2821 280 2860 n'en
302 2823 397 2871 scait
423 2824 520 2862 rien.

148 2894 404 2948 Interrogue'e
435 2894 540 2933 s’elle
577 2894 634 2935 fut
664 2897 804 2949 gueres
835 2896 882 2934 de
917 2898 1023 2948 jours
1053 2898 1072 2934 a
1102 2897 1220 2935 Rains
1249 2911 1256 2934 :
1285 2895 1459 2949 respond
1488 2910 1495 2933 :
1529 2912 1547 2931 «
1570 2896 1613 2944 Je
1636 2894 1740 2933 crois

94 2977 169 3018 que
194 2979 295 3004 nous
315 2980 340 3019 y
363 2966 510 3006 fusmes
536 2980 596 3005 1111
620 2981 673 3006 ou
694 2981 718 3005 v
739 2970 859 3020 jours.
889 2987 906 3004 »

148 3037 403 3091 Interroguee
427 3038 534 3078 s'elle
552 3053 577 3092 y
598 3039 683 3078 leva
703 3040 818 3092 point
847 3039 1021 3079 d'enfant
1046 3055 1052 3078 :
1076 3040 1248 3093 respond
1271 3054 1348 3094 que
1367 3041 1387 3078 a
1408 3040 1562 3092 Troycs
1584 3052 1632 3076 en
1654 3037 1740 3076 leva

97 3120 201 3159 ung3
238 3110 335 3147 mais
363 3109 410 3148 de
440 3111 558 3149 Rains
582 3111 642 3149 n’a
674 3112 787 3163 point
816 3112 863 3150 de
896 3112 1105 3158 me'moire,
1134 3126 1182 3151 ne
1214 3112 1261 3151 de
1290 3111 1670 3162 Chasteau-Ticrry3
1701 3119 1740 3147 et
