2099 3356
335 160 414 214 178
596 157 756 201 pRocfzs
789 171 844 199 DE
877 169 1227 200 CONDAMNATION
1264 171 1318 199 DE
1349 171 1515 212 JEANNE
1549 156 1678 200 D’ARc

329 283 372 315 et
399 282 489 314 erat
515 271 559 314 in
597 270 723 313 horto
750 270 880 328 patris
906 270 989 321 sui,
1019 282 1060 312 et
1084 281 1187 313 tunc
1211 282 1296 312 erat
1328 267 1457 327 [non]
1477 277 1486 294 ¹
1514 270 1675 326 jejuna,
1706 284 1782 313 nec
1811 285 1970 327 praece-

327 353 456 399 dente
477 353 545 398 die
567 362 581 380 ²
608 355 885 411 jejunaverat.
918 352 1066 404 Quam
1089 367 1240 396 vocem
1272 350 1437 396 audivit
1469 366 1491 396 a
1523 351 1650 396 latere
1684 352 1848 406 dextro,
1878 368 1970 396 ver-

325 453 396 482 sus
417 437 634 481 ecclesiam
659 454 670 491 3
693 448 734 480 et
758 451 850 480 raro
875 451 969 480 earn
996 435 1116 480 audit
1135 437 1226 479 sine
1259 435 1461 490 claritate,
1490 451 1587 494 quae
1623 448 1685 480 est
1720 435 1772 480 ab
1812 435 1964 480 eodem

329 522 455 566 latere
492 520 608 565 unde
655 521 775 564 venit
815 526 899 563 vox
921 537 932 574 ;
980 532 1021 563 et
1064 535 1174 578 saepe
1201 531 1264 563 est
1302 533 1456 577 magna
1481 519 1659 563 claritas.
1701 520 1752 564 Et
1792 518 1969 578 quando

328 605 525 649 veniebat
551 606 594 648 in
617 605 853 658 Franciam,
875 602 1074 658 audiebat
1098 603 1212 646 illam
1238 611 1248 635 3
1279 618 1428 646 vocem
1448 618 1585 661 saepe3
1611 615 1652 647 et
1689 604 1827 661 prima
1874 604 1965 646 vice

329 688 408 733 fuit
437 689 613 732 claritas.
643 689 764 732 Dixit
786 697 801 720 4
831 688 978 741 etiam,
1025 688 1059 730 si
1096 699 1204 731 esset
1238 688 1281 730 in
1313 703 1403 730 uno
1426 702 1620 741 nemo-re,
1659 686 1768 730 bene
1801 684 1966 730 audiret

330 789 455 816 voces
476 779 505 815 ³.
534 772 654 837 Dixit
680 771 696 797 ⁶
738 772 916 829 insuper
940 770 1058 829 quod
1094 786 1177 814 vox
1217 769 1442 814 videbatur
1477 772 1514 813 ei
1544 778 1558 804 7
1601 769 1746 828 digna,
1793 767 1970 814 credens

331 855 447 914 quod
477 854 546 899 illa
578 871 659 899 vox
685 856 812 898 missa
836 867 924 898 erat
963 870 1012 897 ex
1053 867 1168 912 parte
1202 854 1282 897 Dei
1306 858 1490 911 3¹quam
1533 865 1763 912 postquam
1808 851 1972 897 audivit

331 942 440 983 trina
465 941 571 992 vice,
605 940 810 997 cognovit
840 954 933 982 eam
969 953 1057 981 esse
1085 953 1236 981 vocem
1266 937 1418 995 angeli.
1458 937 1578 981 Dixit
1607 938 1621 962 ⁸
1659 937 1816 981 iterum
1852 936 1970 996 quod

328 1040 412 1067 vox
439 1023 508 1066 illa
535 1038 704 1081 semper
731 1021 838 1066 bene
883 1020 1117 1065 custodivit
1145 1036 1257 1073 eam,
1290 1033 1331 1063 et
1364 1036 1455 1064 eam
1497 1019 1604 1064 bene
1650 1019 1874 1064 intellexit.
1914 1046 1971 1050 —

329 1108 592 1163 Interrogata
617 1105 741 1163 quale
769 1103 1086 1149 documentum
1120 1105 1157 1147 ei
1191 1102 1354 1147 dicebat
1388 1119 1464 1162 pro
1491 1104 1627 1148 salute
1660 1105 1816 1148 animae
1846 1119 1933 1147 suae
1958 1121 1966 1147 :

328 1189 548 1248 respondit
571 1189 688 1248 quod
711 1187 858 1233 docuit
879 1205 973 1232 eam
995 1204 1038 1231 se
1066 1196 1080 1220 ⁹
1107 1187 1214 1231 bene
1243 1203 1402 1245 regere,
1433 1188 1704 1246 frequentare
1732 1186 1968 1241 ecclesiam,

329 1288 368 1318 et
394 1273 510 1332 quod
534 1289 702 1317 necesse
735 1286 822 1316 erat
859 1288 950 1316 eam
981 1273 1124 1316 venire
1166 1273 1209 1314 in
1231 1272 1468 1315 Franciam.
1499 1271 1665 1314 Dixit¹⁰
1694 1272 1822 1315 etiam
1852 1269 1969 1329 quod

332 1359 408 1402 hac
436 1359 525 1401 vice
553 1358 823 1414 interrogans
853 1372 941 1400 non
965 1354 1135 1399 babebit
1161 1354 1212 1398 ab
1231 1370 1294 1409 ea,
1322 1355 1365 1398 in
1394 1371 1478 1413 qua
1502 1356 1639 1413 specie
1668 1371 1752 1400 vox
1782 1354 1852 1398 illa
1890 1354 1970 1398 sibi

332 1443 631 1500 apparuerit¹¹.
662 1441 771 1484 Item
799 1438 905 1483 dixit
927 1439 1043 1498 quod
1070 1438 1140 1482 illa
1172 1455 1254 1483 vox
1279 1437 1443 1482 dicebat
1473 1438 1550 1482 sibi
1574 1447 1621 1491 ¹²,
1654 1438 1715 1483 bis
1739 1438 1806 1482 vel
1832 1451 1895 1482 ter
1924 1439 1968 1482 in

334 1524 662 1578 hebdomadem,
693 1523 810 1583 quod
830 1522 1056 1582 oportebat
1084 1539 1177 1566 eam
1201 1521 1395 1566 recedere
1423 1535 1464 1565 et
1494 1523 1639 1566 venire
1664 1524 1707 1566 in
1733 1523 1968 1575 Franciam,

333 1623 374 1652 et
396 1607 513 1667 quod
543 1622 659 1666 pater
686 1624 788 1651 suus
810 1606 860 1650 de
882 1623 961 1650 suo
987 1622 1150 1650 recessu
1172 1605 1279 1649 nihil
1296 1607 1435 1650 sciret.
1462 1605 1653 1650 Ulterius
1676 1605 1822 1649 dixit¹⁴
1849 1604 1969 1665 quod

331 1693 400 1736 illa
428 1709 510 1736 vox
538 1691 616 1735 sibi
645 1690 810 1735 dicebat
838 1706 931 1734 eam
960 1703 1158 1748 oportere
1186 1691 1331 1733 venire
1359 1690 1402 1733 in
1430 1689 1666 1743 Franciam>
1696 1706 1771 1733 nec
1805 1701 1968 1747 poterat

332 1776 388 1820 ibi
418 1776 512 1835 plus
538 1775 714 1829 durare3
746 1789 787 1818 et
808 1773 926 1833 quod
947 1775 1033 1832 ipsa
1061 1774 1219 1817 levaret
1264 1771 1541 1817 obsidionem
1578 1786 1676 1817 ante
1704 1773 1961 1817 Aurelianis.

328 1861 435 1904 Item
465 1859 605 1903 dixit¹3
633 1858 768 1918 quod,
798 1857 973 1916 quando
999 1858 1117 1901 venit
1141 1857 1191 1900 ad
1212 1856 1357 1900 villam
1379 1856 1430 1900 de
1460 1857 1767 1908 Vauconlonr¹⁶,
1806 1872 1963 1914 cogno-

329 1946 389 1988 vit
414 1943 652 1988 Robertum
675 1942 726 1987 de
755 1941 1038 1986 Bandricourt
1070 1954 1192 1984 antea
1223 1940 1301 1984 sibi
1346 1941 1552 1994 invisum,
1594 1942 1661 1984 cni
1701 1939 1808 1984 dixit
1846 1938 1963 1998 quod

331 2044 403 2085 per
429 2043 579 2071 vocem
611 2026 690 2070 fuit
717 2025 794 2069 sibi
826 2025 1059 2069 revelatum
1102 2040 1195 2068 eam
1235 2037 1432 2082 oportere
1484 2025 1543 2068 ire
1571 2024 1615 2067 in
1649 2024 1898 2078 Franciam;
1930 2035 1970 2067 et

333 2113 474 2170 ipsum
502 2110 737 2154 Robertum
761 2110 966 2167 cognovit
994 2124 1066 2165 per
1091 2123 1240 2151 vocem
1270 2107 1348 2150 sibi
1376 2106 1590 2151 dicentem
1615 2106 1732 2166 quod
1769 2108 1856 2165 ipse
1884 2120 1972 2150 erat

332 2195 417 2238 ille.
449 2195 538 2247 Qui
565 2193 663 2238 bina
696 2194 786 2236 vice
827 2191 982 2250 repulit
1019 2207 1143 2245 cam3
1183 2204 1223 2234 et
1256 2191 1379 2234 tertia
1406 2192 1495 2234 vice
1535 2206 1628 2233 earn
1669 2192 1825 2249 recepit
1854 2202 1895 2234 et
1934 2190 1971 2233 ei

331 2277 681 2333 tradiditgentes‚
704 2288 832 2335 prout
860 2289 941 2318 vox
965 2274 1127 2318 dixerat
1150 2273 1242 2317 sibi.

390 2362 515 2415 Item,
544 2360 611 2404 die
638 2359 815 2414 sabbati,
855 2373 994 2402 xx1111.
1031 2356 1248 2410 februarii,
1280 2358 1537 2414 interrogata
1562 2373 1583 2400 a
1604 2373 1688 2415 qua
1738 2356 1841 2401 hora
1868 2358 1968 2400 citra

331 2445 549 2488 audiverat
574 2460 694 2488 suam
720 2459 870 2486 vocem
902 2459 909 2485 :
937 2439 1157 2499 respondit
1201 2440 1317 2499 quod
1368 2440 1459 2484 heri
1495 2439 1676 2494 audivit,
1707 2452 1747 2484 et
1781 2440 1851 2484 illa
1877 2439 1963 2493 die,

331 2543 468 2571 xxnn.
498 2527 694 2571 februarii
718 2545 728 2581 3
752 2525 949 2569 videlicet
970 2524 1075 2578 heri,
1101 2525 1211 2567 trina
1233 2525 1322 2567 vice
1351 2541 1358 2566 :
1386 2525 1522 2582 prima
1551 2540 1693 2578 mane,
1715 2522 1899 2568 secunda
1923 2525 1965 2567 in

328 2613 527 2669 vesperis,
558 2624 597 2654 et
621 2612 740 2654 tertia
764 2611 788 2652 ὰ
814 2609 931 2653 I'Ave
951 2609 1096 2652 Maria
1108 2625 1127 2661 .;
1157 2608 1286 2650 etiam
1313 2607 1467 2665 saepius
1494 2623 1622 2665 quam
1660 2609 1746 2665 ipsa
1771 2608 1968 2650 nominet

383 2841 413 2864 1.
442 2829 476 2873 Q
502 2838 535 2863 et
556 2828 605 2863 les
626 2836 741 2862 autres
768 2837 852 2860 mss.
888 2833 1063 2860 omettent
1092 2836 1130 2859 ce
1158 2833 1246 2858 mot.
1279 2845 1325 2849 -—
1352 2835 1384 2859 2.
1407 2824 1439 2859 A
1463 2837 1472 2858 .·
1494 2824 1546 2859 die
1562 2825 1770 2870 pra-cedente.
1789 2845 1830 2849 —
1856 2835 1885 2869 3.
1907 2826 1967 2869 Q:

333 2900 502 2935 magnam.
525 2910 566 2913 —
588 2898 621 2930 4.
641 2887 668 2921 Β
687 2899 695 2920 .·
718 2886 826 2920 Dicit.
848 2906 889 2910 -
916 2895 945 2928 5.
968 2884 1002 2928 Q
1021 2892 1119 2918 omet
1138 2895 1238 2918 vocer.
1261 2904 1302 2908 —
1319 2883 1352 2918 6.
1376 2884 1403 2917 B
1426 2896 1435 2917 :
1456 2883 1565 2918 Dicit.
1587 2904 1632 2909 —
1654 2895 1684 2929 7.
1714 2884 1743 2918 A
1769 2883 1969 2918 :videbatur

332 2950 363 2982 ei
387 2960 451 2983 vox
477 2947 591 2992 digna.
616 2968 659 2973 —
696 2947 728 2981 8.
755 2944 815 2980 BC
837 2953 870 2980 et
891 2944 926 2988 Q
955 2956 965 2977 .·
993 2944 1101 2978 Dicit.
1133 2964 1173 2968 —-
1210 2954 1243 2988 9.
1277 2943 1334 2977 BC
1353 2951 1528 2978 omettent
1548 2955 1589 2977 se.
1614 2964 1658 2969 --
1683 2954 1736 2978 10.
1761 2943 1822 2978 BC
1847 2952 1880 2978 et
1901 2944 1936 2988 Q
1957 2955 1966 2976 .-

333 3008 439 3042 Dicit.
463 3028 508 3032 —
530 3017 581 3040 11.
605 3006 636 3040 A
657 3018 666 3038 .·
686 3008 896 3052 apparuerat.
921 3024 963 3028 ———
990 3013 1043 3036 12.
1064 3003 1094 3036 A
1122 3014 1131 3035 .·
1149 3003 1189 3035 ei.
1216 3022 1254 3026 —
1283 3012 1334 3046 13.
1355 3002 1386 3036 A
1413 3015 1421 3035 .·
1442 3002 1620 3036 ebdomata.
1643 3023 1687 3027 —
1714 3013 1766 3044 14.
1790 3003 1818 3036 Β
1839 3014 1848 3035 .·
1870 3003 1966 3038 dicit.

333 3088 376 3093 —
403 3077 456 3109 15.
478 3066 578 3107 lhid„
598 3065 697 3101 idem.
722 3084 766 3089 —
793 3062 843 3097 16.
863 3062 914 3096 C:
942 3061 1157 3095 Vamnlenr.
