2099 3356
343 198 396 239 74
620 183 778 227 PRocizs
811 199 867 228 DE
900 198 1254 229 CONDAMNATION
1289 199 1345 228 DE
1377 199 1542 240 JEANNE
1576 185 1702 229 D'ARc

339 296 484 351 cellos,
513 310 555 341 et
578 296 697 355 quod
727 307 733 323 ¹
772 297 976 342 haberent
1011 298 1171 342 bonam
1208 298 1430 342 fortunam
1469 314 1476 341 :
1518 297 1739 355 respondit
1774 298 1891 357 quod
1919 301 1978 344 eis

340 379 447 425 bene
468 380 575 425 dixit
597 380 705 426 illud
732 382 850 440 quod
876 382 1036 435 evenit,
1063 393 1106 426 et
1129 380 1247 440 quod
1275 380 1416 425 adhuc
1436 394 1497 426 est
1523 364 1781 427 eventururn
1808 391 1839 427 ².

399 464 661 521 Interrogata
685 476 828 508 utrum
855 466 944 522 ipsa
971 464 1156 523 ponebat
1184 465 1248 509 vel
1274 463 1447 509 faciebat
1471 465 1574 522 poni
1600 480 1755 523 aquam
1782 464 1983 511 benedic-

340 561 429 591 tam
454 563 580 605 super
601 548 895 605 pannoncellis
924 556 952 602 ³,
979 547 1154 607 quando
1177 547 1272 592 illos
1293 547 1344 592 de
1373 564 1489 592 novo
1510 548 1751 594 assumebat
1775 565 1783 592 :
1810 564 1982 607 respon-

341 630 434 675 dit:
468 648 487 672 «
515 631 605 688 Ego
638 630 746 676 nihil
771 633 859 676 scio
887 630 937 676 de
966 631 1063 676 hoc.
1099 632 1149 676 Et
1185 633 1219 676 si
1261 631 1341 677 hoc
1378 631 1460 676 fuit
1492 631 1673 686 factum,
1702 648 1791 677 non
1824 632 1904 677 fuit
1930 631 1982 677 de

341 728 553 772 praecepto
577 730 692 759 meo.
718 733 738 757 »

399 782 662 857 Interrogata
697 814 750 843 an
790 797 894 843 vidit
930 815 1002 844 eos
1041 800 1204 857 aspergi
1237 814 1345 857 aqua
1394 797 1614 844 benedicta
1651 816 1659 845 :
1709 798 1928 857 respondit
1972 817 1980 843 :

344 899 364 923 «
394 883 489 927 Hoc
516 898 604 926 non
627 896 689 926 est
709 881 761 927 de
786 898 982 940 processu
1008 895 1164 928 vestro.
1192 883 1241 927 Et
1265 883 1298 927 si
1318 898 1398 939 ego
1425 882 1513 928 vidi
1543 882 1625 928 boc
1656 881 1763 936 fieri,
1793 898 1872 941 ego
1895 898 1984 928 non

341 982 438 1011 sum
466 981 582 1011 nunc
602 965 787 1011 advisata
808 966 859 1011 de
887 965 1202 1025 respondendo.
1237 983 1256 1007 »

400 1050 661 1107 Interrogata
688 1065 741 1095 an
765 1051 868 1094 socii
895 1065 1057 1108 guerrae
1085 1049 1350 1095 faciebantne
1377 1051 1480 1108 poni
1508 1051 1553 1094 in
1574 1049 1871 1108 pannoncellis
1897 1051 1985 1094 suis

343 1132 431 1178 haec
460 1134 655 1187 nomina,
680 1135 839 1190 JHEsus
866 1135 1015 1178 MARIA
1040 1152 1047 1178 :
1076 1133 1295 1191 respondit
1326 1151 1334 1178 ε
1371 1148 1389 1173 «
1424 1135 1502 1178 Per
1538 1132 1667 1178 fidem
1709 1149 1867 1188 meam,
1904 1149 1984 1192 ego

343 1218 500 1261 nescio.
529 1235 547 1257 »

399 1302 662 1358 Interrogata
688 1317 741 1346 an
763 1302 851 1359 ipsa
870 1304 1035 1359 gyravit
1064 1302 1128 1347 vel
1150 1303 1290 1360 gyrari
1312 1301 1410 1347 fecit
1429 1301 1546 1356 telas,
1575 1317 1648 1360 per
1673 1300 1856 1347 modum
1883 1317 1978 1359 pro-

342 1386 560 1438 cessionis,
601 1386 707 1431 circa
747 1386 875 1431 altare
914 1386 979 1430 vel
1020 1385 1261 1439 ecclesiam,
1304 1401 1380 1443 pro
1420 1384 1616 1430 faciendo
1650 1384 1749 1430 inde
1789 1401 1983 1443 pannon-

341 1469 471 1514 cellos
500 1486 507 1512 :
534 1468 754 1527 respondit
785 1470 903 1528 quod
933 1486 1039 1523 non,
1069 1485 1146 1514 nec
1174 1468 1279 1514 vidit
1306 1467 1467 1527 aliquid
1495 1468 1601 1513 fieri.

400 1553 680 1610 Interrogata,
703 1553 875 1613 quando
901 1554 980 1597 fuit
1007 1566 1104 1597 ante
1125 1554 1269 1597 villam
1292 1553 1344 1598 de
1370 1554 1594 1611 Ger-guma,
1620 1553 1724 1614 quid
1753 1566 1839 1598 erat
1865 1552 1983 1612 quod

342 1795 511 1835 airoient
541 1794 620 1833 bon
652 1808 721 1834 eur
748 1809 754 1832 :
783 1794 970 1847 respond,
1003 1793 1077 1833 elle
1103 1794 1187 1833 leur
1217 1794 1292 1834 dist
1306 1793 1395 1834 bien
1421 1807 1464 1833 ce
1487 1793 1554 1848 qui
1577 1794 1695 1834 estoit
1715 1806 1820 1832 venu
1855 1794 1980 1848 etqui

343 1867 576 1906 advcndroit
598 1879 755 1905 encore.

398 1939 652 1990 Interroguee
675 1936 779 1976 s'ellc
802 1937 965 1976 incctoit
999 1950 1049 1975 ou
1071 1935 1200 1976 faisoit
1221 1937 1336 1991 point
1361 1946 1506 1976 mectre
1532 1936 1578 1975 de
1604 1949 1699 1976 eaue
1722 1936 1898 1976 benoitte
1918 1950 1984 1975 sur

340 2009 394 2047 les
417 2008 734 2061 pcnnonceaulx,
767 2018 889 2061 quant
910 2022 961 2046 on
997 2008 1050 2046 les
1076 2008 1232 2061 prenoit
1252 2008 1298 2046 de
1325 2007 1470 2046 nouvel
1506 2022 1513 2045 :
1542 2007 1712 2061 respond
1739 2021 1746 2045 :
1774 2023 1791 2044 «
1814 2009 1858 2056 Je
1891 2007 1982 2047 n'en

342 2095 432 2135 scay
457 2081 539 2119 rien
561 2096 604 2128 »3
630 2089 667 2118 et
688 2080 747 2118 s'il
769 2093 789 2118 a
811 2081 890 2118 este
916 2079 996 2127 fait,
1024 2093 1066 2119 cc
1092 2079 1153 2118 n'a
1178 2093 1245 2133 pas
1271 2080 1351 2118 este
1377 2079 1424 2117 de
1448 2092 1520 2119 son
1542 2078 1912 2119 commandeinent.

396 2153 650 2205 Interroguee
684 2151 790 2190 s’elle
820 2165 843 2204 y
881 2165 928 2190 cn
961 2165 980 2189 a
1011 2152 1125 2205 point
1164 2164 1237 2190 veu
1269 2160 1402 2204 geeter
1433 2165 1440 2189 :
1466 2150 1639 2204 respond
1678 2165 1685 2188 z
1722 2166 1740 2186 «
1769 2149 1861 2189 Cela
1887 2149 1984 2190 n’est

339 2225 452 2278 point
474 2223 520 2262 de
545 2233 675 2262 vostre
699 2224 836 2276 proces
858 2239 875 2258 »
897 2238 904 2267 ;
938 2232 974 2261 et
999 2222 1106 2261 s'elle
1131 2237 1156 2275 y
1173 2236 1222 2261 en
1246 2236 1264 2262 a
1286 2236 1361 2261 veu
1387 2232 1534 2274 geeter,
1561 2221 1635 2261 elle
1658 2222 1757 2263 n’est
1778 2235 1846 2276 pas
1869 2222 1977 2261 advi-

343 2297 405 2334 δι’-ε
426 2296 671 2334 maintenant
692 2295 738 2333 de
763 2308 812 2334 en
835 2294 1067 2348 respondre.

399 2368 652 2419 Interroguee
671 2379 710 2404 se
736 2365 790 2404 les
821 2366 1112 2419 compaignons
1143 2365 1189 2404 dc
1222 2378 1364 2418 guerre
1390 2364 1574 2404 faisoient
1603 2364 1717 2417 point
1752 2373 1898 2404 mectre
1932 2378 1980 2404 en

343 2438 446 2477 leurs
471 2437 770 2491 pennonceaulx
794 2436 923 2486 Jheszts
943 2436 1074 2475 Maria
1103 2449 1109 2474 :
1138 2436 1309 2489 respond
1339 2451 1345 2474 :
1386 2453 1403 2471 «
1432 2437 1502 2474 Par
1525 2449 1587 2474 ma
1608 2435 1692 2489 foy,
1712 2436 1746 2488 je
1777 2434 1864 2474 n’en
1890 2448 1982 2489 scay

347 2511 444 2549 rien.
476 2526 493 2546 »

401 2582 655 2634 InterroguCe
677 2580 783 2619 s’elle
805 2594 823 2619 a
858 2581 971 2633 point
995 2580 1151 2618 tom-nie
1177 2593 1228 2617 ou
1259 2579 1327 2618 fait
1353 2579 1532 2617 tournier
1559 2577 1690 2618 toilles
1713 2591 1780 2633 par
1809 2578 1982 2616 manier'e

344 2653 391 2690 de
416 2653 647 2705 procession
668 2662 814 2690 outour
835 2651 927 2690 d’un
951 2650 1055 2690 autel
1076 2661 1089 2683 ⁴
1115 2664 1166 2689 ou
1189 2650 1370 2704 d’eglisc‚
1407 2664 1508 2705 pour
1532 2649 1622 2689 faire
1644 2648 1945 2702 pennonceaulx
1971 2662 1978 2686 ε

346 2723 515 2776 respond
536 2737 610 2776 que
634 2736 729 2771 non,
751 2732 788 2761 et
810 2723 899 2761 n“en
922 2736 940 2760 a
964 2723 1045 2761 rien
1064 2735 1139 2760 veu
1160 2722 1267 2761 faire.

398 2795 666 2847 Interroguee‚
690 2803 811 2848 quant
833 2792 906 2833 elle
931 2793 986 2832 fut
1007 2793 1150 2832 devant
1166 2794 1376 2846 Jargueau,
1401 2805 1477 2846 que
1499 2791 1652 2831 c’estoit
1669 2790 1812 2846 qu’elle
1834 2790 1982 2845 portoit

401 3047 428 3070 1.
443 3037 474 3070 A
496 3045 594 3070 omet
610 3035 709 3081 qnod.
734 3036 780 3060 —‘-
800 3046 831 3069 2.
854 3036 885 3069 A
911 3048 919 3069 .·
937 3040 1130 3069 venturum.
1155 3054 1198 3060 —-
1223 3045 1254 3079 3.
1274 3035 1338 3068 AB
1366 3033 1642 3081 .·pn⁷111011cell05;
1667 3033 1697 3067 C
1721 3046 1729 3067 :
1745 3032 1980 3079 petmoncellos.

349 3115 395 3120 —
421 3106 454 3137 4.
478 3095 550 3131 Ms.
579 3108 588 3128 :
609 3094 736 3129 chastel.
