2099 3356
405 217 564 261 PROCI'is
598 232 653 261 DE
687 232 1041 263 CONDAMNATION
1075 233 1131 263 DE
1163 234 1329 275 JEANNE
1362 220 1487 264 D’ARC
1712 235 1759 277 35

486 396 717 423 PROHIBITIO
748 397 799 423 NE
825 385 1008 424 'RECEDAT
1038 398 1060 424 A
1091 397 1333 425 CARCERIBUS
1361 394 1387 424 ¹.

188 527 363 579 Quibus
380 529 437 571 sic
453 529 647 587 peractis,
671 544 765 582 nos,
790 530 1016 588 episcopus
1045 528 1286 587 praedictus,
1302 529 1607 587 prohibuimus
1625 528 1765 574 eidem

121 610 334 666 Johannae
361 627 414 655 ne
453 610 665 655 recederet
713 612 764 656 de
800 612 1035 656 carceribus
1081 612 1159 657 sibi
1186 613 1410 671 assignatis
1446 612 1554 657 infra
1581 625 1765 658 castrum

124 694 492 754 Rothomagense,
508 695 667 754 absque
686 695 856 739 licentia
878 708 1039 749 nostra,
1064 695 1143 741 sub
1166 712 1293 754 poena
1312 697 1498 740 convicti
1511 695 1562 740 de
1587 697 1766 741 crimine

125 778 309 822 haeresis.
335 779 427 837 Ipsa
467 795 568 823 vero
603 779 823 838 respondit
855 779 973 839 quod
1007 796 1097 824 non
1119 780 1359 839 acceptabat
1394 780 1513 824 illam
1539 780 1767 824 inhibitio-

124 878 242 916 nem,
270 862 415 906 dicens
442 863 622 908 ulterius
668 862 803 922 quod,
830 865 863 907 si
899 863 1113 918 evaderet,
1144 863 1291 908 nullus
1328 876 1468 923 posset
1509 880 1601 908 eam
1629 880 1766 923 repre-

125 945 312 990 hendere
330 945 448 1004 quod
471 946 601 990 fidem
627 963 749 991 suam
768 947 958 1005 fregisset
972 947 1038 992 vel
1065 947 1280 1001 violasset,
1310 949 1411 1007 quia
1437 947 1545 992 nulli
1570 964 1762 1007 unquam

125 1029 255 1074 fidem
291 1029 476 1075 dederat.
508 1032 720 1090 Deinceps
744 1045 979 1091 conquesta
1009 1031 1092 1077 fuit
1112 1031 1230 1091 quod
1257 1033 1300 1075 in
1325 1032 1506 1076 vinculis
1528 1045 1569 1076 et
1589 1049 1767 1091 compe-

125 1112 248 1157 dibus
267 1113 412 1158 ferreis
435 1113 720 1159 detinebatur.
744 1115 871 1159 Tunc
895 1131 1071 1175 quoque
1092 1115 1173 1159 sibi
1200 1115 1391 1160 diximus
1409 1115 1527 1174 quod
1551 1116 1651 1160 alias
1673 1117 1762 1160 nisa

123 1196 260 1242 fuerat
278 1213 300 1241 a
321 1198 557 1243 carceribus
591 1199 767 1243 evadere
797 1199 992 1258 pluribus
1020 1199 1200 1254 vicibus,
1229 1212 1270 1243 et
1293 1212 1533 1258 propterea,
1564 1212 1612 1244 ut
1630 1201 1766 1244 tutius

125 1294 166 1326 et
187 1284 377 1327 securius
404 1282 708 1335 custodiretur,
746 1285 858 1339 jussa
885 1283 1021 1328 fuerat
1045 1283 1230 1327 vinculis
1257 1283 1402 1328 ferreis
1420 1283 1672 1342 compediri.
1700 1283 1766 1328 Ad

125 1365 242 1424 quod
272 1365 509 1426 respondit,
552 1366 697 1411 dicens
724 1385 731 1411 :
778 1384 798 1407 «
827 1369 984 1412 Verum
1013 1380 1074 1411 est
1095 1367 1213 1426 quod
1258 1367 1359 1411 alias
1381 1367 1501 1412 volui
1526 1381 1567 1412 et
1592 1367 1766 1422 vellem,

126 1462 254 1508 prout
279 1449 445 1494 licitum
473 1464 535 1495 est
561 1452 822 1510 cuicumque
844 1453 1105 1496 incarcerato
1123 1467 1197 1495 seu
1223 1452 1496 1510 prisionario,
1521 1450 1712 1495 evadere.
1748 1469 1767 1491 »

184 1535 336 1578 Postea
361 1542 374 1559 ²
397 1550 514 1590 vero,
552 1536 853 1579 commisimus
891 1535 943 1579 ad
981 1548 1117 1579 tutam
1142 1534 1384 1579 custodiam
1406 1537 1539 1594 ipsius
1559 1534 1770 1592 Johannae

126 1615 319 1661 nobilem
347 1620 490 1662 virum
519 1618 765 1676 Johannem
802 1620 914 1673 Grz‘s,
951 1618 1201 1663 scutiferum
1223 1620 1413 1677 corporis
1441 1618 1611 1663 domini
1636 1621 1771 1663 nostri

126 1702 270 1760 Regis,
297 1714 338 1746 et
350 1719 449 1746 cum
466 1703 559 1760 ipso
582 1702 827 1760 Johannem
855 1705 1027 1747 Berwoit
1045 1719 1090 1747 ac
1115 1703 1397 1748 Willermum
1429 1703 1584 1758 Talbot,
1609 1702 1770 1748 eisdem

127 1787 402 1844 injungentes
430 1785 547 1845 quod
596 1785 704 1830 bene
743 1800 784 1831 et
811 1785 995 1831 fideliter
1033 1788 1169 1844 ipsam
1200 1786 1449 1843 Johannam
1489 1785 1768 1840 custodirent,

126 1869 268 1913 nullos
301 1886 398 1913 cum
429 1886 474 1914 ea
501 1870 793 1929 permittendo
818 1871 1024 1929 colloqui,
1054 1871 1134 1914 nisi
1162 1869 1213 1914 de
1229 1870 1400 1914 licentia
1416 1882 1573 1914 nostra.
1604 1871 1694 1923 Qui
1719 1870 1771 1914 de

127 1953 208 1997 hoc
239 1952 451 2007 faciendo,
482 1955 602 1998 tactis
645 1956 922 1998 sacrosanctis
946 1954 1204 2012 Evangeliis,
1227 1953 1481 1998 solemniter
1503 1955 1767 2012 juraverunt.

191 2037 384 2080 Demum
406 2051 447 2081 et
472 2037 671 2091 finaliter,
702 2037 909 2082 omnibus
930 2038 1160 2096 praemissis
1190 2037 1431 2095 completis,
1460 2038 1773 2096 assignavimus

127 2119 265 2165 eidem
288 2122 500 2177 Johannae
542 2123 768 2166 crastinam
817 2121 932 2166 diem
979 2123 1088 2179 jovis
1133 2134 1389 2180 sequentem
1426 2121 1692 2175 immediate,
1719 2120 1770 2165 ad

125 2204 483 2264 comparendum,
511 2206 615 2250 hora
636 2218 782 2250 octava
810 2205 860 2249 de
884 2221 1026 2261 mane,
1057 2207 1101 2249 in
1127 2221 1292 2250 camera
1313 2206 1565 2264 paramenti,
1600 2206 1644 2249 in
1668 2204 1774 2250 buto

125 2290 232 2334 aulae
260 2306 427 2350 magnae
446 2290 634 2349 praedicti
654 2292 777 2334 castri
806 2290 1186 2348 Rothomagensis.

488 2469 598 2505 JOVIS
629 2469 715 2496 XXII
747 2469 972 2496 FEBRUARII.
1007 2468 1135 2495 SESSIO
1167 2468 1350 2496 SECUNDA
1372 2465 1398 2494 3.

187 2609 312 2662 Item,
329 2607 396 2652 die
418 2608 542 2665 jovis,
569 2622 657 2651 xx11
679 2606 896 2661 februarii,
914 2606 1162 2651 immediate
1185 2619 1410 2665 sequente,
1435 2622 1530 2660 nOS,
1548 2608 1773 2666 episcopus

129 2691 371 2750 praedictus,
412 2693 666 2736 accessimus
690 2690 741 2735 ad
766 2707 978 2735 cameram
1006 2692 1257 2749 paramenti,
1277 2691 1320 2733 in
1344 2689 1449 2735 buto
1480 2706 1647 2750 magnae
1666 2691 1773 2736 aulae

127 2777 247 2820 castri
291 2775 672 2834 Rothomagensis,
712 2774 784 2818 ubi
834 2773 1062 2818 nobiscum
1106 2775 1261 2833 pariter
1307 2776 1551 2832 congregati
1598 2774 1776 2820 fuerunt

181 2974 209 2997 1.
241 2963 290 2996 En
310 2974 430 3007 marge
452 2963 494 2996 de
517 2962 542 2995 Β
560 2974 568 2997 .·
588 2962 618 2995 Α
642 2973 685 2995 cn
707 2972 826 3005 margo
850 2973 856 2994 ε
878 2960 1066 2995 Prohibitio
1084 2972 1122 2994 ne
1142 2962 1247 2994 exiret
1266 2972 1285 2995 a
1308 2960 1372 2995 loco
1386 2967 1449 3007 pro
1466 2972 1592 2996 carcere
1608 2961 1772 3007 deputato,

128 3023 223 3056 dones
254 3028 370 3058 etc...:
414 3021 444 3056 C
475 3033 518 3055 en
552 3032 695 3067 marge:
741 3020 926 3054 Prohiln'lio
954 3033 991 3054 ne
1020 3019 1176 3054 recederet
1208 3031 1227 3053 α
1257 3021 1322 3054 loco
1351 3026 1415 3067 pro
1447 3032 1572 3055 carcere
1608 3021 1772 3067 diffinito,

128 3082 223 3116 donec
251 3087 312 3119 clf,
343 3103 389 3107 —-
419 3092 450 3115 2.
475 3081 541 3116 AC
559 3092 604 3115 en
632 3092 751 3125 marge
776 3092 781 3113 :
799 3080 1033 3123 juramentum
1056 3079 1225 3114 custodum
1244 3091 1433 3121 currerunt,-
1457 3081 1484 3115 B
1508 3093 1517 3113 .·
1541 3083 1771 3126 jzcmmnentum

127 3142 366 3176 czzsto‹l11111.—
389 3153 416 3186 3.
443 3141 493 3174 En
516 3152 634 3185 margo
650 3141 692 3174 de
715 3139 830 3179 AB&
852 3139 882 3173 A
916 3151 924 3172 .·
948 3139 1086 3174 secunda
1107 3140 1215 3174 sessio.
