2099 3356
339 190 420 232 194
610 175 769 219 PRocizs
802 190 857 219 DE
888 189 1237 220 CONDAMNATION
1272 191 1326 220 DE
1357 191 1524 232 JEANNE
1557 176 1686 221 D’ARC

333 289 597 347 Interrogata
622 289 803 348 qualiter
829 288 984 333 sciebat
1019 287 1185 333 dictum
1210 305 1357 333 ensem
1381 289 1440 333 ibi
1464 305 1553 334 esse
1577 307 1584 333 :
1613 290 1834 349 respondit
1856 291 1975 350 quod

333 373 480 417 eratin
502 386 623 426 terra,
659 372 951 430 rubiginosus‚
977 371 1138 416 habens
1169 374 1365 431 quinque
1386 389 1551 428 cruces;
1588 385 1629 417 et
1652 373 1733 418 hoc
1759 375 1883 418 scivit
1904 390 1977 432 per

333 471 460 500 voces
482 471 593 510 suas,
616 455 762 499 dicens
786 455 903 514 quod
924 471 1150 514 nunquam
1172 455 1335 500 viderat
1360 456 1585 500 hominem
1611 472 1682 514 per
1702 473 1832 515 quem
1861 459 1977 501 misit

332 540 561 597 q'uaesitum
592 538 756 583 dictum
781 555 927 584 ensem
939 557 950 594 3
992 555 1088 598 quae
1123 541 1287 597 scripsit
1320 539 1520 597 gentibus
1553 540 1740 584 ecclesiae
1770 540 1887 599 quod
1919 542 1978 584 eis

332 623 513 681 placeret
539 622 656 681 quod
679 624 767 681 ipsa
792 622 963 667 haberet
985 622 1152 667 dictum
1177 638 1341 677 ensem,
1369 639 1500 681 quem
1527 623 1605 667 sibi
1631 625 1868 678 miserunt3
1899 639 1977 668 nec

330 718 418 750 erat
444 707 635 751 multum
658 706 870 765 profunde
887 708 931 750 in
960 719 1083 760 terra,
1117 719 1228 750 retro
1255 706 1419 751 dictum
1441 707 1585 760 altare,
1611 721 1660 751 ut
1683 707 1762 751 sibi
1783 707 1952 752 videtur
1962 725 1972 762 3

328 803 626 834 verumtamen
644 792 777 834 nescit
795 792 964 849 proprie
985 791 1018 834 si
1035 790 1118 834 hoc
1150 802 1239 834 erat
1262 803 1359 834 ante
1385 790 1451 834 vel
1480 803 1614 845 retro;
1642 803 1683 835 et
1704 790 1836 835 credit
1854 790 1972 849 quod

329 874 417 932 ipsa
446 875 609 932 scripsit
647 874 765 932 quod
799 887 906 918 esset
945 887 1073 918 retro.
1112 874 1220 918 Item
1249 873 1356 917 dixit
1390 873 1525 932 quod,
1556 876 1699 918 statim
1741 874 1859 933 quod
1894 874 1974 918 fuit

329 970 521 1015 repertus
546 957 684 1002 dictus
709 959 839 1012 ensis,
868 970 1018 1016 gentes
1044 958 1230 1002 ecclesiae
1258 957 1340 1001 loci
1372 957 1631 1001 frit-averunt
1650 973 1767 1011 eum,
1793 971 1834 1002 et
1858 958 1972 1003 illico

328 1040 481 1085 cecidit
501 1040 653 1099 rubigo
677 1043 767 1086 sine
800 1043 867 1095 vi3
905 1054 944 1085 et
971 1041 1053 1085 fuit
1094 1057 1206 1085 unus
1251 1042 1456 1084 armarius
1484 1040 1536 1084 de
1571 1041 1762 1085 Turonis
1795 1043 1869 1100 qui
1897 1043 1973 1085 ivit

329 1126 561 1183 quaesitum
595 1124 759 1170 dictum
788 1141 949 1169 ensem.
989 1126 1038 1169 Et
1064 1126 1101 1168 ei
1139 1124 1349 1169 dederunt
1383 1126 1582 1182 vaginam
1615 1137 1762 1182 gentes
1789 1125 1973 1184 ecclesiae

329 1209 493 1252 Sanctae
521 1208 783 1263 Kaffiarinae,
813 1222 853 1252 et
880 1208 939 1252 illi
977 1208 1027 1252 de
1049 1208 1243 1252 Turonis
1265 1208 1417 1262 simul;
1445 1221 1487 1251 et
1519 1207 1709 1252 fecerunt
1745 1208 1834 1252 fieri
1871 1208 1975 1252 duas

329 1294 516 1349 vaginaS,
545 1309 675 1336 unam
698 1292 749 1337 de
764 1292 912 1336 veluto
940 1291 1090 1345 rubeo,
1117 1292 1243 1335 aliam
1269 1291 1321 1336 de
1353 1307 1498 1349 panno
1525 1307 1680 1346 aureo;
1705 1304 1745 1336 et
1769 1293 1857 1350 ipsa
1877 1291 1975 1336 fecit

328 1372 418 1416 fieri
440 1389 580 1417 unum
604 1372 656 1417 de
682 1374 800 1417 corio
822 1373 929 1416 bene
961 1372 1074 1416 forti.
1113 1374 1232 1416 Dixit
1263 1373 1391 1416 etiam
1421 1372 1556 1430 quod,
1596 1371 1701 1416 dum
1729 1385 1845 1431 capta
1871 1372 1969 1426 fuit,

327 1472 415 1500 non
445 1456 624 1501 habebat
651 1456 813 1501 dictum
850 1472 1013 1507 ensem,
1044 1472 1173 1515 quem
1209 1471 1377 1513 semper
1412 1472 1460 1499 ex
1492 1468 1595 1499 tunc
1627 1457 1809 1514 portavit
1837 1472 1971 1515 usque

328 1555 416 1598 quo
438 1542 525 1599 ipsa
552 1541 719 1584 recessit
748 1540 800 1584 de
825 1541 982 1584 Sancto
1011 1540 1242 1597 Dionysio.
1268 1540 1527 1596 Interrogata
1565 1539 1617 1583 de
1653 1538 1967 1593 benedictione,

326 1625 359 1667 si
386 1624 575 1683 aliquam
617 1623 760 1668 fecerit
793 1624 857 1667 vel
897 1623 992 1667 fecit
1029 1623 1117 1666 fieri
1156 1639 1281 1681 supra
1310 1622 1474 1666 dictum
1514 1639 1658 1666 ensem
1698 1640 1705 1665 :
1752 1623 1971 1682 respondit

326 1706 445 1764 quod
467 1723 570 1761 non,
598 1724 674 1751 nec
700 1709 888 1751 scivisset
909 1706 1040 1750 facere
1067 1706 1245 1764 aliquid.
1270 1707 1377 1750 Item
1403 1705 1510 1749 dixit
1533 1705 1651 1764 quod
1679 1705 1786 1750 bene
1821 1706 1971 1750 dilexit

325 1790 575 1847 praedictum
600 1807 763 1844 ensem,
778 1807 829 1834 eo
851 1790 968 1848 quod
990 1802 1179 1848 repertus
1202 1789 1335 1833 fuerat
1351 1791 1394 1832 in
1415 1789 1588 1833 ecclesia
1614 1790 1779 1834 Sanctae
1804 1790 1967 1834 Katha-

328 1875 444 1927 rinae,
470 1891 599 1933 quarn
623 1874 730 1919 bene
758 1873 972 1932 diligebat.

384 1959 508 2009 Item,
537 1958 604 2002 die
631 1957 807 2011 sabbati,
831 1973 938 2001 xvu.
976 1959 1134 2001 mensis
1160 1958 1318 2010 martii,
1349 1959 1607 2016 interrogata
1629 1957 1680 2001 de
1702 1973 1791 2016 quo
1824 1956 1962 2001 deser-

323 2041 494 2085 viebant
517 2042 599 2085 illie
627 2043 822 2100 quinque
849 2056 1009 2093 cruces,
1039 2056 1135 2098 quae
1162 2053 1281 2084 erant
1309 2041 1351 2083 in
1387 2057 1485 2085 ense
1514 2053 1680 2099 reperto
1720 2043 1763 2084 in
1796 2041 1968 2085 ecclesia

326 2125 490 2169 Sanctae
516 2125 760 2169 Katharinae
790 2124 841 2168 de
879 2124 1058 2182 Fierboys
1090 2141 1097 2167 :
1130 2123 1348 2182 respondit
1382 2124 1498 2182 quod
1527 2124 1579 2168 de
1619 2125 1700 2168 hoc
1735 2126 1867 2168 nescit
1892 2124 1965 2168 ali—

325 2208 444 2267 quid.

382 2365 482 2409 XX.
513 2382 533 2405 «
560 2365 680 2417 ITEM,
717 2366 806 2421 ipsa
827 2364 1023 2419 Johanna
1041 2376 1200 2407 sortem
1221 2365 1363 2420 posuit
1387 2364 1430 2406 in
1456 2363 1603 2417 anulo,
1631 2363 1788 2408 vexillo
1809 2376 1849 2407 et
1876 2379 1963 2408 cei·—

323 2449 377 2491 tis
392 2449 520 2506 peciis
546 2448 640 2491 telae
668 2463 713 2491 ac
737 2447 1031 2505 pannoncellis
1057 2455 1065 2471 ¹
1094 2463 1203 2505 quos
1240 2446 1461 2505 deportare
1499 2460 1540 2490 et
1567 2463 1589 2490 a
1623 2449 1710 2490 suis
1749 2446 1962 2505 deportari

323 2531 455 2574 facere
480 2531 657 2584 solebat,
688 2546 735 2574 ac
755 2532 884 2574 etiam
920 2531 961 2573 in
984 2546 1082 2573 ense
1118 2531 1298 2573 invento
1326 2545 1398 2587 per
1423 2530 1745 2583 revelationem,
1775 2543 1822 2574 ut
1843 2530 1961 2584 dicit,

322 2614 433 2672 apud
467 2615 664 2658 Sanctam
688 2614 965 2657 Katharinam
988 2612 1038 2656 de
1065 2614 1256 2671 merboys,
1287 2612 1430 2656 dicens
1465 2613 1534 2656 illa
1561 2629 1649 2658 esse
1686 2613 1793 2658 bene
1826 2613 1964 2658 fortu-

323 2709 434 2741 nata.
467 2698 515 2741 Et
541 2714 667 2755 super
690 2713 737 2741 ea
763 2696 862 2740 fecit
880 2697 1034 2740 multas
1053 2697 1361 2740 exsecrationes
1382 2708 1423 2740 et
1448 2698 1783 2754 conjurationes,
1805 2699 1848 2740 iu
1871 2697 1964 2755 plu-

311 2780 437 2825 ribus
461 2794 502 2824 et
520 2779 695 2824 diversis
721 2781 838 2831 locis,
866 2779 1031 2838 publice
1053 2795 1242 2822 asserens
1271 2795 1342 2837 per
1364 2795 1410 2823 ea
1435 2795 1591 2837 magna
1617 2779 1767 2834 facere,
1792 2793 1834 2824 et
1855 2780 1964 2824 obti-

322 2879 420 2907 nere
433 2863 483 2907 de
503 2862 753 2907 adversariis
771 2864 1022 2916 victoriam3
1047 2879 1123 2906 nec
1146 2864 1233 2906 suis
1248 2862 1465 2921 gentibus,
1484 2863 1793 2921 pannoncellos
1815 2863 1962 2921 hujus-

375 3092 402 3115 1.
422 3081 470 3115 La
491 3081 605 3116 forme
620 3080 849 3127 pennonrcllus
867 3089 917 3115 est
935 3089 1117 3115 constante
1139 3092 1181 3114 en
1204 3079 1282 3114 AC.

2066 2 2070 6 ”
2077 0 2099 33 ‘tl

2089 2724 2099 2769 ,ἓ
