2099 3356
411 222 569 265 PRoci'zs
602 235 658 264 DE
691 232 1044 264 CONDAMNArloN
1079 233 1135 261 DE
1167 233 1329 274 JEANNE
1360 217 1492 261 D'ARc
1714 229 1762 273 25

127 349 175 383 ut
198 353 242 382 se
273 335 501 380 nobiscum
539 333 792 393 adjungeret
822 345 862 378 et
899 333 1168 391 conjunctim
1212 330 1460 390 procederet
1508 331 1552 374 in
1594 332 1770 375 materia

126 422 320 480 superius
342 419 575 474 declarata;
610 418 838 463 offerentes
869 416 1009 461 eidem
1044 417 1193 461 omnia
1235 428 1277 460 et
1320 415 1488 473 singula
1518 416 1770 459 communi—

125 521 218 550 care
244 520 340 563 quae
361 520 433 562 per
464 519 543 548 nos
570 518 698 561 super
726 502 791 546 his
818 501 924 545 facta
950 513 1069 545 erant
1097 513 1169 544 aut
1196 499 1348 544 fierent
1372 500 1417 542 in
1445 498 1661 543 futurum.
1703 498 1769 543 Ad

128 589 217 632 haec
235 603 337 632 vero
357 587 554 645 praefatus
581 588 762 630 vicarius
796 584 1016 644 respondit
1039 584 1157 643 quod
1192 596 1360 642 paratus
1381 596 1469 627 erat
1503 584 1773 627 commissio-

127 688 226 716 nem
275 687 350 716 seu
387 672 639 715 vicariatum
673 670 752 714 sibi
792 686 812 713 a
865 668 1048 713 domino
1090 669 1350 726 Inquisitore
1389 666 1598 711 traditum
1648 666 1773 710 nobis

125 755 374 810 ostendere3
415 757 539 812 cujus
589 756 681 798 viso
724 766 888 807 tenore,
937 752 1119 797 libenter
1165 751 1317 795 faceret
1351 752 1395 794 in
1441 751 1617 796 materia
1651 750 1770 809 quod

125 839 312 893 deberet,
342 855 420 898 pro
444 838 589 883 officio
613 850 769 882 sanctae
804 838 1136 897 Inquisitionis;
1180 852 1346 889 verum,
1382 836 1482 894 quia
1511 836 1770 879 commissus

125 936 211 968 erat
243 923 514 981 singulariter
554 938 630 981 pro
678 921 852 967 dioecesi
895 934 937 965 et
985 922 1154 965 civitate
1194 919 1553 977 Rothomagensi,
1594 931 1635 962 et
1674 934 1768 971 nos,

124 1023 376 1066 quanquam
404 1008 670 1051 territorium
693 1005 819 1050 nobis
852 1007 897 1049 in
921 1005 997 1049 hac
1026 1006 1196 1049 civitate
1237 1003 1386 1047 fuisset
1419 1001 1768 1056 accomodatum,

125 1104 270 1136 tamen
298 1103 553 1150 praesentem
587 1106 837 1149 processum
882 1090 1048 1133 ratione
1094 1101 1250 1132 nostrae
1292 1086 1599 1146 jurisdictionis
1627 1086 1772 1130 Belva-

126 1177 262 1220 censis
288 1190 610 1233 susceperamus
633 1173 866 1232 agendum,
893 1172 1115 1217 dubitabat
1143 1181 1151 1198 ¹
1186 1171 1386 1231 praefatus
1419 1172 1599 1215 vicarius
1636 1187 1691 1214 an
1719 1169 1770 1214 ad

125 1259 320 1318 ejusdem
342 1275 564 1318 processus
585 1257 895 1303 deductionem
922 1274 998 1302 sua
1022 1256 1360 1315 prsetenderetur
1378 1254 1549 1313 praefata
1570 1255 1775 1299 commis—

126 1345 205 1388 sio.
232 1343 315 1388 Cui
339 1343 643 1403 respondimus
665 1342 784 1402 quod
812 1344 856 1386 in
889 1343 1123 1387 crastinum
1155 1340 1205 1386 ad
1240 1357 1320 1385 nos
1366 1339 1537 1394 rediret,
1577 1351 1619 1384 et
1645 1354 1771 1397 super

126 1428 206 1473 hoc
233 1429 409 1472 interim
429 1427 663 1472 consilium
691 1425 964 1471 haberemus.

680 1686 820 1713 MARTIS
844 1686 912 1712 XX.
941 1685 1152 1712 FEBRUARII
1178 1681 1207 1710 ².

181 1851 291 1894 Item
318 1849 386 1894 die
417 1851 566 1894 martis
602 1861 808 1908 sequente
836 1856 866 1902 ³,
897 1848 1060 1892 scilicet
1086 1863 1158 1891 xx.
1191 1848 1351 1890 mensis
1392 1845 1624 1900 februarii3
1656 1862 1775 1891 com-

126 1933 373 1993 parentibus
412 1935 457 1978 in
488 1933 597 1978 dicta
639 1932 774 1978 domo
811 1932 1090 1977 habitationis
1130 1943 1307 1985 nostrae,
1342 1932 1531 1989 episcopi
1568 1929 1773 1989 praedicti,

126 2018 248 2064 dictis
270 2018 397 2064 fratre
423 2018 622 2075 Johanne
654 2018 865 2076 Magistri,
899 2017 1056 2061 vicario
1082 2015 1251 2060 domini
1278 2017 1579 2075 Inquisitoris;
1621 2017 1774 2075 magis-

126 2104 198 2146 tris
223 2102 422 2159 Johanne
449 2104 657 2161 Beaupe're‚
682 2101 842 2158 Jacobo
873 2101 924 2145 de
950 2101 1164 2155 Turonia,
1199 2100 1384 2145 Nicolao
1413 2101 1543 2154 Midi,
1588 2100 1771 2146 Nicolao

125 2185 176 2231 de
218 2187 421 2241 Venderds,
470 2187 600 2234 Petro
627 2186 842 2240 Mauricii,
879 2184 1072 2230 Gerardo
1105 2185 1289 2236 Facula,
1319 2184 1496 2229 Thoma
1534 2184 1586 2229 de
1628 2185 1770 2229 Cour-

125 2270 256 2324 cellis,
285 2270 468 2315 Nicolao
502 2271 726 2329 Lo‘vsellem·
747 2280 762 2303 4
799 2282 840 2314 et
874 2269 1000 2314 fratre
1031 2270 1222 2313 Martino
1248 2271 1430 2323 Laveuu,
1473 2268 1636 2313 ordinis
1675 2270 1770 2313 Fra-

127 2366 243 2398 trum
271 2354 608 2398 Praedicatorum
639 2373 649 2409 3
681 2370 825 2398 coram
854 2355 954 2412 ipsis
981 2354 1209 2398 retulimus
1245 2370 1325 2398 nos
1369 2352 1524 2397 vidisse
1563 2354 1770 2397 commis-

125 2439 292 2482 sionem
315 2454 389 2482 seu
411 2439 663 2483 vicariatum
688 2437 893 2482 traditum
919 2446 929 2472 5
955 2437 1130 2496 praefato
1159 2437 1273 2481 fratri
1296 2437 1485 2495 Johanni
1530 2438 1722 2495 Mag-istri
1746 2453 1768 2480 a

126 2521 308 2566 domino
335 2522 612 2581 Inquisitore‚
634 2538 694 2576 ac,
732 2538 782 2565 ex
806 2522 989 2566 consilio
1022 2523 1260 2580 peritorum
1294 2521 1451 2580 quibus
1488 2522 1630 2579 ipsum
1658 2522 1770 2565 vica-

127 2606 282 2649 riatum
305 2604 648 2659 ostenderamus‚
673 2605 870 2649 habuisse
891 2604 1008 2664 quod
1028 2605 1228 2663 praefatus
1251 2606 1448 2658 vicarius,
1478 2606 1637 2648 virtute
1653 2604 1770 2648 illius

126 2690 460 2742 commissionis,
500 2702 664 2747 poterat
696 2705 739 2732 se
767 2688 891 2732 nobis
928 2688 1175 2747 adjungere,
1219 2702 1276 2742 et,
1315 2690 1359 2732 in
1399 2688 1475 2732 hac
1517 2689 1687 2733 civitate
1721 2687 1772 2732 ad

125 2787 257 2829 quam
284 2786 325 2816 et
354 2785 489 2816 totam
521 2772 744 2816 dioecesim
774 2773 1174 2830 Rothomagensem
1219 2772 1529 2817 extendebatur
1555 2788 1630 2816 sua
1654 2788 1773 2816 com-

180 3034 207 3057 1.
228 3024 262 3068 Q
285 3036 294 3056 .·
315 3024 495 3058 dubitavit.
515 3045 559 3049 —
582 3035 614 3059 2.
635 3025 687 3058 En
708 3036 828 3069 marge
849 3025 892 3059 de
906 3024 1070 3059 ΑΒΘ-
1095 3035 1125 3069 3.
1144 3025 1174 3059 C
1191 3026 1431 3071 .·sequenti.-
1447 3034 1480 3066 4.
1495 3024 1526 3058 A
1543 3037 1552 3058 .·
1573 3024 1769 3068 misellam,

126 3084 280 3116 canonico
309 3083 444 3117 ecclesia‘
471 3083 736 3127 Rotlffomagensis
760 3097 769 3120 ,·
807 3083 836 3118 C
861 3096 870 3117 .·
900 3084 1079 3127 Loiseleur,
1107 3086 1260 3118 canonico
1291 3084 1554 3129 Rolhomagensi.
1583 3104 1622 3109 —
1647 3093 1676 3127 ς.
1706 3082 1736 3117 C
1756 3095 1766 3116 .·

128 3141 201 3174 trad
206 3142 286 3175 itam
295 3171 301 3177 .
