2099 3356
388 171 547 214 PRocEs
580 185 636 213 DE
668 185 1023 215 CONDAMNA'MON
1060 187 1114 215 DE
1145 188 1309 228 JEANNE
1344 174 1473 218 D’ARC
1674 190 1751 231 179

110 299 184 326 seu
235 282 359 326 dicat.
408 283 460 326 Et
500 283 589 327 heri
617 283 669 327 de
710 299 851 336 mane,
895 299 995 327 cum
1038 284 1262 338 dormiret,
1291 288 1489 330 excitavit
1535 303 1626 330 eain
1664 304 1751 330 non

112 378 242 419 tactu,
284 365 358 410 sed
406 382 516 410 sono
543 368 661 411 vocis
703 368 873 425 ipsius;
910 384 987 411 nec
1027 368 1183 412 sciebat
1228 386 1279 413 an
1319 370 1389 413 illa
1437 386 1518 414 vox
1563 384 1671 414 esset
1710 372 1752 413 in

110 465 274 493 camera
296 465 388 503 sua,
412 450 483 494 sed
504 449 612 494 bene
636 452 714 494 scit
740 450 857 509 quod
891 463 978 495 erat
1008 460 1014 476 ¹
1043 453 1085 495 in
1111 466 1262 506 castro,
1293 455 1335 496 in
1363 469 1452 512 quo
1496 454 1655 497 scilicet
1694 467 1755 498 est

111 532 221 577 dicta
243 549 423 577 camera.
453 534 561 577 Item
589 533 781 578 confessa
805 546 868 578 est
901 534 1034 592 quod,
1062 537 1197 594 prima
1222 538 1313 580 vice
1341 553 1424 596 qua
1452 554 1534 581 vox
1563 539 1680 581 venit
1705 537 1755 581 ad

110 632 223 671 eam,
253 618 342 676 ipsa
362 629 449 661 erat
474 618 610 661 aetatis
631 633 853 661 annorum
871 633 949 661 xni
977 627 1008 671 ²,
1035 619 1101 663 vel
1128 606 1179 663 eo
1207 622 1329 664 circa.

171 701 297 755 Item,
318 700 386 745 die
411 702 575 755 martis,
598 715 737 745 xxvil.
770 700 872 745 dicti
901 704 1074 756 mensis,
1104 702 1207 747 dicit
1234 706 1353 762 quod
1381 717 1483 749 tunc
1510 719 1629 749 erant
1650 704 1757 749 bene

110 797 274 843 septem
296 786 399 828 anni
426 784 561 844 quod,
591 787 727 843 prima
748 787 853 836 vice,
877 800 1033 830 sanctae
1061 787 1295 831 Katharina
1316 800 1356 832 et
1385 790 1618 847 Margareta
1640 805 1758 847 cepe-

110 881 211 912 runt
244 884 338 912 eam
373 867 425 912 ad
466 868 720 927 regendum.
766 896 822 901 —
849 871 1112 928 Interrogata
1136 872 1169 914 si
1201 884 1372 915 sanctus
1400 873 1584 916 Michael
1618 874 1759 931 primo
1803 865 1806 868 ’

110 950 306 1007 apparuit
332 950 369 992 ei
395 965 403 992 :
434 949 656 1008 respondit
688 949 806 1008 quod
846 952 922 1004 sic,
969 967 992 994 a
1024 966 1114 1008 quo
1158 951 1308 996 habuit
1350 953 1714 997 confortationem
1748 971 1755 996 :

115 1051 135 1074 «
165 1033 254 1077 Nec
287 1034 473 1077 nomino
500 1032 623 1077 vobis
647 1049 800 1077 vocem
840 1035 973 1077 sancti
1016 1034 1254 1088 Michaelis,
1286 1035 1359 1079 sed
1399 1035 1496 1080 dico
1527 1036 1577 1081 de
1607 1053 1761 1095 magna

113 1116 431 1161 confortatione
450 1118 556 1173 ejus.
584 1134 604 1156 2>
625 1143 682 1150 --—
700 1117 964 1176 Interrogata
989 1134 1087 1176 quae
1127 1132 1216 1162 erat
1244 1120 1380 1176 prima
1401 1137 1486 1164 vox
1519 1136 1616 1179 quae
1643 1122 1762 1164 venit

111 1199 163 1244 ad
183 1216 296 1254 eam,
327 1201 371 1243 in
395 1212 516 1244 aetate
556 1215 634 1244 X111
662 1217 896 1254 annorum,
927 1202 993 1245 vel
1017 1218 1070 1246 eo
1095 1203 1201 1246 circa
1226 1219 1233 1245 :
1275 1203 1495 1261 respondit
1537 1204 1656 1263 quod
1682 1204 1763 1248 fuit

111 1296 281 1337 sanctus
303 1284 505 1337 Michael,
533 1301 664 1343 quem
690 1283 798 1328 vidit
824 1298 923 1329 ante
951 1286 1101 1329 oculos
1125 1303 1226 1330 suos
1252 1304 1262 1340 3
1295 1303 1373 1331 nec
1400 1300 1488 1331 erat
1529 1288 1659 1342 solus,
1690 1287 1762 1332 sed

113 1367 221 1413 bene
242 1381 328 1412 erat
359 1369 591 1412 associatus
617 1368 781 1426 angelis
814 1369 927 1413 coeli.
962 1370 1084 1413 Dixit
1109 1378 1119 1402 3
1147 1370 1258 1414 ultra
1289 1370 1408 1429 quod
1444 1388 1533 1415 non
1574 1373 1692 1416 venit
1718 1373 1762 1415 in

112 1452 349 1505 Franciam,
392 1453 472 1495 nisi
512 1451 564 1495 de
594 1451 798 1496 mandato
841 1454 939 1497 Dei.
976 1455 1327 1518 —Interrogata
1370 1456 1403 1498 si
1441 1455 1597 1499 viderit
1641 1472 1766 1500 sanc—

112 1548 210 1579 tum
242 1535 501 1579 Michael'em
536 1549 577 1579 et
609 1537 784 1593 angelos
819 1538 1096 1595 corporaliter
1143 1551 1185 1582 et
1227 1538 1501 1583 formaliter:
1540 1539 1763 1598 respondit

115 1618 234 1678 quod
255 1619 391 1663 oculis
412 1620 498 1663 suis
527 1621 757 1677 corporeis,
787 1637 909 1678 aeque
945 1619 1053 1664 bene
1080 1623 1190 1665 sicut
1232 1622 1403 1666 videbat
1442 1625 1684 1667 assistentes
1721 1625 1765 1667 in

117 1702 293 1760 judicio,
324 1704 374 1746 Et
408 1720 508 1747 cum
535 1703 637 1747 dicti
677 1704 861 1748 Michael
896 1717 936 1748 et
968 1705 1108 1763 angeli
1136 1704 1404 1760 recedebant,
1435 1706 1561 1750 flebat
1586 1720 1625 1751 et
1659 1707 1767 1751 bene

117 1786 323 1830 voluisset
345 1786 465 1846 quod
495 1803 590 1833 eam
619 1803 767 1832 secum
795 1789 1118 1847 importassent.
1155 1816 1209 1821 -
1236 1791 1498 1849 Interrogata
1523 1790 1591 1834 die
1616 1800 1632 1824 4
1656 1793 1767 1835 vice-

117 1872 225 1915 sima
251 1872 451 1929 septima,
476 1873 689 1931 cum'ipsa
713 1871 821 1916 vidit
847 1888 1018 1927 vocem,
1055 1875 1090 1917 si
1125 1886 1212 1917 erat
1239 1874 1295 1918 ibi
1329 1875 1478 1919 lumen
1502 1891 1602 1918 cum
1629 1891 1733 1920 voce
1757 1890 1764 1918 :

118 1954 339 2013 respondit
359 1954 478 2013 quod
507 1955 565 1999 ibi
598 1968 686 2000 erat
708 1955 900 2000 multum
922 1955 973 2000 de
1002 1957 1169 2001 lumine
1190 1956 1241 2001 de
1266 1960 1388 2001 omni
1424 1958 1566 2009 latere,
1598 1971 1638 2002 et
1661 1958 1767 2002 bene

125 2037 261 2082 decet.

178 2123 259 2166 Die
283 2123 407 2180 jovis,
434 2123 571 2180 prima
597 2124 756 2176 martii,
781 2124 1042 2182 interrogata
1064 2125 1116 2178 si,
1142 2141 1164 2168 a
1194 2124 1262 2168 die
1288 2127 1434 2169 martis
1472 2127 1590 2179 citra,
1628 2126 1768 2170 locuta

116 2206 198 2250 fuit
219 2222 319 2250 cum
347 2207 503 2250 sanctis
525 2206 761 2251 Katharina
789 2220 830 2251 et
849 2209 1086 2266 Margareta
1111 2222 1119 2251 :
1148 2208 1369 2268 respondit
1394 2209 1512 2268 quod
1540 2212 1598 2253 sic
1630 2219 1658 2263 5,
1677 2209 1768 2253 heri

97 2302 160 2338 ‚et
184 2288 328 2344 hodie,
352 2289 424 2334 sed
444 2291 576 2334 nescit
591 2306 676 2349 qua
704 2290 833 2345 hora;
860 2306 937 2334 nec
962 2304 1023 2334 est
1047 2290 1136 2335 dies
1158 2308 1244 2350 qua
1272 2308 1360 2336 non
1381 2292 1525 2337 audiat
1545 2309 1626 2336 eas.

181 2373 264 2416 Die
289 2373 419 2426 lunae,
445 2388 521 2417 XII.
547 2376 705 2428 martii,
739 2376 997 2433 interrogata
1031 2388 1181 2419 utrum
1208 2377 1377 2434 petierit
1414 2393 1435 2420 a
1467 2377 1643 2420 vocibus
1681 2377 1767 2420 suis

123 2456 241 2516 quod
266 2457 423 2501 diceret
448 2459 555 2516 patri
583 2471 622 2502 et
642 2459 767 2501 matri
796 2460 888 2510 eius
909 2475 1039 2502 suum
1065 2475 1281 2503 recessum
1311 2478 1318 2503 :
1358 2460 1594 2518 respondit,
1636 2476 1771 2519 quan-

124 2553 219 2584 tum
241 2539 292 2584 de
317 2554 433 2599 patre
454 2554 497 2585 et
519 2554 667 2595 matre,
698 2557 825 2585 voces
849 2555 969 2586 erant
996 2544 1093 2586 satis
1114 2556 1331 2587 contentae
1357 2543 1475 2602 quod
1506 2543 1663 2588 diceret
1687 2543 1772 2587 dic-

123 2625 178 2668 tis
199 2624 461 2682 parentibus,
493 2627 573 2668 nisi
597 2638 769 2684 propter
797 2642 973 2684 poenam
1002 2642 1133 2685 quam
1163 2626 1360 2671 fecissent
1382 2629 1436 2681 ei,
1464 2629 1496 2671 si
1520 2627 1692 2672 dixisset
1714 2629 1773 2671 eis

125 2724 255 2752 suum
284 2725 525 2763 recessum3
555 2722 609 2763 et,
636 2722 851 2767 quantum
874 2723 936 2754 est
961 2708 1012 2753 de
1036 2711 1138 2768 ipsa,
1167 2727 1394 2769 nunquam
1417 2711 1589 2755 dixisset
1611 2713 1669 2755 eis
1695 2728 1773 2770 pro

126 2807 400 2851 quacumque
438 2809 507 2847 re3
538 2805 595 2846 et,
626 2792 677 2837 de
712 2792 896 2837 dicendo
929 2793 993 2837 vel
1023 2793 1205 2838 tacendo
1233 2811 1361 2838 suum
1413 2811 1625 2839 recessum
1665 2811 1774 2853 pree—

181 3034 209 3058 1.
228 3023 263 3068 Q
279 3033 377 3059 omet
393 3029 478 3058 erat.
501 3046 543 3050 -
568 3035 600 3060 2.
620 3025 652 3060 A
671 3037 682 3060 .·
704 3025 856 3060 tridecim
875 3038 1055 3062 annornm.
1076 3048 1122 3053 —
1145 3037 1175 3072 3.
1193 3027 1221 3062 Β
1241 3040 1251 3062 .·
1270 3028 1381 3065 Dicit,
1407 3048 1453 3053 —
1473 3038 1505 3070 4.
1530 3027 1597 3062 AC
1616 3028 1775 3070 ajoutent

129 3081 228 3116 dicta.
252 3104 296 3107 —
322 3094 350 3126 5.
371 3083 466 3118 ΑΒΕ
489 3096 497 3118 ;
519 3085 562 3118 sit
617 3084 651 3128 Q
671 3094 769 3119 omer
790 3096 827 3120 ce
850 3095 938 3120 mot.
