2099 3356
350 170 428 225 136
612 169 771 212 PRocl'zs
803 183 858 212 DE
889 182 1237 215 CONDAMNATION
1272 186 1327 215 DE
1358 186 1521 228 JEANNE
1555 175 1684 218 D'ARc

405 283 668 340 Interrogata
711 294 859 325 utrum
888 295 1018 340 ponat
1041 283 1293 342 hujusmodi
1313 285 1507 330 candelas
1551 287 1603 331 ad
1631 288 1843 333 honorem
1871 289 1985 334 illius

345 378 500 409 sanctae
525 365 771 409 Katharinae
791 382 888 424 quae
913 382 955 410 se
982 367 1171 411 ostendit
1207 368 1301 422 sibi,
1328 385 1402 413 seu
1430 386 1525 428 quae
1549 370 1627 414 sibi
1649 385 1819 429 apparet
1850 389 1858 417 :
1895 389 1985 418 res-

349 448 500 507 pondit
521 447 638 506 quod
666 450 740 502 sic,
765 461 808 492 et
833 448 949 507 quod
983 466 1071 493 non
1100 452 1223 508 ponit
1249 450 1534 497 differentiam
1574 455 1686 498 inter
1731 454 1848 499 illam
1887 472 1985 514 quae

348 532 427 576 sibi
448 544 620 590 apparet
641 544 681 575 et
708 531 822 576 illam
853 549 950 590 quae
971 545 1033 577 est
1059 535 1102 576 in
1131 534 1260 578 coelo.

408 617 669 673 Interrogata
695 631 747 659 an
778 632 947 673 semper
976 616 1098 661 faciat
1134 630 1174 662 et
1198 619 1410 676 compleat
1445 619 1550 664 illud
1587 620 1704 679 quod
1732 638 1857 666 voces
1898 639 1986 667 suae

351 700 602 758 praecipiunt
626 701 663 742 ei
694 716 701 742 :
737 700 957 757 respondit
979 700 1112 759 quod,
1141 716 1191 744 ex
1215 714 1308 746 toto
1339 719 1460 760 posse
1484 720 1580 758 suo,
1629 706 1717 763 ipsa
1737 704 1987 764 adimplevit

350 795 610 841 praeceptum
640 783 718 826 Dei
741 783 819 826 sibi
846 783 1006 828 factum
1028 800 1100 841 per
1115 800 1241 829 voces
1261 802 1372 839 suas,
1398 786 1450 830 de
1472 786 1554 831 hoc
1582 787 1699 846 quod
1720 790 1842 833 scivit
1862 790 1988 833 intel-

352 867 494 924 ligere.
526 867 576 910 Et
605 866 713 910 nihil
739 869 994 925 praecipiunt
1020 867 1098 911 sibi
1117 884 1242 913 voces
1266 868 1365 923 illae,
1396 871 1488 914 sine
1514 869 1780 930 beneplacito
1802 873 1897 916 Dei.

412 952 676 1008 Interrogata
717 967 787 1002 an,
832 953 875 994 in
913 951 1022 995 facto
1064 968 1243 1010 guerrae,
1284 952 1427 998 fecerit
1476 954 1637 1013 aliquid
1674 957 1764 999 sine
1809 957 1991 1001 consilio

353 1050 510 1078 vocum
531 1050 707 1077 suarum
730 1051 737 1077 :
764 1034 983 1092 respondit
1009 1051 1017 1077 ε
1045 1052 1064 1075 «
1086 1036 1175 1079 Vos
1202 1035 1253 1080 de
1272 1035 1354 1080 hoc
1382 1037 1546 1081 habetis
1574 1054 1845 1096 responsum.
1863 1041 1991 1097 Lega-

354 1120 406 1161 tis
434 1117 540 1161 bene
569 1116 726 1161 librum
751 1130 960 1171 vestrum,
987 1132 1027 1162 et
1051 1135 1127 1162 vos
1153 1121 1382 1178 reperietis.
1411 1137 1430 1160 »
1468 1122 1586 1165 Dixit
1610 1134 1754 1166 tamen
1777 1122 1911 1181 quod,
1941 1122 1991 1167 ad

298 1242 300 1246 ,
356 1214 595 1259 requestam
634 1201 867 1245 hominum
914 1215 1199 1256 armatorum,
1246 1202 1327 1247 fuit
1367 1203 1503 1248 facta¹
1537 1205 1722 1249 valentia
1763 1222 1988 1251 armorum

356 1301 499 1329 coram
540 1285 637 1328 villa
689 1286 931 1349 Parisiensi,
982 1300 1021 1330 et
1079 1288 1207 1329 etiam
1250 1303 1394 1331 coram
1436 1287 1534 1331 villa
1576 1288 1627 1332 de
1680 1290 1880 1343 Caritate,
1939 1289 1992 1334 ad

356 1381 597 1427 requestam
629 1370 737 1426 regis
766 1371 846 1413 sui.
884 1370 933 1413 Et
984 1369 1063 1413 hoc
1101 1386 1188 1413 non
1223 1370 1302 1414 fuit
1330 1384 1478 1414 contra
1510 1388 1584 1416 nec
1618 1388 1691 1431 per
1731 1382 1989 1432 praeceptum

358 1468 515 1496 vocum
540 1468 730 1496 suarum.

416 1537 678 1593 Interrogata
716 1549 861 1579 utrum
898 1553 1090 1595 unquam
1121 1536 1263 1581 fecerit
1300 1538 1439 1595 aliqua
1479 1553 1626 1582 contra
1655 1539 1926 1584 voluntatem
1955 1553 1996 1584 et

359 1633 619 1679 praeceptum
664 1620 832 1663 illarum
861 1637 1018 1664 vocum
1050 1639 1056 1664 :
1083 1621 1304 1680 respondit
1331 1622 1464 1679 quod,
1501 1622 1606 1666 illud
1635 1623 1754 1681 quod
1780 1625 1921 1681 potnit
1957 1637 1997 1668 et

420 1806 675 1857 intel-rognee
698 1804 803 1843 s’elle
827 1804 915 1858 le[s]
931 1806 1049 1843 meict
1069 1819 1116 1843 en
1139 1805 1323 1844 l’onneur
1338 1805 1385 1844 de
1399 1805 1495 1844 celle
1515 1807 1581 1859 qui
1608 1820 1646 1845 se
1663 1816 1829 1859 apparut
1849 1808 1869 1845 ἐι
1891 1807 1965 1846 elle
1987 1822 1994 1846 :

364 1876 535 1929 respond
562 1890 637 1929 que
654 1876 737 1914 ouil
758 1891 766 1924 3
790 1890 854 1914 car
875 1876 948 1915 elle
969 1890 1017 1915 ne
1037 1878 1154 1915 meict
1177 1878 1290 1930 point
1307 1877 1355 1915 de
1377 1876 1590 1916 difference
1615 1887 1725 1917 entre
1745 1878 1843 1917 celle
1865 1880 1932 1932 qui
1959 1892 1998 1918 se

362 1958 528 2001 apparot
552 1949 571 1986 a
594 1948 684 1996 elle,
705 1958 742 1987 et
763 1948 860 1987 celle
883 1950 949 2002 qui
975 1949 1031 1987 esi
1056 1962 1103 1987 eu
1136 1949 1225 1987 ciel.

418 2021 672 2073 Interroguee
694 2019 801 2058 s'elle
844 2019 911 2058 fait
950 2030 986 2058 et
1021 2020 1256 2073 accomplist
1292 2022 1494 2073 tousjours
1525 2035 1569 2060 ce
1600 2035 1675 2074 que
1707 2036 1767 2060 ses
1804 2023 1898 2061 voix
1943 2021 1998 2061 lui

363 2091 647 2130 coinmandent
670 2106 676 2129 :
704 2092 874 2144 respond
901 2105 977 2144 quc
1000 2092 1045 2130 de
1073 2101 1158 2130 tout
1186 2105 1257 2130 son
1285 2093 1427 2145 povoir
1456 2092 1530 2131 elle
1555 2093 1790 2146 acconiplist
1824 2093 1859 2132 le
1892 2107 2000 2132 com-

365 2163 620 2201 mandement
641 2164 687 2202 dc
711 2172 843 2201 nostre
861 2164 1054 2214 Seigneur
1079 2164 1097 2201 31
1122 2163 1197 2202 elle
1223 2163 1289 2202 sait
1320 2177 1389 2216 par
1411 2176 1471 2202 ses
1492 2165 1599 2211 voix,
1633 2165 1679 2203 de
1704 2178 1747 2203 ce
1784 2164 1928 2218 qu'elle
1953 2179 2000 2204 en

366 2235 460 2282 sqait
484 2234 674 2272 entendre
693 2249 701 2279 3
723 2244 760 2272 et
785 2248 833 2272 ne
856 2234 924 2287 luy
949 2235 1232 2273 commandent
1256 2235 1338 2274 rien
1360 2249 1447 2273 sans
1470 2235 1503 2274 le
1525 2235 1605 2274 bon
1629 2235 1763 2288 plaisir
1787 2236 1834 2275 de
1869 2245 2002 2275 nostre

367 2306 574 2357 Seigneur.
1550 2346 1555 2349 Α

421 2378 675 2429 Interroguee
695 2390 749 2423 se,
773 2390 820 2415 eu
842 2376 911 2415 fait
932 2377 978 2415 de
1005 2376 1038 2415 la
1062 2391 1216 2429 guerre,
1241 2377 1315 2416 elle
1340 2391 1359 2415 a
1379 2378 1460 2416 rien
1480 2377 1589 2431 [fait]
1611 2391 1700 2416 sans
1721 2378 1756 2416 le
1778 2378 1920 2431 congie
1955 2378 2003 2417 de

367 2461 426 2486 ses
448 2448 537 2486 voix
565 2462 571 2485 :
600 2448 772 2500 respond
805 2462 811 2485 τ
845 2467 861 2481 ιι
900 2449 1011 2486 Υοιιε
1053 2462 1100 2486 cn
1145 2458 1247 2487 estes
1277 2459 1365 2487 tous
1397 2449 1632 2501 responduS.
1663 2450 1711 2487 Et
1758 2449 1877 2488 luise's
1913 2449 2001 2488 bien

366 2529 497 2558 vostre
522 2518 636 2567 livre,
653 2529 690 2558 et
710 2532 811 2558 vous
833 2519 867 2557 le
889 2521 1107 2558 trouvert's
1131 2537 1149 2555 r>
1176 2521 1219 2558 Et
1241 2521 1484 2558 toutesvoies
1507 2520 1562 2558 dit
1596 2534 1686 2573 que,
1723 2522 1743 2558 a
1768 2519 1802 2559 la
1824 2529 2002 2573 requeste

367 2591 434 2629 des
455 2604 551 2643 gens
573 2590 754 2638 d’arrnes,
781 2590 840 2629 fut
874 2591 939 2629 fait
965 2605 1042 2629 unc
1076 2590 1266 2630 vaillance
1301 2591 1476 2630 d’arrnes·
1503 2592 1645 2630 devant
1674 2593 1795 2640 Paris,
1831 2600 1868 2630 et
1899 2592 2003 2630 aussi

367 2661 425 2699 ala
448 2662 591 2700 devant
611 2663 662 2700 La
681 2662 838 2700 Charite
864 2663 883 2700 a
905 2662 938 2700 la
963 2672 1143 2715 requeste
1168 2665 1215 2701 de
1240 2676 1312 2700 son
1337 2676 1423 2715 roy,
1447 2672 1484 2701 et
1516 2676 1564 2700 ne
1601 2662 1659 2701 fut
1683 2672 1819 2701 contre
1857 2676 1905 2701 ne
1939 2676 2005 2715 par

369 2732 403 2771 le
423 2733 775 2772 commandement
799 2733 846 2771 de
871 2747 930 2771 ses
955 2734 1062 2772 voix.

424 2805 677 2856 Interroguee
695 2818 733 2843 se
755 2805 829 2843 elle
854 2804 917 2843 fist
937 2819 1113 2858 oncques
1139 2819 1311 2844 aucunes
1342 2806 1644 2844 choses-contre
1670 2805 1754 2844 leur
1802 2819 2005 2844 comman-

369 2874 531 2913 ¹dement
556 2885 592 2913 et
614 2875 827 2914 voulente:
856 2877 1027 2929 respond
1061 2890 1136 2929 que
1161 2890 1204 2915 ce
1229 2866 1374 2930 qu’elle
1398 2891 1417 2915 a
1443 2890 1518 2929 peu
1544 2887 1581 2915 et
1602 2890 1693 2915 sceu
1727 2876 1836 2923 faire,
1860 2876 1935 2915 elle
1956 2876 2005 2914 l'a

426 3082 452 3105 1.
477 3071 543 3105 AC
561 3071 719 3114 ajoutent
740 3084 816 3107 mm.
