2099 3356
277 192 355 236 394
556 177 714 222 PROCiis
747 188 804 221 DE
836 191 1188 222 CONDAMNATION
1222 191 1279 222 DE
1308 192 1471 234 JEANNE
1504 177 1629 223 D'ARC

330 292 407 344 Ego
439 303 524 329 vero
555 288 782 329 Guillelmus
805 288 954 339 Colles,
985 289 1081 328 alias
1115 289 1450 343 Boscguillaume,
1484 290 1670 346 presbyter
1690 301 1718 341 1,
1752 291 1920 332 notarius

271 361 604 416 prfenoniinatus2,
625 359 776 415 affirmo
798 359 1015 414 praedictam
1036 359 1265 400 collationem
1297 360 1410 400 debite
1441 375 1525 402 cuni
1562 362 1711 416 registro
1743 362 1920 417 originali
1966 376 1969 379 ·

268 433 384 486 fuisse
399 432 567 486 factam:
588 436 620 471 et
643 430 718 470 ideo
737 435 948 485 praesentein
976 438 1195 486 processum,
1220 433 1342 487 septies
1361 433 1497 486 viginti
1519 437 1552 473 et
1581 433 1768 474 octodecim
1793 441 1804 467 3
1827 433 1916 484 folia

278 504 516 544 continentem
537 513 568 551 4,
586 503 687 558 signo
705 516 781 542 meo
798 502 970 543 manuali
984 503 1144 557 signavi,
1169 517 1252 544 cum
1267 504 1407 544 duobus
1427 510 1438 537 5
1459 504 1613 545 notariis
1629 505 1730 559 infra
1746 505 1915 559 signatis,

279 576 334 615 bic
357 589 412 614 me
435 588 550 614 manu
564 574 717 629 propria
739 574 959 615 subcribens.
979 576 1333 616 BOSCGUILLAUME.

330 648 408 700 Ego
428 648 443 674 ⁶
465 660 549 686 vero
568 645 796 686 Guillelmus
814 647 1033 694 Manchon,
1050 646 1235 701 presbyter
1249 647 1542 702 Rothoniagensis
1560 647 1729 697 dicecesis,
1749 647 1920 703 publicus

275 717 466 773 apostolica
497 723 529 757 et
559 718 748 773 imperiali
778 717 1059 758 auctoritatibus
1079 719 1261 774 curiaeque
1289 718 1599 775 archiepiscopalis
1626 719 1920 774 Rothomagensis

270 791 422 845 juratus
442 789 622 839 notarius,
647 794 679 829 et
694 789 913 844 inpraesenti
929 803 1132 830 causacum
1152 790 1304 830 notariis
1319 797 1432 845 supra
1453 796 1485 830 et
1510 791 1612 844 infra
1627 791 1769 846 scriptis
1784 791 1916 840 scriba,

271 861 421 917 affirmo
439 861 655 916 praedictam
674 860 902 901 collationem
927 861 1041 900 debite
1060 875 1128 901 esse
1143 862 1287 916 factam
1318 876 1400 902 cum
1425 863 1602 916 originali
1625 863 1776 917 registro
1808 863 1920 917 ipsius

273 947 403 973 causae.
429 935 478 973 Et
497 933 574 972 ideo
602 933 685 973 huic
710 933 880 987 praesenti
906 933 1085 987 processui
1106 933 1254 987 signum
1283 934 1457 974 manuale
1480 948 1602 974 meum
1634 949 1717 974 cum
1747 934 1859 988 signis
1886 940 1918 974 et

273 1004 597 1060 subscriptionibus
615 1004 796 1045 dictorum
818 1005 1048 1045 notariorum
1065 1005 1230 1060 apposui,
1256 1006 1382 1061 hicque
1399 1006 1550 1061 propria
1572 1020 1687 1046 manu
1707 1006 1915 1062 subscripsi.

280 1078 328 1117 G.
355 1078 568 1116 MANCHON
591 1085 619 1116 7.

330 1149 408 1201 Ego
430 1162 528 1196 vero,
549 1150 590 1187 N
593 1147 725 1188 icolaus
745 1148 914 1202 Taquel,
937 1148 1121 1203 presbyter
1140 1149 1434 1203 Rotbomagensis
1455 1150 1623 1199 dia’cesis,
1642 1149 1812 1204 publicus
1833 1163 1920 1190 auc-

278 1220 424 1260 toritate
446 1220 634 1274 imperiali
651 1221 832 1275 curia’quc
851 1221 1163 1276 archiepiscopalis
1188 1222 1480 1275 Rothomagensis
1508 1222 1674 1262 notarius
1697 1222 1863 1276 juratus,
1888 1226 1920 1261 et

277 1291 324 1331 ad
344 1291 511 1346 aliquam
537 1297 682 1347 partem
710 1299 891 1346 processus
915 1293 1081 1346 praedicti
1099 1298 1261 1341 vocatus,
1286 1293 1436 1348 affirmo
1452 1293 1679 1333 collationem
1710 1293 1921 1346 hujusmodi

273 1369 470 1418 processus,
495 1377 576 1403 cum
606 1364 758 1404 notariis
788 1371 900 1419 supra
934 1365 1090 1419 scriptis,
1104 1365 1195 1420 fieri
1220 1365 1350 1405 vidisse
1374 1370 1406 1405 et
1437 1365 1618 1406 audivisse
1637 1380 1721 1405 cum
1745 1365 1921 1420 originali

277 1435 427 1489 registro
449 1435 536 1474 dicti
557 1441 750 1490 processus,
780 1436 1063 1491 hujusmodique
1089 1437 1318 1476 collationem
1345 1437 1461 1477 debite
1481 1437 1622 1492 factam
1649 1437 1778 1491 fuisse.
1811 1438 1919 1487 Qua-

273 1511 436 1562 propter,
464 1521 546 1546 cum
570 1507 722 1547 notariis
748 1508 974 1561 hujusmodi,
1007 1509 1044 1547 in
1071 1508 1142 1562 ipso
1171 1509 1343 1562 prasenti
1366 1515 1528 1563 processu
1557 1523 1671 1548 nianu
1691 1509 1844 1563 propria
1865 1523 1920 1548 ine

275 1578 483 1632 subscripsi,
510 1579 702 1633 etsignum
723 1579 898 1618 manuale
919 1594 1041 1619 meum.
1067 1580 1122 1619 bic
1145 1580 1308 1635 apposui,
1336 1580 1543 1635 requisitus.
1621 1582 1672 1621 N.
1695 1580 1866 1626 TAQUEL
1886 1584 1916 1620 ⁸.

332 1764 360 1789 Ι.
378 1753 408 1787 C
427 1753 544 1799 ajoute
568 1753 833 1799 Rothomagensis
856 1753 1010 1788 dia’cesis.
1041 1775 1087 1779 —
1115 1765 1147 1789 2.
1168 1753 1199 1789 C
1221 1767 1227 1789 :
1246 1755 1552 1802 supranominatus.
1572 1775 1618 1780 —
1650 1765 1680 1800 3.
1705 1754 1735 1789 C
1755 1767 1766 1789 .·
1783 1754 1919 1789 ducenta

279 1820 388 1849 etsex.
409 1834 453 1839 —
473 1823 507 1856 4.
542 1813 572 1849 C
596 1814 715 1861 ajoute
748 1815 783 1848 in
812 1813 958 1860 singulis
976 1814 1090 1859 soliis.
1126 1833 1166 1840 -
1192 1825 1221 1858 5.
1243 1813 1273 1849 C
1291 1823 1389 1849 omet
1418 1814 1550 1849 duobus.
1576 1835 1622 1839 —
1645 1813 1678 1849 6.
1699 1814 1730 1849 C
1753 1815 1823 1872 {.E‘
1849 1826 1916 1860 ego.

281 1895 323 1898 —
343 1885 375 1919 7.
395 1873 423 1907 B
441 1886 451 1907 .·
469 1873 646 1919 ...affirmo
667 1872 839 1907 collationi
854 1879 1019 1920 processus
1039 1873 1209 1920 pradicti,
1229 1885 1300 1908 cum
1319 1875 1462 1908 notariis
1482 1880 1581 1920 supro
1606 1879 1634 1908 et
1661 1874 1754 1920 infra
1771 1875 1916 1921 scriptis,

274 1939 464 1980 pra’sentem
482 1934 595 1976 fuisse,
607 1935 711 1980 ipsam
730 1933 936 1968 collationem
955 1945 1028 1968 cum
1043 1933 1208 1979 originali
1230 1935 1371 1980 registro
1387 1934 1468 1968 dicti
1478 1940 1645 1980 processus
1668 1933 1769 1968 debite
1793 1934 1916 1979 factam

271 1995 389 2039 fuisse.
423 1994 633 2041 Quapropter
657 2005 729 2028 cum
767 1994 910 2028 notariis
938 1993 1128 2039 hujusmodi
1155 1994 1280 2041 inipso
1301 1995 1459 2041 prasenti
1472 2001 1621 2041 processu
1654 2005 1753 2028 manu
1779 1994 1918 2040 propria

281 2065 328 2087 me
358 2053 547 2100 subscripsi,
577 2058 605 2087 et
637 2054 772 2099 signum
799 2053 956 2087 manuale
980 2065 1087 2087 meum
1116 2053 1168 2087 hic
1196 2055 1343 2101 apposui,
1375 2054 1564 2100 requisitus.
1597 2053 1640 2088 G.
1665 2053 1841 2088 Manchon.
1873 2075 1919 2079 ——

280 2114 312 2147 8.
334 2112 385 2146 En
409 2112 469 2147 BC
482 2121 592 2148 traces
611 2113 672 2148 des
693 2114 784 2148 deux
809 2124 933 2147 sceaux
954 2124 998 2147 en
1017 2113 1085 2147 cire
1111 2124 1232 2159 rouge.

323 2172 354 2206 A
374 2172 449 2207 seul
466 2182 565 2219 porte
580 2172 801 2219 l'empreinte
816 2173 863 2208 du
882 2184 983 2207 sceau
996 2173 1038 2207 de
1053 2172 1211 2219 l'eveque
1227 2181 1261 2207 et
1275 2184 1322 2207 on
1337 2184 1360 2218 y
1378 2173 1416 2207 lit
1431 2184 1559 2207 encore
1576 2173 1625 2207 les
1645 2172 1762 2208 lettres
1783 2183 1917 2217 BELVA,

279 2243 358 2266 sans
378 2232 605 2267 l'attestation
623 2233 802 2267 suivante:
824 2232 934 2276 Etego
949 2231 1254 2274 vero,Guillermus
1267 2231 1374 2266 Colles
1391 2232 1474 2266 alias
1491 2232 1921 2279 Bosguillaume,presbyter

277 2291 541 2336 Rothomagensis
554 2291 690 2326 diocesis
697 2292 850 2338 publicus
869 2293 1066 2326 auctoritate
1082 2292 1256 2338 apostolica
1271 2296 1301 2325 et
1319 2293 1354 2325 in
1375 2291 1562 2326 venerabili
1586 2293 1683 2326 curia
1706 2292 1919 2339 archiepisco-

274 2351 347 2398 pali
368 2351 619 2397 Rothomagensi
638 2353 790 2386 notarius
806 2363 842 2386 ac
859 2353 894 2385 in
913 2352 1061 2398 presenti
1079 2362 1176 2385 causa
1200 2353 1270 2385 sive
1294 2352 1436 2385 materia
1456 2363 1528 2385 cuni
1549 2351 1629 2385 aliis
1651 2351 1759 2386 scriba
1767 2354 1918 2398 juratus,

279 2411 408 2456 affirmo
426 2411 632 2445 collacionem
641 2412 804 2457 presentis
818 2416 986 2457 processus
1003 2415 1131 2445 centum
1154 2416 1182 2444 et
1208 2411 1359 2444 undecim
1377 2411 1468 2456 solia
1494 2412 1694 2445 continentis
1716 2410 1819 2444 debite
1846 2422 1918 2446 cum

280 2472 418 2516 registro
443 2470 609 2516 originali
628 2470 741 2516 fuisse
758 2471 887 2516 factam
915 2475 944 2504 et
975 2470 1043 2504 ideo
1060 2474 1244 2516 presentem
1268 2476 1454 2516 processum
1483 2472 1518 2504 in
1541 2470 1686 2516 singulis
1701 2469 1787 2516 solis
1817 2481 1918 2504 manu

276 2531 413 2576 propria
433 2531 570 2576 signavi
587 2535 615 2564 et
641 2529 691 2565 hic
707 2541 782 2564 eum
798 2529 921 2564 duobus
940 2529 1020 2564 aliis
1037 2531 1178 2564 notariis
1199 2541 1249 2564 me
1270 2531 1431 2576 suscripsi
1448 2541 1551 2564 manu
1563 2531 1706 2577 propria
1724 2531 1760 2564 in
1777 2531 1919 2564 testimo-

283 2590 377 2623 nium
397 2590 652 2636 premissarum.
682 2590 988 2624 BOSGUILLAUME.

329 2648 375 2682 Et
389 2660 456 2693 ego,
477 2648 685 2683 Guillermus
704 2648 881 2691 Manchon,
896 2649 1063 2695 presbyter
1082 2648 1350 2694 Rothomagensis
1369 2648 1515 2691 diocesis,
1529 2649 1681 2695 publicus
1699 2649 1870 2695 apostolica
1891 2654 1919 2683 et

282 2708 450 2754 imperiali
465 2708 718 2742 auctoritatibus
735 2709 887 2754 carieque
905 2708 1188 2755 archiepiscopalis
1209 2707 1478 2754 Rothomagensis
1490 2710 1630 2754 juratus
1647 2709 1810 2751 notarius,
1830 2713 1859 2742 et
1883 2709 1919 2743 in

275 2769 422 2813 presenti
437 2779 532 2802 causa
547 2779 619 2802 cum
636 2769 780 2801 notariis
799 2774 900 2813 supra
918 2772 948 2801 et
970 2768 1062 2813 infra
1081 2768 1212 2814 scriptis
1229 2768 1346 2810 scriba,
1363 2768 1499 2813 affirmo
1513 2767 1696 2813 pred-ictam
1714 2768 1920 2801 collationem

281 2826 384 2860 debite
398 2838 460 2860 esse
470 2827 598 2872 factam
613 2838 685 2861 curn
706 2827 872 2872 originali
891 2828 1031 2872 registro
1052 2828 1156 2874 ipsius
1183 2838 1276 2862 cause
1295 2832 1325 2860 et
1353 2826 1421 2860 ideo
1440 2827 1516 2861 huic
1534 2828 1682 2873 presenti
1701 2833 1851 2873 processu
1870 2828 1920 2861 si-

275 2897 383 2930 gnum
398 2886 550 2920 manuale
567 2897 672 2920 meum
693 2898 767 2920 cum
790 2888 899 2932 signis
922 2890 952 2920 et
974 2887 1267 2934 subscriptionibus
1287 2885 1451 2921 dictorum
1473 2887 1685 2920 notariorum
1703 2888 1851 2933 apposui,
1873 2886 1922 2921 hic

276 2946 415 2991 propria
436 2956 538 2978 numu
552 2946 723 2992 suscripsi.
752 2945 797 2980 G.
825 2946 1037 2980 MANCHON.

327 3003 373 3037 Et
389 3015 456 3049 ego,
480 3004 639 3039 Nicotaus
658 3004 793 3051 Taquel,
804 3005 972 3051 presbyter
993 3004 1259 3050 Rotbomagensis
1275 3004 1420 3047 diocesis,
1435 3004 1592 3051 publicus
1609 3005 1808 3039 auctoritate
1823 3005 1924 3051 impe-

282 3062 365 3095 riali
388 3064 538 3108 carieque
553 3063 833 3110 archiepiscopalis
862 3063 1130 3109 Rothomagensis
1148 3063 1279 3099 diocesis
1299 3065 1452 3098 notarius
1465 3066 1616 3110 juratus,
1644 3068 1674 3098 et
1700 3063 1744 3098 ad
1768 3063 1919 3110 aliquam

275 3126 407 3168 partem
426 3121 508 3155 dicti
518 3127 685 3167 processus
700 3127 845 3164 vocatus,
864 3122 1001 3168 affirmo
1023 3123 1233 3158 collacionem
1252 3123 1441 3170 hujusmodi
1462 3129 1641 3170 processus,
1672 3134 1746 3157 eum
1779 3124 1924 3157 notariis

283 3180 510 3226 infrascriptis
518 3180 600 3225 fieri
619 3181 740 3215 vidisse
756 3186 786 3215 et
802 3181 968 3215 audi-visse
984 3193 1057 3216 cuin
1088 3182 1255 3226 originali
1272 3183 1415 3227 registro
1439 3181 1523 3216 dicti
1535 3188 1716 3229 processus,
1735 3181 1924 3228 huJusmodi

283 3238 487 3272 collationem
507 3239 606 3273 debite
614 3239 745 3284 factam
753 3240 874 3284 fuisse.
893 3240 988 3284 ‚Quia
1002 3245 1139 3287 propter
1166 3251 1241 3274 cum
1254 3232 1405 3274 ¹notariis
1437 3240 1626 3287 hujusmodi
1644 3245 1674 3274 et
1694 3242 1761 3287 ipso
1774 3242 1924 3287 presenti

279 3302 427 3342 processu
446 3309 546 3331 manu
550 3299 688 3344 propria
714 3310 762 3332 me
781 3299 962 3345 subscripsi
976 3304 1006 3334 et
1022 3300 1157 3344 signum
1177 3299 1333 3333 manuale
1351 3311 1456 3334 meum
1475 3299 1526 3334 hic
1543 3301 1692 3346 apposui,
1717 3301 1912 3346 requisitus.
