2099 3356
357 192 515 236 pRocizs
547 207 604 235 DE
636 206 990 236 CONDAMNArloN
1026 208 1081 236 DE
1113 208 1279 249 JEANNE
1312 193 1441 237 D'ARC
1630 206 1713 246 209

69 305 187 365 quod
213 318 357 350 totum
378 304 559 364 perdent
582 306 634 348 'in
663 306 838 349 Francia
856 314 884 349 ¹.
917 307 1023 350 Item
1059 305 1165 350 dixit
1186 305 1304 365 quod
1330 305 1550 349 habebunt
1577 308 1717 362 majo—

71 405 162 433 rem
190 388 479 447 perditionem
513 405 645 448 quam
672 405 868 448 unquam
898 388 1125 432 habuerint
1145 398 1156 414 ²
1194 391 1234 433 in
1262 391 1455 443 Francia;
1482 401 1522 432 et
1545 389 1625 431 erit
1647 403 1719 446 per

72 489 274 531 magnam
316 474 542 517 victoriam
586 489 716 530 quam
758 473 977 516 Dominus
1004 486 1149 517 noster
1171 474 1312 517 mittet
1337 472 1528 517 Gallicis.
1554 473 1606 515 Et
1631 471 1719 514 haec

71 558 148 601 scit
177 572 250 615 per
280 556 588 600 revelationem
618 555 697 599 sibi
724 556 906 610 factam3
929 569 969 599 et
999 555 1115 614 quod
1141 558 1356 614 praemissa
1389 557 1591 600 evenient
1622 567 1719 598 ante

71 641 373 698 septennium3
409 653 450 683 et
483 639 590 684 bene
624 638 775 684 dolens
811 651 919 684 esset
952 639 1069 699 quod
1107 653 1277 684 tantum
1321 639 1571 684 tardaretur.
1612 640 1719 682 Item

73 722 190 778 dicit,
214 737 260 767 ut
287 725 418 782 prius,
449 722 566 782 quod
596 723 678 767 hoc
717 725 795 767 scit
827 739 901 781 per
925 722 1252 777 revelationem,
1283 737 1323 767 et
1358 740 1482 782 aeque
1516 723 1623 766 bene
1645 723 1722 765 scit

71 808 182 852 sicut
213 807 331 867 quod
361 824 455 861 1103,
494 808 719 865 episcopus
755 807 1038 856 Belvacensis,
1077 823 1245 851 eramus
1287 822 1384 851 ante
1418 824 1527 858 eam,
1575 806 1723 864 gallice

73 890 257 935 dicendo
285 908 292 934 :
321 908 341 931 «
372 892 417 945 Je
445 891 476 934 le
499 907 588 950 scay
612 892 727 934 aussi
753 891 838 934 bien
872 907 1016 934 comme
1040 907 1136 934 vous
1157 900 1247 934 estes
1283 894 1332 934 ici
1356 899 1383 934 ³.
1420 911 1439 933 ))
1460 892 1724 948 Interrogata

73 991 162 1034 quo
182 991 299 1018 anno
325 992 332 1018 :
366 973 586 1033 respondit
613 991 621 1017 :
646 991 666 1014 «
689 973 846 1018 Adhuc
873 991 949 1018 vos
978 991 1067 1018 non
1096 974 1306 1018 habebitis
1334 975 1433 1029 hoc,
1469 974 1539 1019 sed
1568 974 1724 1018 vellem

76 1057 194 1117 quod
222 1058 303 1102 hoc
323 1070 432 1102 esset
455 1070 553 1102 ante
581 1057 740 1102 festum
765 1058 908 1102 Sancti
930 1058 1156 1114 Johannis.
1181 1075 1201 1098 »
1226 1059 1283 1102 Ea
1303 1058 1387 1111 die,
1411 1060 1670 1116 interrogata
1691 1059 1724 1101 si

79 1144 168 1200 ipsa
188 1141 343 1186 dixerit
365 1141 483 1200 quod
502 1141 616 1185 istud
650 1143 919 1199 contingeret
948 1142 1056 1186 infra
1086 1142 1245 1186 festum
1273 1144 1405 1186 sancti
1435 1144 1608 1186 Martini
1635 1143 1727 1185 hie-

80 1227 202 1271 malis
233 1243 240 1269 :
272 1225 493 1283 respondit
521 1224 639 1284 quod
671 1224 776 1269 dixit
799 1224 917 1284 quod
943 1226 1091 1270 multae
1126 1242 1189 1270 res
1218 1225 1482 1270 videbuntur
1508 1225 1616 1269 infra
1643 1225 1728 1269 fes-

78 1325 171 1356 tum
195 1311 328 1354 sancti
357 1310 558 1363 Martini3
588 1322 629 1353 et
655 1321 792 1367 potest
822 1325 911 1354 esse
939 1309 1059 1369 quod
1090 1323 1219 1354 erunt
1260 1310 1429 1368 Anglici
1467 1312 1540 1368 qui
1582 1322 1725 1363 ruent,

78 1397 166 1439 sive
195 1406 521 1452 prosternentur
539 1409 613 1452 per
626 1405 800 1437 terram.
821 1394 1086 1453 Interrogata
1109 1393 1215 1452 quid
1227 1393 1380 1438 dixerit
1402 1394 1590 1449 Johanni
1612 1395 1725 1447 Gris,

77 1476 245 1523 custodi
281 1494 379 1531 suo,
420 1479 462 1520 in
491 1493 672 1531 carcere,
708 1476 760 1521 de
791 1477 866 1521 illo
897 1476 1006 1522 festo
1043 1479 1176 1522 sancti
1212 1479 1388 1521 Martini
1418 1491 1426 1521 :
1471 1476 1725 1535 respondit:

82 1580 102 1603 «
127 1563 216 1620 Ego
243 1560 330 1605 dixi
352 1560 489 1605 vobis.
526 1578 544 1600 »
575 1562 840 1619 Interrogata
862 1577 936 1618 per
962 1578 1095 1620 quem
1120 1562 1197 1605 scit
1221 1561 1339 1605 illam
1358 1577 1448 1604 rem
1472 1574 1725 1605 venturam:

80 1645 302 1704 respondit
329 1644 446 1704 quod
483 1660 555 1703 per
584 1658 747 1689 sanctas
781 1645 1064 1689 Katharinam
1093 1658 1134 1689 et
1165 1647 1467 1704 Margaretam.
1500 1647 1622 1695 Item,
1660 1644 1728 1688 die

80 1731 206 1789 jovis,
229 1730 366 1788 prima
388 1730 545 1782 martii,
576 1730 834 1786 interrogata
855 1728 1000 1787 qualia
1019 1731 1229 1788 promissa
1254 1743 1411 1774 sanctae
1438 1730 1670 1773 Katharina
1692 1744 1733 1772 et

82 1815 321 1871 Margareta
342 1812 535 1856 fecerunt
568 1812 647 1856 sibi
679 1829 686 1855 :
713 1812 959 1870 respondit:
994 1830 1014 1853 «
1042 1814 1137 1857 Hoc
1154 1829 1243 1857 non
1268 1827 1330 1857 est
1352 1830 1401 1857 ex
1423 1829 1620 1872 processu
1638 1829 1731 1856 ves-

81 1910 165 1952 tro,
182 1913 231 1941 ex
259 1910 366 1940 toto.
403 1916 421 1934 »
452 1897 517 1940 De
539 1896 753 1954 aliquibus
781 1895 906 1940 rebus
924 1896 1126 1941 dixerunt
1145 1896 1224 1940 sibi
1249 1896 1366 1956 quod
1388 1913 1461 1940 rex
1486 1913 1588 1941 suus
1615 1898 1731 1940 resti-

81 1994 274 2026 tueretur
296 1981 339 2023 in
365 1996 549 2038 regnum
571 1995 715 2034 suum,
753 1980 888 2024 velint
922 1979 1149 2024 adversarii
1183 1982 1250 2025 sui
1286 1994 1360 2025 aut
1391 1997 1496 2025 non.
1533 1982 1658 2034 Item,
1686 1996 1734 2023 ea

82 2064 165 2118 die,
189 2063 296 2109 dixit
322 2062 440 2122 quod
464 2063 572 2107 bene
595 2064 673 2107 scit
700 2063 817 2122 quod
847 2079 918 2107 rex
942 2080 1046 2107 suus
1074 2064 1307 2109 lucrabitur
1334 2081 1519 2123 regnum
1543 2063 1732 2122 [suum];

81 2162 123 2193 et
141 2148 260 2207 quod
285 2163 409 2206 aeque
434 2146 542 2191 bene
562 2148 655 2201 scit,
684 2149 796 2191 sicut
817 2148 895 2191 scit
925 2164 1004 2192 nos
1031 2148 1115 2192 illic
1138 2164 1244 2192 esse.

144 2231 329 2285 Sabbati,
354 2233 475 2275 tertia
499 2232 657 2282 martii,
686 2233 944 2289 interrogata
974 2233 1008 2275 si
1035 2248 1162 2276 voces
1200 2247 1286 2275 suae
1323 2232 1526 2276 dixerunt
1553 2231 1631 2275 sibi
1658 2232 1737 2275 ali-

85 2314 189 2374 quid
216 2317 259 2359 in
286 2315 473 2373 generali
493 2314 545 2359 de
561 2317 762 2359 evasione
786 2332 860 2359 sua
885 2328 926 2359 et
953 2315 1206 2359 liberatione
1238 2333 1246 2359 :
1274 2316 1496 2374 respondit
1520 2315 1638 2374 quod
1660 2317 1735 2368 sic,

91 2417 110 2440 «
142 2400 265 2452 Vere,
294 2399 495 2443 dixerunt
520 2399 627 2442 mihi
656 2398 775 2457 quod
799 2415 880 2457 ego
904 2399 1140 2453 liberabor;
1176 2400 1248 2443 sed
1285 2402 1428 2444 nescio
1450 2400 1565 2444 diem
1596 2416 1736 2458 neque

89 2483 241 2527 horam
260 2501 270 2536 3
286 2496 327 2526 et
345 2482 463 2541 quod
487 2499 567 2541 ego
594 2482 747 2527 faciam
775 2482 975 2527 audacter
994 2483 1167 2527 vultum
1196 2484 1379 2527 bonum.
1408 2501 1427 2523 ›>

151 2567 232 2610 Die
259 2565 436 2619 sabbati,
463 2581 504 2610 x,
535 2567 696 2620 martii,
720 2568 979 2624 interrogata
1016 2568 1049 2610 si
1074 2567 1172 2610 fecit
1193 2569 1360 2611 exitum
1386 2567 1438 2611 de
1462 2567 1738 2625 Compendio

92 2649 144 2694 de
171 2663 384 2708 praecepto
417 2665 576 2694 vocum
616 2666 826 2694 suarum:
869 2650 1089 2709 respondit
1124 2650 1260 2709 quod,
1298 2653 1537 2709 septimana
1568 2651 1739 2694 Paschae

92 2733 250 2778 ultimo
275 2734 405 2791 lapsa,
435 2735 522 2791 ipsa
550 2735 781 2778 exsistente
811 2750 936 2793 supra
963 2734 1117 2778 fossata
1141 2734 1380 2785 Meleduni,
1411 2735 1494 2779 fuit
1514 2736 1553 2778 ei
1574 2734 1737 2779 dictum

94 2833 167 2874 per
188 2832 313 2860 voces
337 2830 579 2861 sanctarum
605 2817 852 2861 Katharinae
879 2831 920 2861 et
945 2819 1209 2876 Margaretae‚
1239 2818 1357 2877 quod
1395 2831 1614 2877 caperetur
1643 2831 1741 2862 ante

93 2898 252 2944 festum
279 2901 419 2944 Sancti
440 2901 668 2956 Johannis‚
699 2913 738 2944 et
760 2901 878 2959 quod
899 2901 1123 2960 oportebat
1147 2904 1203 2945 sic
1228 2902 1345 2956 fieri;
1377 2919 1454 2946 nec
1479 2902 1530 2946 de
1554 2903 1633 2946 hoc
1649 2915 1742 2945 stu-

150 3113 178 3135 1.
201 3101 318 3137 ABC:
333 3102 525 3136 Franciam.
547 3123 594 3128 —
615 3113 649 3137 2.
674 3103 729 3138 C:
751 3102 947 3138 habuerunt.
978 3125 1021 3128 —
1044 3115 1073 3144 ς.
1100 3104 1132 3137 Α
1157 3116 1166 3137 .·
1188 3105 1247 3146 icy.

227 3167 351 3197 Pnocsts
376 3178 415 3197 DE
438 3169 562 3207 Jl-,ANNE
588 3169 702 3197 1›'Aac.
1606 3180 1642 3207 14
