2099 3356
374 178 531 222 PRocizs
564 193 620 221 DE
651 193 1000 223 CONDAMNA'HON
1035 193 1091 222 DE
1121 193 1286 234 JEANNE
1320 177 1448 222 D'ARC
1653 192 1735 235 397

93 307 301 336 coronam
323 289 537 335 deferebat
559 291 620 334 illi
637 307 768 350 quem
782 291 885 335 dicit
902 308 1043 349 regem
1067 307 1213 344 suum,
1242 307 1343 335 cum
1370 291 1461 334 aliis
1483 290 1630 334 multis
1651 291 1695 334 in
1722 299 1732 316 ¹

95 391 293 434 processu
315 374 478 418 diutius
505 376 679 419 narratis
701 392 712 428 3
737 388 1032 419 verumtamen
1055 388 1224 433 sponte,
1252 390 1340 418 non
1361 387 1519 428 coacta,
1550 373 1656 418 dixit
1699 387 1741 418 et

96 457 288 504 confessa
309 457 391 502 fuit
408 457 544 517 quod,
573 457 785 516 quidquid
814 458 986 503 dixisset
1012 471 1052 502 et
1077 475 1119 503 se
1148 460 1339 516 jactasset
1359 458 1410 502 de
1431 457 1546 503 dicto
1563 458 1735 516 angelo,

96 542 242 588 nullus
274 554 419 586 tamen
445 541 584 586 fuerat
607 542 784 600 angelus
810 544 884 600 qui
913 541 1069 585 dictam
1095 558 1300 586 coronam
1324 555 1586 601 apportasset
1608 560 1619 596 3
1649 543 1739 588 imo

98 628 278 686 ipsamet
300 625 500 682 Johanna
518 624 656 668 fuerat
678 625 853 683 angelus
879 641 975 683 quae
995 625 1134 669 eidem
1163 642 1294 684 quem
1314 625 1416 670 dicit
1442 642 1584 684 regem
1611 643 1740 670 suurn

97 709 260 754 dixerat
284 723 325 754 et
349 710 604 768 promiserat
637 707 772 767 quod,
792 710 824 751 si
862 725 956 752 eam
983 711 1159 767 poneret
1194 710 1237 752 in
1272 726 1394 766 opuS‚
1420 711 1562 768 ipsum
1586 710 1738 754 faceret

98 810 304 838 coronare
320 795 468 838 Remis
487 809 498 846 ;
519 808 598 836 nec
619 791 754 836 fuerat
769 792 849 835 alia
868 808 1028 836 corona
1052 809 1102 836 ex
1125 805 1240 850 parte
1258 794 1335 836 Dei
1364 795 1506 847 missa,
1527 793 1740 852 quidquid

99 879 189 937 ipsa
211 877 386 922 dixisset
419 889 461 920 et
480 876 741 927 asseruisset,
773 877 816 919 in
851 874 1110 919 deductione
1143 875 1244 920 dicti
1285 891 1519 934 processus,
1558 876 1610 921 de
1637 876 1747 921 dicta

104 977 267 1006 corona
294 973 368 1005 aut
394 962 521 1019 signo
544 959 646 1004 dato
669 959 730 1003 illi
748 976 879 1018 quem
900 959 1004 1003 dixit
1024 969 1037 985 2
1064 976 1208 1018 regern
1236 976 1381 1004 suum.

161 1086 427 1132 Venerabilis
443 1099 484 1130 et
510 1085 714 1130 discretus
736 1086 814 1137 vir,
830 1087 1049 1143 .magister
1071 1087 1221 1129 Petrus
1247 1086 1459 1139 Mauricii,
1483 1102 1607 1130 sacrat¹
1630 1088 1750 1132 theo-

104 1171 229 1230 logia:
246 1170 476 1229 professor,
493 1171 727 1214 canonicus
752 1168 1133 1227 Rotliomagensis,
1154 1169 1296 1212 'aetatis
1315 1184 1481 1213 xxxviii
1504 1178 1514 1201 ³
1532 1187 1749 1215 annorum

106 1255 173 1298 vel
231 1256 356 1308 circa,
423 1254 542 1298 testis
602 1251 853 1310 productus,
904 1265 1113 1311 receptus,
1167 1254 1330 1309 juratus
1395 1267 1434 1297 et
1485 1255 1753 1298 examinatus

106 1338 218 1383 dicta
253 1337 337 1392 die,
363 1337 543 1396 deponit
573 1335 708 1395 quod,
737 1335 806 1380 die
836 1352 921 1394 qua
950 1335 1031 1379 fuit
1057 1337 1270 1380 sententia
1300 1336 1383 1380 lata
1414 1351 1561 1381 contra
1595 1337 1753 1382 dictam

107 1422 370 1480 Johannam,
396 1423 484 1480 ipsa
498 1421 696 1476 Johanna
717 1419 858 1464 adhuc
878 1421 1085 1463 exsistens
1102 1421 1146 1463 in
1171 1420 1421 1475 carceribus,
1443 1422 1530 1479 ipse
1552 1422 1753 1481 loquens,

113 1508 188 1566 qui
210 1506 262 1550 de
284 1521 411 1550 mane
435 1504 486 1549 ad
514 1521 626 1556 eam,
663 1520 787 1548 causa
814 1502 1071 1547 exhortandi
1100 1504 1235 1561 ipsam
1264 1520 1339 1562 pro
1372 1505 1507 1549 salute
1539 1506 1695 1549 animae
1722 1515 1756 1560 4,

115 1602 361 1641 accesserat,
382 1590 547 1633 audivit
581 1587 717 1648 quod,
748 1589 884 1645 ipsam
921 1589 979 1631 sic
1013 1587 1281 1632 exhortando
1324 1602 1364 1632 et
1385 1588 1572 1646 petendo
1596 1588 1646 1634 ab
1670 1591 1759 1648 ipsa

112 1673 218 1733 quid
244 1686 352 1718 esset
391 1673 442 1717 de
466 1672 583 1717 dicto
625 1672 794 1730 angelo,
839 1687 971 1730 quem
998 1670 1159 1714 dixerat
1195 1685 1439 1729 apportasse
1459 1688 1666 1717 coronam
1698 1673 1759 1717 illi

113 1775 247 1817 quem
263 1757 366 1802 dicit
398 1773 544 1815 regem
567 1771 714 1806 suum,
735 1755 785 1799 de
814 1771 902 1813 quo
929 1754 1055 1798 fiebat
1080 1756 1247 1799 mentio
1270 1756 1313 1799 in
1327 1771 1542 1814 processu,
1569 1758 1659 1815 ipsa
1676 1772 1759 1801 res-

115 1841 269 1901 pondit
288 1840 409 1900 quod
422 1842 603 1899 ipsamet
625 1852 713 1883 erat
730 1839 799 1883 ille
822 1838 1015 1896 angelus.

174 1927 439 1983 Interrogata
480 1923 532 1968 de
556 1939 716 1968 corona
755 1938 886 1981 quam
907 1922 985 1966 sibi
1015 1922 1305 1980 promittebat,
1339 1936 1379 1967 et
1401 1922 1452 1967 de
1481 1924 1762 1969 multitudine

117 2009 387 2068 angelorum,
414 2009 489 2068 qui
509 2007 776 2052 associabant
793 2022 903 2059 eam,
927 2019 1007 2049 etc.
1040 2023 1048 2048 ε
1072 2005 1294 2064 respondit
1320 2006 1437 2064 quod
1465 2008 1539 2060 sic,
1563 2020 1605 2052 et
1634 2024 1764 2066 appa—

120 2093 269 2138 rebant
292 2092 371 2137 sibi
395 2092 475 2136 sub
500 2092 638 2149 specie
667 2099 675 2123 ³
707 2089 994 2149 quarumdam
1022 2105 1166 2133 rerum
1195 2091 1493 2133 minimarum.

176 2179 441 2234 Interrogata
455 2175 644 2219 finaliter
666 2190 740 2232 per
756 2175 1013 2232 loquentem
1031 2186 1180 2217 utrum
1196 2173 1266 2216 illa
1278 2175 1488 2232 apparitio
1510 2188 1596 2219 erat
1612 2175 1732 2219 realis
1754 2192 1762 2218 :

119 2259 406 2320 respondebat
426 2259 544 2319 quod
559 2261 671 2303 sicet
695 2257 814 2317 quod
827 2258 994 2301 realiter
1016 2257 1273 2315 apparebant
1288 2257 1384 2310 sibi,
1404 2259 1492 2301 sive
1508 2272 1648 2303 essent
1664 2258 1768 2303 boni

120 2347 309 2404 spiritus,
335 2346 422 2388 sive
445 2343 564 2396 mali,
591 2341 776 2386 dicendo
804 2343 861 2384 sic
884 2343 928 2384 in
953 2341 1106 2399 gallico
1134 2358 1141 2384 :
1176 2357 1195 2380 «
1223 2342 1355 2385 Solent
1378 2341 1484 2395 bons,
1509 2344 1629 2386 soient
1652 2358 1766 2386 mau-

125 2431 210 2474 vais
226 2428 399 2487 esperils,
429 2427 486 2485 il<
505 2444 564 2471 me
583 2435 872 2485 sontappartw.
902 2443 920 2463 »
943 2424 1119 2468 Dicebat
1146 2426 1276 2468 etiam
1297 2423 1409 2468 dicta
1432 2425 1629 2480 Johanna
1649 2426 1765 2485 quod

125 2512 344 2558 audiverat
376 2528 518 2567 voces,
557 2511 744 2554 maxime
770 2510 873 2553 hora
900 2509 1203 2565 Completorii,
1231 2507 1407 2566 quando
1433 2524 1652 2568 campanae
1676 2510 1770 2569 pul-

112 2610 308 2658 ⁴santur3
337 2609 378 2640 et
401 2597 532 2640 etiam
569 2594 620 2639 de
655 2609 799 2647 mane,
827 2591 932 2636 dum
965 2592 1190 2650 pulsantur
1221 2607 1453 2648 campanae.
1490 2593 1539 2636 Et
1565 2592 1671 2637 dum
1700 2610 1772 2652 per

129 2681 379 2740 loquentem
397 2679 608 2723 diceretur
621 2677 740 2736 quod
756 2677 863 2720 bene
882 2675 1107 2734 apparebat
1122 2674 1238 2733 quod
1257 2688 1377 2718 erant
1390 2676 1566 2734 maligni
1582 2678 1772 2735 spiritus,

129 2766 204 2823 qui
235 2763 376 2808 eidem
407 2763 693 2822 promiserant
718 2759 1040 2818 expeditionem
1075 2774 1216 2811 suam,
1247 2770 1288 2801 et
1321 2758 1440 2816 quod
1465 2773 1551 2804 erat
1583 2760 1773 2820 decepta,

133 2850 220 2907 ipsa
251 2848 452 2904 Jobanna
478 2846 528 2890 ad
560 2847 641 2890 hoc
666 2845 774 2888 dixit
800 2858 838 2888 et
865 2842 1087 2901 respondit
1115 2842 1233 2901 quod
1257 2859 1409 2887 verum
1435 2857 1521 2888 erat
1541 2844 1660 2904 quod
1688 2848 1776 2903 ipsa

192 3044 220 3067 1.
242 3033 272 3067 Α
290 3033 407 3079 ajoute
429 3032 527 3066 disto.
551 3053 595 3056 -—
619 3041 648 3064 2.
671 3029 736 3063 AC
761 3041 770 3062 .·
797 3029 892 3062 dicit.
917 3048 960 3052 -—-
988 3038 1015 3071 3.
1042 3028 1068 3060 B
1090 3040 1100 3060 .·
1130 3027 1301 3061 XXVIII.
1321 3049 1361 3052 —
1385 3040 1418 3071 4.
1434 3028 1502 3064 AC
1521 3029 1679 3075 ajoutent
1699 3042 1776 3065 sugg,

142 3114 183 3117 —
204 3104 234 3137 ς.
256 3092 322 3127 AC
343 3104 352 3126 ;
370 3092 540 3138 speciebus.
