2099 3356
369 216 526 260 PRocizs
560 229 616 259 DE
649 228 998 259 CONDAMNArioN
1033 228 1089 257 DE
1120 227 1284 268 JEANNE
1318 211 1446 256 D'ARc
1645 222 1726 265 275

886 381 945 424 VI

149 525 170 549 «
217 509 342 558 ITEM,
386 506 622 551 confitetur
648 519 688 550 et
723 507 870 551 asserit
915 505 1025 549 dicta
1075 504 1256 548 foemina
1300 503 1418 562 quod
1453 505 1542 562 ipsa
1577 502 1732 546 multas

20 624 23 627 r
87 592 247 636 litteras
273 590 399 635 scribi
425 590 526 635 fecit
551 591 595 633 in
626 605 810 654 quarum
849 588 1027 647 quidem
1073 586 1200 647 [aliis]
1238 587 1329 631 haec
1363 587 1542 631 nomina
1574 587 1734 642 JHEsus

89 677 370 729 MAR1A,cum
393 675 518 732 signo
546 675 696 727 crucis,
712 672 1062 731 apponebantur3
1082 684 1123 715 et
1142 672 1402 729 aliquotiens
1414 685 1582 714 crucem
1603 684 1734 727 appo-

89 758 230 813 nebat,
252 770 295 802 et
308 769 414 803 tunc
434 756 608 801 nolebat
625 764 634 782 ¹
659 755 778 815 quod
803 755 922 800 fieret
943 754 1049 799 illud
1074 754 1193 814 quod
1208 754 1299 798 fieri
1322 753 1553 799 mandabat
1579 754 1623 796 in
1648 753 1734 797 suis

89 843 257 886 litteris.
287 842 335 885 In
364 842 457 885 aliis
493 856 596 885 vero
629 839 755 884 scribi
804 839 902 883 fecit
946 839 1065 898 quod
1116 840 1204 897 ipsa
1245 837 1425 882 interfici
1464 837 1616 881 faceret
1661 852 1734 880 eos

89 927 161 986 qui
190 940 281 970 non
306 924 532 969 obedirent
578 924 729 968 litteris
771 936 845 967 aut
889 922 1209 967 monitionibus
1249 924 1352 976 suis,
1393 934 1434 966 et
1481 919 1599 979 quod
1634 918 1734 963 «ad

89 1011 197 1054 ictus
226 1010 482 1068 percipietur
504 1009 601 1066 quis
651 1006 804 1051 habeat
850 1008 991 1065 potius
1026 1007 1091 1063 jus
1130 1022 1152 1050 a
1193 1007 1287 1050 Deo
1320 1004 1420 1049 coeli
1446 1013 1459 1030 ²
1486 1021 1524 1047 >).
1565 1004 1617 1048 Et
1649 1003 1737 1047 fre-

90 1106 271 1153 quenter
297 1092 400 1137 dicit
426 1091 546 1151 quod
574 1093 663 1150 ipsa
700 1091 807 1135 nihil
843 1089 959 1142 fecit,
992 1091 1072 1134 nisi
1102 1106 1174 1147 per
1211 1089 1520 1133 revelationem
1541 1100 1582 1131 et
1610 1104 1736 1131 man-

90 1183 240 1229 datum
267 1183 364 1228 Dei.
397 1200 418 1224 ))

891 1330 965 1374 VII

153 1489 173 1512 «
207 1473 334 1525 ITEM,
353 1470 463 1514 dicta
494 1469 660 1513 fomina
687 1468 790 1513 dicit
811 1481 851 1512 et
878 1467 1112 1512 confitetur
1146 1466 1280 1526 quod,
1317 1466 1422 1510 dum
1463 1479 1573 1510 esset
1603 1466 1739 1509 aetatis

91 1571 309 1600 annorum
363 1555 487 1598 XVII
518 1553 586 1597 vel
621 1554 798 1607 eocirca,
825 1553 914 1610 ipsa
961 1563 1196 1610 spontanee
1237 1563 1279 1595 et
1315 1566 1388 1608 per
1410 1549 1738 1603 revelationem,
1780 1581 1787 1584 -

92 1651 219 1697 prout
246 1638 366 1692 dicit,
388 1638 559 1682 accessit
587 1635 640 1681 ad
665 1634 900 1696 quemdam
927 1634 1180 1680 scutiferum
1215 1649 1347 1693 quem
1385 1649 1613 1692 nunquam
1641 1644 1739 1676 ante

92 1722 272 1776 viderat,
304 1720 593 1781 relinquendo
631 1733 852 1779 paternam
887 1718 1071 1763 domum
1111 1730 1258 1763 contra
1292 1730 1518 1776 parentum
1554 1733 1736 1761 suorum

90 1807 383 1860 voluntatem3
413 1806 505 1864 qui,
534 1805 864 1863 quamprimum
886 1804 977 1862 ejus
999 1818 1212 1847 recessum
1235 1788 1739 1860 cognoverunt‚fue1·unt

91 1907 200 1950 pene
225 1889 447 1934 dementes
473 1889 570 1933 facti
599 1897 626 1932 ³.
677 1890 826 1942 Quem
867 1886 1045 1946 quidem
1073 1885 1325 1931 scutiferum
1356 1885 1466 1930 dicta
1515 1885 1696 1928 foemina
1724 1893 1739 1916 4

91 1976 312 2035 requisivit
339 1987 553 2032 quatenus
569 1988 667 2017 eam
692 1971 866 2017 duceret
893 1983 967 2016 aut
991 1970 1090 2015 duci
1117 1969 1270 2014 faceret
1299 1967 1349 2014 ad
1397 1969 1652 2026 principem,
1688 1967 1739 2012 de

93 2075 182 2118 quo
227 2059 345 2117 prius
382 2055 617 2101 dicebatur.
665 2057 716 2099 Et
749 2068 854 2100 tunc
890 2054 1032 2099 dictus
1067 2055 1266 2111 armiger,
1308 2054 1570 2112 capitaneus,
1618 2050 1739 2096 dictae

89 2142 283 2187 foeminae
307 2140 481 2185 tradidit
506 2140 706 2184 habitum
746 2141 825 2183 viri
853 2155 954 2183 cum
1001 2155 1090 2183 uno
1115 2154 1231 2187 ense,
1261 2136 1312 2181 ad
1337 2149 1581 2195 requestam
1606 2137 1737 2194 ipsius

90 2226 311 2279 foeminae3
340 2238 382 2269 et
415 2240 492 2283 pro
524 2222 814 2269 conducendo
848 2238 943 2267 eam
984 2221 1206 2280 deputavit
1255 2234 1295 2264 et
1346 2219 1561 2264 ordinavit
1599 2236 1739 2263 unum

93 2309 294 2365 militem,
320 2325 462 2353 unum
479 2307 733 2352 scutiferum
760 2320 800 2351 et
840 2319 1029 2365 quatuor
1055 2305 1271 2358 famulos;
1302 2305 1376 2362 qui
1401 2303 1507 2347 dum
1523 2304 1741 2346 venissent

93 2394 144 2439 ad
171 2395 410 2452 principem
453 2390 741 2445 antedictum,
779 2390 890 2435 dicta
934 2387 1117 2434 foemina
1139 2388 1240 2432 dicit
1260 2386 1399 2431 eidem
1423 2387 1602 2445 principi
1624 2385 1742 2445 quod

92 2479 182 2537 ipsa
222 2477 391 2522 volebat
418 2476 573 2521 ducere
601 2491 799 2534 guerram
829 2486 977 2519 contra
1005 2472 1268 2518 adversarios
1292 2487 1408 2524 suos,
1444 2468 1743 2529 promittendo

92 2561 233 2606 eidem
258 2559 377 2620 quod
399 2562 543 2619 ipsum
567 2571 748 2618 poneret
789 2559 833 2602 in
881 2573 1040 2615 magno
1083 2554 1296 2608 dominio,
1328 2568 1369 2598 et
1410 2569 1512 2599 suos
1537 2553 1736 2597 inimicos

94 2657 323 2704 superaret,
352 2656 393 2688 et
425 2642 543 2702 quod
567 2641 618 2686 ad
646 2642 728 2686 hoc
770 2655 857 2686 erat
896 2642 1022 2685 missa
1058 2656 1079 2683 a
1127 2638 1224 2683 Deo
1261 2637 1389 2692 coeli;
1436 2637 1581 2682 dicens
1626 2636 1743 2695 quod

94 2729 138 2772 in
167 2728 394 2788 praemissis
417 2725 525 2770 bene
547 2724 662 2777 fecit,
679 2721 731 2768 de
757 2720 963 2766 mandato
986 2721 1066 2765 Dei
1083 2734 1124 2765 et
1148 2738 1221 2780 per
1243 2720 1569 2766 revelationem.
1601 2740 1621 2763 »

145 2889 173 2912 1.
195 2876 299 2924 Super
317 2876 433 2922 quinto
460 2879 534 2908 ante
566 2888 582 2905 «
607 2873 651 2906 Et
673 2877 750 2906 tnnc
773 2871 910 2913 nolebat,
933 2876 991 2905 είς.
1024 2883 1041 2903 >>
1069 2870 1155 2905 debet
1184 2869 1262 2904 addi
1285 2883 1294 2907 ,·
1326 2883 1343 2901 «
1366 2870 1409 2904 Et
1429 2870 1627 2916 aliquotiens
1646 2876 1743 2917 appo-

97 2937 189 2971 nebat
210 2939 266 2980 ἧι,
287 2941 315 2970 et
336 2939 469 2969 tantum
489 2938 561 2967 erat
577 2934 715 2978 signum
741 2930 824 2977 quod
844 2931 899 2964 illi
927 2930 965 2964 de
991 2935 1087 2977 parte
1115 2941 1173 2964 stat
1194 2930 1311 2976 quibas
1342 2931 1499 2964 scrihebat
1516 2942 1578 2964 non
1592 2930 1745 2975 fenerent

96 3006 149 3031 sen
174 2995 391 3042 adimplerent
411 3005 446 3028 ea
475 3004 546 3039 qua:
567 2992 740 3028 scribebat,
767 3005 784 3023 »
813 3010 856 3016 —-
885 3000 918 3024 2.
948 2990 1167 3024 Traduction
1202 2990 1307 3024 latine
1335 2990 1419 3024 d'uu
1453 3001 1595 3036 passage
1629 2990 1671 3023 dc
1714 2989 1744 3023 la

97 3055 197 3090 lettre
218 3056 260 3090 de
281 3055 415 3100 Jeanne
435 3065 502 3088 aux
528 3052 691 3098 Anglais.
716 3071 760 3076 —-
797 3061 825 3095 3.
846 3050 950 3096 Super
970 3058 1071 3092 sexto,
1099 3049 1156 3084 uhi
1189 3049 1316 3084 dicem-1·
1338 3062 1347 3083 .·
1376 3065 1393 3079 «
1425 3049 1574 3083 [ian-unt
1593 3054 1746 3095 pazt-eules

92 3121 184 3160 paene
202 3113 441 3155 dementes,etc.
458 3112 682 3157 »corrigatur
701 3114 732 3144 et
752 3113 902 3156 ponatur
917 3108 1001 3154 quod
1014 3107 1050 3142 cle
1062 3119 1182 3143 recessu
1203 3109 1516 3154 ejzcsmalccomenll
1526 3108 1684 3153 fuerunt.
1701 3129 1746 3134 -—

100 3183 134 3216 4.
156 3173 185 3208 C
207 3172 388 3217 ffohanmz.
