2099 3356
412 221 572 265 PRoci-:s
606 235 662 264 DE
695 235 1048 265 counAMNATION
1083 236 1138 265 DE
1170 237 1334 278 JEANNE
1368 223 1497 267 D’ARC
1717 240 1767 269 21

125 337 244 390 derds,
273 335 538 380 licentiatum
568 335 612 378 in
638 336 728 392 jure
755 335 965 379 canonico
985 352 996 389 ;
1014 334 1305 381 Guillelmum
1332 337 1513 391 Hait0n3
1542 338 1773 382 Nicolaum

124 420 391 479 Coppequesne
411 427 441 473 ¹,
472 417 734 462 bachalarios
762 419 807 462 in
841 417 1064 476 theologia
1080 436 1091 473 ;
1119 418 1367 475 Johannem
1389 419 1441 464 de
1459 420 1611 474 Fonte,
1641 421 1772 466 licen-

123 505 279 548 tiatum
307 503 351 546 in
384 504 476 560 jure
513 503 724 546 canonico
755 519 766 556 ;
814 514 856 545 et
905 501 1139 546 Nicolaum
1180 503 1406 562 Loyselleur
1431 512 1462 554 ²,
1510 506 1771 550 canonicum

122 587 311 632 ecclesiae
346 586 726 645 Rothomagensis.
766 585 928 630 Coram
977 586 1134 644 quibus
1179 588 1458 645 exposuimus
1497 604 1544 631 ea
1592 604 1690 647 quae
1726 591 1770 633 in

122 672 253 731 priori
278 671 467 715 sessione
494 669 602 713 facta
623 669 806 723 fuerant,
840 682 1031 727 petentes
1058 668 1108 713 ab
1143 669 1305 715 eisdem
1332 671 1582 722 consilium,
1619 671 1670 716 de
1703 673 1768 716 his

120 771 216 814 quae
235 754 435 813 deinceps
463 755 507 797 in
542 755 718 797 materia
746 769 821 812 per
847 769 926 797 nos
954 754 1154 798 inchoata
1180 753 1344 812 agenda
1372 754 1601 799 restabant.
1646 757 1767 801 Insu-

120 855 209 898 per,
265 839 364 896 ipsis
402 836 696 891 audientibus,
747 837 903 896 perlegi
946 837 1128 882 fecimus
1179 837 1509 882 informationes
1551 838 1677 884 factas
1718 842 1762 884 in

118 923 250 982 patria
271 922 449 979 originis
469 920 591 965 dictae
621 921 830 976 mulieris,
864 933 905 966 et
924 920 1041 976 alibi,
1063 924 1106 965 in
1129 921 1323 981 pluribus
1350 938 1395 966 ac
1438 921 1614 967 diversis
1641 923 1760 979 locis,

116 1022 203 1050 una
229 1022 330 1050 cum
353 1006 477 1049 certis
509 1004 851 1059 memorialibus,
880 1017 968 1049 tarn
995 1022 1124 1064 super
1156 1007 1373 1050 contentis
1401 1007 1444 1049 in
1478 1005 1600 1050 dictis
1631 1007 1764 1053 infor-

116 1087 383 1134 mationibus
404 1105 537 1148 quam
563 1105 691 1148 super
713 1088 819 1142 aliis,
841 1105 938 1148 quae
961 1089 1075 1133 fama
1091 1089 1260 1148 publica
1287 1089 1509 1144 referebat,
1538 1090 1759 1137 confectis.

115 1172 426 1231 Omnibusque
449 1174 551 1216 visis
572 1185 612 1216 et
636 1172 808 1226 auditis,
838 1172 1122 1218 deliberatum
1147 1173 1230 1218 fuit
1258 1190 1332 1233 per
1357 1174 1495 1220 dictos
1521 1177 1765 1221 assistentes

115 1256 232 1316 quod
248 1273 376 1316 super
401 1256 465 1300 his
493 1256 806 1302 conficerentur
832 1259 934 1301 certi
968 1258 1135 1302 articuli
1170 1259 1214 1302 in
1241 1259 1379 1303 forma
1415 1259 1571 1315 debita,
1607 1273 1655 1305 ut
1691 1275 1765 1320 pei·

115 1341 314 1386 ordinem
341 1354 383 1385 et
414 1342 548 1399 magis
574 1340 774 1385 distincte
803 1343 981 1385 materia
1007 1341 1240 1397 videretur,
1269 1357 1398 1402 atque
1435 1343 1635 1403 deinceps
1669 1360 1762 1389 cer-

114 1426 199 1470 tius
222 1424 445 1470 deliberari
470 1437 626 1483 posset,
653 1427 687 1469 si
702 1438 811 1470 esset
833 1427 1010 1470 materia
1033 1426 1250 1471 sufficiens
1269 1441 1441 1486 propter
1458 1445 1589 1488 quarn
1606 1429 1762 1488 aliquis

112 1511 156 1553 in
181 1525 352 1553 causam
373 1508 474 1553 fidei
502 1510 658 1554 merito
686 1511 806 1553 citari
831 1522 871 1554 et
899 1512 1064 1554 evocari
1094 1509 1281 1555 deberet.
1315 1513 1487 1572 Sicque‚
1522 1529 1572 1557 ex
1600 1522 1610 1547 3
1652 1529 1756 1571 prae-

109 1592 297 1638 fatorum
330 1594 625 1638 assistentium
652 1593 850 1648 consilio,
889 1594 1186 1639 conclusimus
1224 1595 1546 1654 procedendum
1576 1597 1666 1641 fore
1705 1596 1757 1641 ad

108 1676 466 1736 componendum
500 1679 613 1737 ipsos
643 1677 862 1732 articulos,
896 1677 948 1722 ad
980 1695 1172 1737 quorum
1212 1679 1535 1725 confectionem
1571 1680 1762 1740 deputa-¹

108 1763 252 1805 vimus
275 1774 415 1806 certos
453 1761 664 1806 notabiles
697 1763 831 1816 viros,
872 1764 1032 1821 injure
1071 1762 1222 1808 divino
1252 1776 1292 1808 et
1330 1764 1527 1809 humano
1555 1766 1751 1824 praeclare

107 1844 314 1900 eruditos,
355 1862 457 1890 cum
505 1845 714 1905 praedictis
756 1848 954 1891 notariis.
995 1848 1102 1901 Qui,
1152 1860 1310 1892 nostrae
1348 1847 1614 1893 ordinationi
1654 1865 1752 1893 cum

105 1929 329 1987 diligentia
353 1929 729 1989 obtemperantes,
761 1930 911 1975 diebus
939 1931 1187 1977 immediate
1220 1933 1517 1992 sequentibus,
1553 1932 1751 1978 videlicet

101 2013 339 2069 dominica,
367 2014 482 2060 lunae
515 2027 556 2060 et
583 2016 746 2069 martis,
782 2014 833 2059 ad
858 2016 1216 2075 componendum
1249 2016 1385 2062 dictos
1419 2018 1617 2062 articulos
1656 2034 1754 2077 pro-

106 2112 340 2143 CfiSSCl'Unt.

202 2315 302 2341 XXIII
326 2312 356 2341 4.
383 2315 584 2351 JANUARII.
613 2301 872 2357 [CONCLUSUM
901 2317 950 2342 DE
978 2317 1278 2345 INFORMATIONE
1308 2307 1652 2359 PRAEPARATORIA.}

160 2454 268 2497 Item
297 2453 366 2498 die
396 2455 557 2507 martis,
596 2469 719 2498 xxm.
757 2454 860 2498 dicti
889 2457 1049 2499 mensis
1086 2457 1284 2513 januarii,
1327 2470 1668 2516 comparuerunt
1701 2459 1745 2502 in

102 2536 212 2581 dicta
231 2536 365 2581 domo
382 2536 656 2582 habitationis
679 2551 836 2582 nostrae
858 2539 1020 2597 praefati
1041 2539 1265 2584 dominiet
1287 2542 1494 2598 magistri,
1523 2541 1747 2586 videlicet:

102 2619 312 2665 dominus
359 2620 570 2679 AEgidius,
624 2621 751 2666 abbas
796 2623 1154 2681 FiscampnensiS,
1207 2624 1413 2669 Nicolaus
1456 2624 1508 2669 de
1543 2626 1746 2679 Vendere's,

101 2704 363 2749 Guillelmus
390 2706 564 2760 Haiton,
600 2706 805 2751 Nicolaus
840 2708 1108 2767 Coppequesne
1135 2715 1165 2761 ἰ,
1200 2708 1420 2764 Johannes
1453 2708 1504 2753 de
1538 2711 1674 2753 Fonte
1708 2722 1749 2753 et

99 2788 304 2832 Nicolaus
330 2789 555 2848 Loyselleur
580 2800 612 2833 ⁰.
639 2785 799 2834 Cora’m
837 2790 994 2850 quibus
1022 2792 1181 2850 perlegi
1216 2792 1398 2836 fecimus
1435 2793 1653 2848 articulos,
1699 2809 1750 2837 ex

151 3025 180 3048 1.
201 3014 231 3049 C
251 3026 262 3049 .·
284 3014 541 3062 Couppequesne.
561 3037 605 3041 —
628 3026 661 3052 2.
687 3017 717 3052 C
738 3030 747 3051 .·
775 3017 956 3052 Loiselem‘.
977 3039 1020 3042 —
1046 3028 1075 3062 3.
1096 3019 1124 3052 B
1143 3023 1242 3053 omet
1261 3030 1310 3055 ex.
1328 3040 1375 3045 —
1389 3030 1423 3063 4.
1443 3019 1504 3054 BC
1518 3020 1679 3066 ajoutent
1700 3032 1744 3055 en

99 3084 219 3120 marge
247 3074 371 3109 Martis
393 3084 496 3109 avant
527 3075 557 3109 la
582 3076 674 3111 date.
708 3097 750 3101 —
786 3087 815 3120 5.
840 3077 870 3111 C
895 3090 904 3111 .·
926 3077 1183 3125 Couppequesne.
1213 3100 1260 3104 —
1289 3078 1322 3113 6.
1355 3079 1387 3113 A
1421 3092 1430 3113 :
1455 3079 1660 3117 Loiselleur:
1681 3081 1711 3115 C
1736 3092 1745 3114 :

100 3132 277 3168 Loiseleur.
