2099 3356
323 215 482 259 pnocsss
513 229 572 259 DE
602 229 956 260 CONDAMNA'rioN
990 232 1046 260 DE
1077 232 1240 274 JEANNE
1271 217 1402 261 D'ARC
1593 230 1676 273 259

97 327 394 387 *Interrogata
421 331 453 373 si
480 345 524 373 se
566 329 692 373 refert
717 338 725 356 ¹
754 330 948 374 Ecclesiae
988 331 1189 376 militanti
1232 331 1283 375 de
1327 332 1392 374 his
1418 346 1516 389 quae
1544 331 1641 374 fecit
1671 347 1679 373 :

36 407 256 467 respondit
281 425 289 453 :
312 424 332 448 (ε
364 410 547 454 Mittatis
575 411 683 454 mihi
707 411 926 465 clericum,
942 411 1101 456 sabbati
1123 413 1324 471 proximo
1350 419 1364 437 ²
1392 412 1614 466 venienti,
1641 423 1682 455 et

37 507 118 550 ego
143 491 268 537 vobis
293 492 393 537 inde
428 493 712 552 respondebo.
744 511 764 534 »
1105 483 1107 485 ,

97 577 223 630 Item,
250 578 373 634 jovis,
396 591 469 621 XV.
498 579 656 629 martii,
688 576 768 622 fuit
799 577 878 622 sibi
907 578 1168 623 declaratum
1211 579 1315 638 quid
1368 592 1455 623 erat
1503 578 1684 622 Ecclesia

37 660 313 718 triumphans
349 673 389 704 et
413 660 517 720 quid
554 674 640 705 erat
681 661 863 706 Ecclesia
903 663 1124 717 militans,
1168 676 1208 707 et
1242 664 1444 722 requisita
1471 661 1605 721 quod,
1633 660 1684 705 de

38 745 254 802 praesenti,
279 745 367 803 ipsa
395 743 669 788 submitteret
701 761 744 789 se
773 744 1126 791 determinationi
1151 747 1366 801 Ecclesiae,
1396 746 1448 790 de
1468 746 1548 791 hoc
1566 744 1685 804 quod

38 828 126 884 ipsa
150 827 247 872 fecit
272 842 311 872 et
333 829 455 882 dixit,
476 829 565 873 sive
594 828 676 873 hoc
704 830 756 872 sit
801 829 984 884 bonum,
1026 832 1114 874 sive
1162 831 1326 875 malum
1370 848 1377 874 :
1430 828 1651 889 respondit
1676 845 1684 871 :

42 929 63 952 «
91 912 180 969 Ego
223 928 311 956 non
370 911 641 970 respondebo
686 912 807 956 vobis
855 913 969 958 aliud
1012 913 1063 958 de
1100 916 1320 973 praesenti.
1362 931 1381 954 »
1408 940 1466 945 „-
1498 915 1562 967 Et,
1594 925 1690 971 post

40 996 307 1039 monitiones
333 994 413 1039 sibi
438 994 567 1039 factas
588 1009 630 1040 et
648 998 953 1055 requisitiones
981 997 1118 1056 quod,
1154 999 1186 1042 si
1212 998 1357 1042 fecerit
1380 997 1541 1056 aliquid
1569 996 1687 1056 quod

39 1079 94 1123 sit
120 1092 268 1124 contra
316 1079 447 1124 fidem
493 1092 703 1134 nostram,
747 1079 872 1124 debet
904 1097 962 1124 ⁴se
997 1081 1150 1126 referre
1187 1081 1237 1125 ad
1278 1081 1690 1126 determinationem

41 1163 237 1208 Ecclesiae
276 1181 284 1207 :
316 1163 542 1221 respondit
568 1163 686 1223 quod
715 1167 1018 1223 responsiones
1050 1160 1138 1210 suae
1183 1166 1409 1211 videantur
1447 1179 1488 1210 et
1531 1166 1692 1209 exami-

44 1260 204 1291 nentur
229 1263 303 1306 per
322 1248 513 1302 clericos,
541 1260 581 1292 et
604 1261 749 1306 postea
776 1248 894 1307 quod
917 1248 1081 1294 dicatur
1107 1248 1185 1293 sibi
1219 1251 1252 1292 si
1272 1251 1325 1293 sit
1360 1249 1523 1308 aliquid
1545 1261 1692 1293 contra

47 1331 177 1376 fidem
207 1331 500 1386 christianam,
530 1333 681 1390 etipsa
722 1332 829 1377 bene
856 1335 958 1376 sciet
997 1349 1070 1391 per
1113 1333 1345 1377 consilium
1388 1349 1516 1377 suum
1554 1332 1692 1376 dicere

43 1413 150 1475 quid
177 1415 278 1460 inde
302 1417 396 1466 erit,
427 1429 469 1460 et
503 1428 649 1475 postea
682 1415 794 1460 dicet
818 1416 923 1461 illud
951 1416 1070 1476 quod
1099 1419 1280 1476 reperiet
1302 1433 1375 1476 per
1397 1433 1528 1461 suum
1554 1418 1692 1460 consi-

48 1499 157 1544 lium
178 1517 189 1554 3
210 1513 252 1544 et
280 1512 442 1554 tamen,
470 1501 503 1543 si
519 1501 573 1544 sit
596 1500 760 1559 aliquid
784 1501 886 1544 mali
905 1513 1054 1545 contra
1083 1500 1214 1544 fidem
1243 1500 1523 1545 christianam
1560 1516 1691 1559 quam

46 1584 165 1629 Deus
190 1585 404 1643 praecepit,
429 1585 517 1643 ipsa
560 1599 649 1628 non
675 1585 802 1628 vellet
829 1586 1055 1639 sustinere,
1084 1598 1125 1628 et
1149 1597 1258 1629 esset
1282 1593 1291 1617 ³
1343 1584 1451 1629 bene
1490 1586 1594 1628 irata
1642 1583 1693 1628 de

45 1667 264 1712 veniendo
297 1684 372 1712 seu
409 1668 556 1713 eundo
598 1681 762 1713 contra.
800 1694 857 1700 —
906 1669 1032 1722 Item,
1060 1668 1226 1723 eadem,
1251 1670 1511 1726 interrogata
1557 1670 1607 1722 si,
1638 1667 1689 1712 de

48 1752 130 1796 hoc
153 1752 271 1811 quod
299 1751 407 1796 dixit
427 1765 467 1796 et
494 1752 610 1803 fecit,
640 1753 743 1797 velit
760 1769 803 1796 se
824 1752 1079 1797 submittere
1103 1765 1144 1796 et
1159 1752 1311 1796 referre
1341 1751 1694 1797 determinationi

46 1827 243 1880 Ecclesiae
280 1850 288 1879 ;
331 1836 553 1896 respondit
585 1854 592 1880 :
643 1856 662 1875 «
693 1837 861 1882 Omnia
900 1852 1029 1896 opera
1078 1852 1172 1880 mea
1214 1849 1256 1880 et
1282 1836 1385 1881 facta
1408 1853 1504 1880 mea
1527 1849 1630 1880 sunt
1652 1837 1695 1880 in

56 1935 188 1965 manu
218 1921 300 1964 Dei
323 1939 334 1976 3
358 1933 400 1965 et
424 1920 475 1964 de
498 1921 564 1964 his
587 1936 655 1965 me
685 1920 821 1965 refero
857 1920 908 1965 ad
936 1922 1095 1980 ipsum.
1143 1921 1194 1964 Et
1232 1920 1418 1965 certifico
1459 1937 1536 1964 vos
1578 1919 1695 1979 quod

47 2021 128 2063 ego
149 2021 239 2050 non
267 2005 423 2049 vellem
450 2004 613 2064 aliquid
640 2005 773 2049 facere
801 2005 867 2049 vel
891 2005 1032 2050 dicere
1051 2018 1199 2049 contra
1227 2005 1356 2049 fidem
1391 2004 1696 2059 christianam3

46 2101 86 2133 et
103 2089 138 2132 si
159 2104 239 2147 ego
262 2088 456 2133 fecissem
481 2089 546 2132 vel
575 2088 792 2143 dixissem,
804 2089 871 2133 vel
892 2088 1010 2148 quod
1027 2102 1135 2133 esset
1162 2105 1289 2148 supra
1314 2105 1399 2142 me,
1414 2087 1532 2148 quod
1558 2087 1697 2132 clerici

46 2174 203 2217 scirent
232 2172 370 2217 dicere
389 2173 507 2232 quod
536 2185 644 2217 esset
661 2186 809 2217 contra
835 2173 964 2217 fidem
993 2173 1284 2227 christianam,
1311 2188 1442 2232 quam
1478 2173 1697 2216 Dominus

50 2269 196 2301 noster
221 2256 442 2310 stabilivit,
466 2273 546 2315 ego
576 2274 663 2301 non
693 2258 848 2301 vellem
883 2259 1110 2310 sustinere,
1137 2255 1209 2301 sed
1231 2256 1339 2300 illud
1365 2256 1644 2314 expellerem.
1676 2272 1694 2293 >³

50 2365 110 2372 —
130 2341 180 2384 Et
227 2342 383 2385 iterum
409 2351 424 2374 ⁴
476 2342 736 2399 interrogata
775 2343 808 2385 si
851 2340 903 2385 de
934 2341 1016 2385 hoc
1041 2341 1228 2384 velletne
1273 2356 1316 2384 se
1348 2342 1481 2399 ipsam
1511 2340 1699 2384 submit-

50 2436 138 2468 tere
162 2424 517 2469 determinationi
564 2425 758 2469 Ecclesiae
786 2443 793 2469 :
827 2424 1047 2483 respondit
1088 2441 1096 2468 z
1141 2441 1161 2464 «
1190 2425 1278 2482 Ego
1307 2439 1395 2467 non
1428 2422 1698 2482 respondebo

56 2507 179 2553 vobis
200 2525 318 2553 nunc
345 2508 486 2561 aliud3
514 2508 602 2560 sed,
631 2509 808 2563 sabbati,
837 2510 1016 2552 mittatis
1039 2509 1147 2551 mihi
1174 2508 1392 2558 clericum,
1422 2509 1456 2551 si
1484 2523 1571 2551 non
1599 2507 1711 2551 veli—

54 2593 109 2637 tis
140 2594 303 2645 venire,
349 2605 391 2636 et
433 2592 485 2636 de
513 2593 595 2636 hoc
638 2608 719 2651 ego
746 2592 1017 2650 respondebo
1045 2591 1140 2646 sibi,
1188 2608 1287 2635 cum
1324 2591 1483 2636 auxilio
1511 2591 1594 2635 Dei
1620 2608 1631 2646 3
1660 2604 1701 2635 et

54 2689 242 2735 ponetur
262 2678 306 2720 in
334 2677 516 2735 scriptis.
550 2696 570 2719 »

106 2807 242 2855 *Ilem,
267 2809 519 2861 interroguee
538 2807 646 2847 s’elle
669 2809 749 2846 s'cn
777 2817 978 2860 raportera
1003 2807 1022 2845 21
1048 2806 1207 2860 l’Eglise
1230 2806 1416 2854 militant,
1440 2815 1561 2860 quant
1585 2806 1632 2845 ad
1657 2819 1700 2845 ce

59 2879 201 2933 qu'elle
226 2894 245 2918 a
275 2879 344 2918 fait
366 2894 373 2918 :
398 2879 568 2932 respond
604 2894 610 2918 :
642 2897 659 2915 α
685 2881 988 2932 Envoycs-moy
1015 2879 1049 2917 lc
1075 2879 1192 2925 clerc,
1218 2879 1365 2917 samedi
1392 2878 1631 2931 prouchain,
1669 2887 1705 2915 et

62 2951 96 3002 je
112 2964 210 2990 vous
236 2965 283 2990 en
312 2951 555 3004 respondray
583 2957 591 2981 ἱ
619 2968 653 2989 ».

111 3092 141 3116 1.
161 3083 193 3116 A
216 3095 226 3116 .·
246 3083 362 3128 reseret
382 3094 423 3117 se.
443 3103 490 3108 —
511 3092 545 3117 2.
571 3082 600 3117 C
625 3095 635 3116 :
647 3083 812 3129 proximi.
830 3103 873 3106 —
898 3092 926 3127 3.
950 3081 1018 3116 AC
1041 3094 1051 3115 .·
1067 3093 1142 3116 esse,
1163 3102 1210 3106 —
1226 3092 1260 3124 4.
1279 3081 1310 3115 A
1335 3094 1344 3115 .·
1362 3082 1509 3114 interitu.
1535 3102 1576 3105 —
1603 3091 1633 3124 5.
1662 3080 1704 3123 U,

61 3139 122 3176 fol.
147 3152 202 3188 29,
219 3152 271 3176 νο.
