2099 3356
326 182 404 224 186
587 180 746 223 pRocizs
779 195 836 223 DE
867 193 1219 224 CONDAMNATloN
1254 193 1309 222 DE
1343 193 1510 235 JEANNE
1542 179 1670 222 D'ARc

380 294 497 337 XIV.
525 311 544 334 «
574 294 696 346 ITEM,
727 292 837 337 dicta
855 293 1055 349 Johanna
1080 295 1226 337 asserit
1259 308 1301 336 se
1321 291 1428 336 bene
1455 291 1606 346 facere,
1637 290 1791 336 talibus
1827 292 1958 335 vesti-

322 377 399 421 bus
420 390 460 420 et
487 376 702 420 habitibus
728 376 920 420 virilibus
944 376 1162 420 dissolutis
1199 375 1384 430 utend03
1414 388 1455 419 et
1481 376 1525 418 in
1555 375 1637 419 hoc
1670 374 1763 419 vult
1794 390 1958 433 perma-

320 476 434 510 nere,
459 459 602 504 dicens
621 475 664 503 se
692 461 767 503 ista
794 475 883 503 non
900 459 1192 514 dimissuram,
1211 460 1291 502 nisi
1314 459 1529 503 licentiam
1554 458 1703 502 habeat
1718 473 1957 517 expressam

321 559 342 586 a
367 545 460 587 Deo
486 559 558 601 per
579 543 904 597 revelationem,
936 543 1184 601 injuriando
1211 543 1322 596 Deo,
1353 542 1530 600 Angelis
1552 555 1594 586 et
1619 543 1782 586 Sanctis
1803 543 1909 598 ejus.
1937 558 1956 580 »

379 626 397 647 '¹‘
425 625 490 670 Ad
520 626 635 670 hunc
653 635 662 651 ¹
692 627 937 680 articulum,
965 625 1184 684 respondit
1211 626 1406 682 Johanna
1423 624 1539 684 quod
1562 641 1650 669 non
1677 624 1772 669 facit
1795 624 1958 668 malum

322 709 372 753 de
397 709 621 754 serviendo
643 710 754 763 Deo,
785 723 826 753 et
847 711 1025 754 crastina
1053 709 1120 753 die
1143 709 1266 753 nobis
1294 707 1570 767 responderet
1598 708 1648 752 de
1672 709 1889 752 contentis
1916 709 1959 751 in

323 793 515 837 articulo,
884 850 885 853 Ἴ

382 877 431 920 Et
460 878 545 934 ipsa
569 876 654 931 die,
682 878 940 935 interrogata
974 893 1046 935 per
1081 877 1266 921 alterum
1302 877 1591 920 assistentium
1624 891 1675 919 an
1714 876 1802 933 ipsa
1836 873 1962 918 habe-

324 960 406 1014 bat,
444 976 516 1017 per
550 960 858 1004 revelationem
884 973 956 1004 aut
994 973 1270 1019 praeceptum,
1316 959 1478 1004 deferre
1522 958 1717 1003 habitum
1768 957 1958 1001 virilem:

322 1043 547 1101 respondit*
563 1043 682 1102 quod
703 1043 753 1088 de
780 1044 861 1088 hoc
881 1045 981 1088 alias
1003 1044 1238 1102 respondit,
1268 1043 1318 1088 ad
1349 1042 1466 1102 quod
1491 1058 1535 1087 se
1560 1041 1712 1096 refert;
1750 1054 1791 1086 et
1819 1053 1962 1100 postea

323 1126 429 1171 dixit
455 1127 590 1185 quod,
611 1144 739 1186 super
762 1129 857 1179 hoc,
876 1128 944 1172 die
966 1137 978 1154 ²
1006 1129 1186 1172 crastina
1204 1129 1395 1171 mitteret
1415 1142 1686 1185 responsum.
1715 1125 1765 1169 Et
1783 1125 1963 1169 ulterius

323 1209 427 1254 dixit
450 1227 494 1254 se
519 1211 625 1255 bene
649 1213 754 1256 scire
779 1214 875 1270 quis
903 1211 1043 1256 eidem
1078 1211 1175 1256 fecit
1211 1213 1397 1269 accipere
1426 1210 1622 1254 habitum
1658 1208 1849 1263 virilem3
1888 1207 1960 1252 sed

325 1296 456 1337 nescit
481 1295 663 1353 qualiter
680 1295 804 1340 debet
829 1296 908 1339 hoc
926 1295 1123 1340 revelare.

381 1379 504 1429 Item,
534 1378 601 1423 die
634 1379 812 1433 sabbati,
852 1394 992 1423 xx1111.
1029 1381 1188 1423 mensis
1228 1378 1442 1432 februarii,
1484 1379 1741 1435 interrogata
1773 1377 1805 1419 si
1835 1375 1962 1419 vellet

324 1462 474 1506 habere
490 1463 683 1507 habitum
699 1463 916 1507 mulieris:
937 1462 1178 1521 respondit:
1211 1482 1230 1504 «
1255 1464 1297 1507 Si
1323 1463 1461 1506 velitis
1483 1462 1589 1505 mihi
1614 1460 1710 1505 dare
1729 1460 1960 1514 licentiam,

324 1546 495 1590 tradatis
524 1547 629 1590 mihi
659 1564 791 1591 unam
827 1560 990 1591 vestem
1023 1546 1301 1601 muliebrem3
1334 1562 1413 1604 ego
1446 1547 1610 1604 capiam
1640 1554 1650 1577 ³
1680 1560 1775 1588 eam
1799 1556 1840 1588 et
1864 1542 1960 1597 ibo;

322 1630 421 1673 alias
441 1646 553 1683 ηοω
577 1644 617 1674 et
644 1647 739 1673 sum
774 1643 975 1674 contenta
1005 1630 1056 1674 de
1088 1632 1179 1683 ista,
1215 1646 1264 1674 ex
1297 1646 1385 1688 quo
1420 1629 1551 1687 placet
1587 1629 1681 1672 Deo
1719 1626 1837 1686 quod
1865 1643 1958 1670 eam

325 1713 527 1757 deferam.
562 1731 582 1753 »

384 1799 508 1851 Item,
541 1797 607 1841 die
641 1797 771 1852 1unae,
812 1813 888 1841 xli.
940 1799 1095 1851 martii,
1138 1798 1393 1854 interrogata
1432 1798 1482 1850 si,
1523 1795 1730 1854 capiendo
1765 1794 1962 1838 habitum

322 1881 506 1931 virilem,
531 1883 616 1939 ipsa
638 1881 848 1939 cogitabat
871 1881 978 1925 male
1003 1881 1159 1926 facere:
1189 1880 1407 1939 respondit
1426 1881 1541 1940 quod
1567 1895 1683 1934 non;
1712 1891 1752 1922 et
1780 1889 1795 1912 4
1822 1877 1961 1922 adhuc

319 1965 370 2009 de
399 1967 609 2023 praesenti,
640 1967 674 2008 si
700 1978 807 2010 esset
843 1967 886 2009 in
914 1966 993 2009 alia
1023 1978 1135 2023 parte
1163 1978 1203 2009 et
1223 1967 1264 2008 in
1286 1964 1366 2008 hoc
1390 1963 1536 2008 habitu
1570 1963 1696 2016 virili,
1721 1962 1892 2007 videtur
1921 1963 1958 2004 ei

323 2049 441 2108 quod
469 2062 575 2093 esset
600 2065 739 2093 unum
764 2048 814 2092 de
846 2051 1012 2106 magnis
1047 2048 1170 2093 bonis
1199 2049 1397 2099 Franciae,
1442 2047 1575 2092 facere
1611 2048 1719 2091 sicut
1744 2054 1754 2079 5
1786 2044 1963 2090 faciebat

326 2146 422 2176 ante
449 2133 693 2190 captionem
713 2148 850 2176 suam.

385 2216 506 2266 Item,
536 2216 604 2259 dic
625 2215 797 2269 sabbati,
828 2230 934 2259 xvii.
979 2217 1134 2269 martii,
1176 2217 1450 2271 interrogata,
1479 2215 1578 2272 quia
1606 2213 1709 2258 dixit
1742 2211 1859 2271 quod
1893 2211 1963 2256 de-

380 2463 396 2479 *
413 2461 544 2509 Quoad
560 2462 739 2500 decimum
765 2465 941 2515 quartum
965 2474 972 2498 :
996 2459 1191 2512 respond:
1228 2476 1245 2495 «
1272 2461 1316 2508 Je
1346 2472 1393 2497 ne
1421 2457 1491 2496 fais
1513 2459 1628 2511 point
1667 2456 1745 2496 mal
1772 2456 1820 2496 de
1859 2457 1959 2495 Dieu

326 2533 470 2580 servir3
494 2543 530 2571 et
546 2532 703 2572 demain
726 2545 826 2571 vous
854 2546 902 2571 en
925 2533 1028 2570 seres
1053 2532 1275 2584 respondus
1296 2533 1324 2569 ⁶.
1355 2546 1372 2566 2>

327 2793 404 2818 sont
433 2783 650 2829 supprimees
683 2783 770 2816 dans
796 2791 883 2816 cette
910 2782 1086 2824 derniere3
1115 2782 1206 2816 deux
1234 2790 1348 2816 autres
1368 2793 1392 2826 y
1413 2788 1493 2815 sont
1527 2781 1672 2826 rangees
1705 2790 1787 2815 sous
1819 2779 1964 2814 l'article

327 2842 423 2878 XIV.
452 2843 592 2888 (Yoycz
617 2843 710 2888 ligne
737 2844 756 2875 8
779 2842 821 2876 de
854 2851 942 2876 cette
968 2853 1055 2887 page
1096 2853 1101 2874 :
1128 2841 1173 2874 Et
1196 2842 1262 2887 ipsa
1286 2841 1349 2881 die,
1380 2840 1672 2884 interrogata...)
1692 2839 1757 2873 Pas
1780 2839 1858 2884 plus
1895 2850 1963 2886 que

328 2903 532 2943 Quichcrat,
553 2903 583 2948 je
613 2914 656 2935 ne
684 2900 897 2947 m’explique
924 2900 1135 2934 l’omission.
1161 2901 1319 2941 Quanta
1349 2899 1380 2933 la
1407 2899 1668 2944 transposition,
1685 2898 1751 2932 elle
1775 2899 1848 2932 doit
1871 2899 1962 2932 vrai-

327 2961 619 2996 semblablement
639 2962 711 2995 etre
732 2961 900 2994 attribuee
912 2962 931 2993 ὲ.
945 2971 1014 2994 une
1032 2971 1149 2994 erreur
1166 2960 1212 2994 du
1233 2959 1365 3005 copiste
1380 2952 1439 3004 Qui
1456 2970 1475 2993 a
1492 2959 1636 2992 execute'
1656 2957 1687 2992 le
1711 2958 1902 2992 manuscrit
1919 2957 1962 2991 de

330 3019 478 3054 D’Urfe'.
499 3041 538 3045 ——
567 3031 598 3054 1.
630 3020 661 3053 A
685 3031 695 3052 5
719 3019 878 3052 decimum
907 3024 1138 3064 quartum.—
1159 3028 1191 3052 2.
1221 3019 1252 3052 A
1280 3026 1379 3052 omet
1407 3017 1470 3051 die.
1499 3037 1544 3041 ——
1574 3027 1603 3061 3.
1629 3016 1660 3050 C
1683 3029 1693 3050 .·
1713 3018 1886 3063 accipiam.
1915 3037 1962 3042 —
2016 3041 2019 3045 -
2049 3008 2051 3010 .
2093 3011 2099 3022 ²

333 3090 365 3121 21.
390 3079 454 3113 AC
481 3079 637 3123 ajoutent
663 3078 757 3124 quod.
786 3098 832 3103 —
855 3087 885 3121 5.
906 3078 971 3112 AC
988 3078 1146 3124 ajoutent
1169 3079 1250 3123 ipsa.
1269 3097 1315 3102 -—
1333 3076 1365 3111 6.
1395 3077 1437 3119 U,
1465 3075 1526 3111 fol.
1552 3077 1607 3118 28,
1632 3085 1676 3109 r0.
