2099 3356
348 204 403 246 44
629 190 786 232 PROCI'is
820 204 876 233 DE
908 204 1257 235 CONDAMNATION
1293 207 1348 235 DE
1379 207 1546 248 JEANNE
1579 192 1704 237 D'ARC

347 301 599 358 hujusmodi
643 303 888 360 juramento
923 303 1209 361 apponenda;
1257 317 1296 348 et
1335 304 1386 349 de
1426 305 1507 349 hoc
1549 306 1683 364 ipsam
1735 308 1846 350 trina
1895 307 1986 351 vice

347 387 619 430 monuimus.
647 387 760 439 Quae
787 387 965 445 quidem
991 387 1188 443 Johanna
1230 388 1450 447 respondit
1478 407 1486 433 z
1519 407 1539 429 «
1564 390 1687 433 Detis
1715 389 1822 433 mihi
1854 389 1984 435 licen-

347 470 450 512 tiam
476 468 697 527 loquendi.
731 486 751 509 ³>
782 469 832 513 Et
877 483 979 514 tunc
1005 469 1131 514 dixit:
1159 487 1178 510 t<
1207 472 1285 515 Per
1310 471 1439 516 fidem
1479 488 1635 526 meam,
1665 473 1761 516 talia
1808 474 1986 531 possetis

348 552 455 595 mihi
480 565 639 609 petere,
665 568 760 610 quae
787 569 866 611 ego
894 569 983 597 non
1009 553 1194 598 dicerem
1216 554 1353 599 vobis.
1388 572 1408 595 »
1440 556 1628 600 Rursum
1650 572 1825 614 quoque
1846 555 1980 600 dixit:

348 654 367 676 «
399 636 542 679 Potest
570 651 658 679 esse
686 635 818 694 quod,
846 636 897 680 de
931 636 1079 681 multis
1106 654 1202 696 quae
1248 654 1325 682 vos
1359 640 1536 696 possetis
1567 639 1675 682 mihi
1723 651 1878 697 petere,
1905 655 1984 698 ego

346 734 433 762 non
463 719 647 763 dicerem
667 720 787 764 vobis
809 736 959 764 verum
975 719 1162 780 [utputa]
1183 730 1191 746 ¹
1217 721 1267 765 de
1290 721 1370 766 hoc
1390 721 1507 781 quod
1523 723 1657 779 tangit
1672 722 1982 778 revelationes;

345 803 462 861 quia,
494 801 651 857 forsan,
683 819 760 847 vos
787 806 966 862 possetis
997 820 1065 848 me
1096 804 1352 863 compellere
1387 804 1437 849 ad
1467 805 1699 850 dicendum
1728 805 1856 850 talem
1893 821 1983 850 rem

343 901 475 944 quam
503 902 582 944 ego
603 888 737 944 juravi
766 903 854 931 non
883 886 1035 942 dicere,
1069 902 1110 932 et
1135 890 1191 932 ita
1219 904 1355 932 essem
1384 891 1566 947 perjura,
1602 889 1720 947 quod
1757 889 1865 933 velle
1896 905 1984 934 non

344 969 604 1014 deberetis.»
647 970 696 1014 Et
729 969 917 1015 addidit:
961 990 980 1013 «
1010 972 1098 1029 Ego
1123 971 1218 1016 dico
1255 972 1393 1026 vobis,
1433 972 1658 1017 advertatis
1687 972 1793 1017 bene
1830 971 1985 1017 dehoc

343 1053 460 1112 quod
485 1054 624 1098 dicitis
645 1070 721 1098 vos
739 1070 827 1099 esse
852 1071 1001 1099 meum
1023 1055 1226 1113 judicem,
1242 1057 1340 1114 quia
1357 1072 1433 1099 vos
1444 1058 1660 1100 assumitis
1676 1073 1815 1100 unum
1827 1056 1986 1114 grande

345 1153 471 1191 onus,
493 1151 533 1182 et
562 1139 750 1182 nimium
773 1140 959 1182 oneratis
987 1155 1071 1183 me.
1104 1156 1124 1180 »
1160 1140 1271 1183 Dicit
1310 1141 1439 1184 etiam
1484 1139 1600 1198 quod
1629 1139 1852 1184 videbatur
1887 1142 1986 1185 satis

347 1236 434 1265 esse
462 1223 618 1277 jurasse
644 1221 705 1265 bis
728 1223 769 1265 in
793 1221 971 1279 judicio.

406 1306 566 1348 Iterum
592 1306 846 1362 interrogata
874 1321 925 1349 an
953 1306 1080 1350 vellet
1113 1307 1361 1364 simpliciter
1394 1320 1434 1351 et
1466 1306 1660 1351 absolute
1694 1309 1858 1364 jurare:
1902 1323 1982 1351 res-

347 1387 498 1445 pondit
520 1401 527 1427 :
560 1407 579 1430 «
610 1389 699 1432 Vos
724 1387 831 1432 bene
854 1391 1029 1447 potestis
1056 1389 1354 1447 supersedere;
1381 1406 1461 1447 ego
1485 1392 1582 1434 satis
1603 1392 1737 1448 juravi
1761 1392 1803 1434 in
1820 1390 1986 1435 duabus

345 1470 508 1515 vicibus
533 1488 578 1525 »;
619 1471 764 1515 dicens
804 1472 985 1516 ulterius
1033 1472 1150 1530 quod
1194 1486 1310 1516 totus
1345 1473 1480 1517 clerus
1524 1474 1884 1531 Rotliomagensis
1918 1475 2003 1517 vel

345 1555 591 1598 Parisiensis
613 1557 789 1599 nesciret
814 1572 905 1599 eam
934 1556 1236 1610 condemnare,
1256 1557 1333 1599 nisi
1363 1556 1534 1601 haberet
1557 1559 1598 1600 in
1625 1559 1705 1614 jus.
1734 1558 1843 1601 Item
1874 1556 1981 1601 dixit

347 1638 464 1696 quod
487 1638 536 1682 de
567 1655 645 1682 suo
675 1639 861 1683 adventu
907 1639 1086 1683 libenter
1116 1639 1271 1684 diceret
1299 1642 1542 1691 veritatem3
1572 1640 1642 1684 sed
1689 1656 1776 1684 non
1822 1640 1978 1685 diceret

346 1735 510 1775 totum;
538 1735 578 1766 et
603 1722 720 1781 quod
745 1725 930 1780 spatium
965 1736 1065 1767 octo
1096 1723 1263 1767 dierum
1294 1740 1380 1767 non
1416 1724 1630 1768 sufficeret
1669 1724 1719 1768 ad
1748 1723 1980 1768 dicendum

347 1807 509 1849 onmia.

404 1889 496 1932 Nos
515 1901 677 1942 autem,
709 1891 932 1947 episcopus
961 1889 1201 1948 prsedictus,
1233 1889 1422 1934 diximus
1454 1892 1491 1934 ei
1534 1891 1650 1948 quod
1691 1892 1777 1948 ipsa
1813 1890 1984 1934 haberet

345 1972 577 2016 consilium
599 1972 650 2016 ab
674 1972 969 2017 assistentibus
995 1975 1026 2016 si
1050 1973 1219 2017 deberet
1259 1975 1394 2031 jurare
1440 1990 1491 2017 an
1541 1990 1642 2018 non.
1684 1974 1796 2024 Quae
1828 1975 1982 2018 iterum

346 2055 567 2113 respondit
587 2056 704 2114 quod
727 2056 778 2100 de
808 2074 887 2101 suo
924 2056 1111 2100 adventu
1136 2056 1317 2101 libenter
1347 2056 1504 2101 diceret
1543 2059 1783 2110 veritatem,
1820 2070 1861 2101 et
1895 2073 1983 2101 non

346 2139 497 2192 aliter;
523 2154 563 2183 et
587 2139 704 2197 quod
725 2156 812 2183 non
838 2141 1062 2198 oportebat
1082 2154 1128 2183 ut
1156 2140 1233 2184 sibi
1265 2141 1450 2198 amplius
1477 2140 1573 2185 inde
1603 2141 1893 2199 loqueremur.

408 2222 710 2276 Postmodum,
740 2225 776 2267 ei
802 2222 989 2267 diximus
1010 2223 1126 2282 quod
1148 2240 1190 2267 se
1213 2223 1407 2268 redderet
1427 2237 1684 2283 suspectam,
1711 2226 1743 2267 si
1778 2240 1866 2268 non
1895 2224 1985 2267 vel-

350 2306 403 2349 let
432 2307 566 2361 jurare
587 2305 637 2350 de
659 2306 842 2350 dicendo
864 2309 1102 2350 veritatem.
1140 2306 1376 2364 Respondit
1405 2320 1452 2351 ut
1486 2309 1616 2365 prius.
1655 2308 1810 2351 Iterato
1845 2309 1985 2365 requi-

347 2390 527 2432 sivimus
553 2405 644 2432 eam
671 2403 718 2433 ut
757 2393 912 2447 juraret
942 2392 1112 2448 praecise
1152 2403 1191 2433 et
1218 2390 1425 2434 absolute.
1461 2391 1587 2434 Tunc
1624 2389 1843 2448 respondit
1867 2390 1984 2448 quod

349 2472 529 2516 libenter
550 2472 706 2516 diceret
739 2472 843 2516 illud
872 2472 988 2531 quod
1017 2474 1155 2526 sciret,
1183 2486 1222 2516 et
1241 2473 1378 2516 adhuc
1401 2489 1489 2517 non
1520 2486 1676 2517 totum.
1713 2474 1832 2516 Dixit
1877 2473 1984 2517 ulte-

351 2557 436 2599 rius
461 2555 578 2613 quod
595 2557 711 2599 venit
732 2572 782 2600 ex
808 2569 922 2613 parte
945 2558 1021 2599 Dei
1047 2569 1087 2600 et
1113 2572 1202 2600 non
1229 2556 1352 2600 habet
1384 2556 1451 2599 hic
1486 2557 1692 2614 negotiari
1727 2556 1982 2615 quidquam,

350 2651 495 2696 petens
515 2651 560 2681 ut
584 2640 873 2682 remitteretur
899 2639 948 2683 ad
973 2640 1115 2683 Deum
1135 2655 1156 2683 a
1175 2655 1264 2697 quo
1289 2652 1477 2707 ven-erat.

408 2723 564 2765 lterum
595 2723 796 2779 requisita
823 2736 865 2766 et
892 2724 1057 2765 monita
1085 2722 1135 2766 de
1169 2721 1367 2779 jurando,
1403 2722 1480 2765 sub
1515 2738 1643 2780 poena
1678 2721 1842 2766 essendi
1884 2737 1986 2766 one-

350 2817 433 2847 rata
455 2803 506 2847 de
523 2804 596 2847 illo
615 2804 733 2861 quod
760 2805 838 2848 sibi
860 2805 1186 2862 imponebatur:
1214 2805 1431 2863 respondit
1455 2819 1462 2845 :
1491 2822 1510 2844 «
1536 2805 1780 2849 Transeatis
1810 2804 1934 2848 ultra.
1962 2822 1981 2844 »

408 2888 622 2940 Finaliter,
646 2887 785 2931 adhuc
806 2889 940 2946 ipsam
962 2890 1265 2946 requisivimus
1296 2888 1346 2932 de
1389 2888 1585 2944 jurando,
1605 2900 1644 2931 et
1672 2904 1721 2931 ex
1748 2887 1982 2932 abundanti

404 3106 432 3130 1.
462 3095 617 3129 Restitue‘
632 3107 692 3141 par
712 3095 917 3135 Quicherat.
