2099 3356
358 181 517 224 PRoci'ss
550 194 605 223 DE
636 192 991 222 CONDAMNATION
1027 194 1081 222 DE
1113 194 1278 234 JEANNE
1311 179 1439 223 o'Alzc
1640 194 1713 236 115

134 294 396 350 Interrogata
422 308 552 350 quare
580 292 667 350 ipsa
690 291 772 335 hoc
796 290 944 335 habuit
970 290 1064 349 plus
1091 307 1222 349 quam
1241 307 1326 335 una
1353 291 1433 336 alia
1463 309 1471 335 :
1503 292 1720 350 respondit

77 375 193 436 quod
237 376 394 434 placuit
432 376 526 419 Deo
564 377 619 418 ita
654 374 790 418 facere
830 390 903 432 per
936 390 1069 417 unam
1105 375 1349 432 simplicem
1394 374 1597 433 puellam,
1643 391 1719 434 pro

77 457 321 518 repellendo
345 457 606 503 adversarios
628 459 751 516 regis.

136 543 400 600 Interrogata
427 555 577 586 utrum
604 541 684 586 sibi
712 541 879 586 dictum
908 540 1035 586 fuerit
1064 541 1138 585 ubi
1157 542 1334 600 angelus
1355 541 1581 600 praedictus
1602 557 1720 600 cepe-

79 639 138 672 rat
172 625 287 670 illam
325 641 532 669 coronam
558 643 566 669 z
606 624 826 683 respondit
851 624 968 683 quod
1003 626 1090 683 ipsa
1121 641 1279 670 corona
1315 625 1394 670 fuit
1423 638 1645 684 apportata
1671 641 1722 669 ex

78 722 194 769 parte
216 710 296 753 Dei
323 718 351 763 ¹,
374 722 416 753 et
440 708 559 768 quod
586 724 674 753 non
698 721 760 753 est
781 709 991 753 aurifaber
1018 710 1062 753 in
1086 709 1253 754 mundo
1277 711 1353 768 qui
1374 711 1563 755 scivisset
1587 709 1721 754 facere

79 795 135 838 ita
168 792 390 852 pulchram
427 793 493 836 vel
531 794 587 836 ita
623 791 835 848 divitem,
878 793 950 837 ubi
987 807 1132 837 autem
1172 793 1348 851 angelus
1381 810 1476 838 eam
1513 809 1721 838 coronam

79 878 204 935 cepit,
235 875 385 920 eadem
409 875 607 932 Johanna
634 875 684 919 de
708 875 789 919 hoc
812 891 855 920 se
883 875 1009 920 refert
1032 877 1142 930 Deo,
1172 889 1213 920 et
1235 877 1358 922 aliter
1381 878 1515 922 nescit
1548 875 1622 921 ubi
1641 876 1722 921 fuit

77 973 211 1019 capta.

137 1044 401 1101 Interrogata
421 1059 475 1087 an
499 1042 647 1088 eadem
669 1059 829 1088 corona
853 1055 940 1088 erat
963 1043 1065 1088 boni
1086 1043 1247 1095 odoris,
1271 1056 1312 1088 et
1331 1057 1482 1089 utrum
1497 1057 1584 1088 erat
1613 1044 1721 1088 relu-

79 1143 178 1172 cens
213 1145 221 1170 :
254 1126 474 1186 respondit
511 1126 630 1186 quod
658 1143 747 1171 non
788 1127 914 1172 habet
953 1127 1054 1172 inde
1092 1129 1364 1182 memoriam,
1407 1141 1448 1172 et
1484 1127 1535 1172 de
1565 1128 1645 1172 hoc
1678 1143 1721 1171 se

77 1210 298 1256 advisabit.
320 1213 470 1255 Postea
496 1227 596 1255 vero
624 1210 726 1255 dicit
747 1211 866 1270 quod
888 1223 949 1256 est
977 1210 1080 1255 boni
1101 1211 1262 1266 odoris,
1286 1224 1327 1256 et
1354 1213 1447 1264 erit,
1477 1210 1722 1256 dummodo

79 1295 185 1339 bene
205 1281 474 1339 custodiatur
494 1295 602 1338 sicut
629 1293 779 1349 decet3
808 1307 849 1339 et
873 1306 962 1339 erat
980 1295 1024 1338 in
1048 1293 1232 1339 modum
1253 1311 1441 1340 coronae.

138 1380 403 1436 Interrogata
452 1392 600 1422 utrum
653 1377 828 1437 angelus
863 1380 1084 1437 scripserat
1128 1379 1207 1422 sibi
1251 1365 1411 1424 litteras
1442 1396 1449 1423 :
1505 1377 1725 1439 respondit

79 1461 198 1521 quod
226 1478 330 1506 non.

136 1547 401 1604 Interrogata
428 1545 553 1604 quale
573 1546 749 1603 signum
782 1544 928 1590 habuit
953 1561 1026 1589 rex
1045 1547 1151 1604 ejus,
1175 1558 1216 1590 et
1243 1547 1317 1605 qui
1339 1562 1439 1591 cum
1465 1562 1516 1591 eo
1541 1558 1661 1591 erant
1682 1559 1722 1591 et

79 1632 275 1689 ipsamet,
299 1629 350 1674 ad
389 1628 655 1674 credendum
676 1629 794 1689 quod
822 1642 930 1674 esset
953 1646 1068 1675 unus
1091 1629 1268 1688 angelus
1286 1632 1362 1690 qui
1387 1630 1496 1676 hanc
1517 1647 1724 1675 coronam

79 1726 374 1772 apportaverat
411 1731 418 1757 :
450 1713 671 1772 respondit
688 1713 806 1772 quod
835 1730 907 1757 rex
933 1731 1037 1760 suus
1062 1713 1144 1759 hoc
1172 1713 1352 1759 credidit
1377 1731 1450 1774 per
1476 1716 1724 1760 instructio-

135 1894 389 1946 Interroguee
412 1906 627 1945 pourquoy
648 1892 737 1940 elle,
761 1892 851 1945 plus
870 1902 948 1932 tost
970 1907 1046 1946 que
1067 1907 1150 1946 ung
1172 1903 1280 1933 autre
1305 1909 1312 1933 :
1334 1894 1521 1947 respond,
1550 1893 1575 1932 il
1597 1893 1729 1947 pleust

81 1964 101 2002 a
126 1965 228 2003 Dieu
261 1963 362 2002 ainsi
388 1963 480 2003 faire
506 1977 574 2017 par
599 1977 676 2002 une
705 1963 848 2017 simple
872 1963 1042 2017 pucelle,
1068 1978 1171 2018 pour
1197 1964 1382 2004 rebouter
1411 1964 1467 2004 les
1489 1964 1728 2005 adversaires

83 2035 134 2075 du
159 2049 244 2089 roy.

136 2107 391 2160 Interrogue'e
410 2119 451 2146 se
470 2106 497 2145 il
512 2120 533 2145 a
554 2109 634 2146 este
660 2107 754 2146 dita
778 2107 851 2146 elle
868 2109 920 2146 ou
943 2107 1088 2161 l'angle
1112 2109 1218 2148 avoit
1239 2109 1349 2162 prins
1367 2108 1465 2148 celle
1482 2123 1689 2148 couronne
1717 2124 1724 2148 ε

80 2179 252 2232 respond
284 2178 429 2232 qu'elle
458 2192 478 2217 a
512 2180 592 2218 este
626 2180 815 2232 apportee
843 2179 890 2218 de
924 2193 994 2233 par
1025 2180 1154 2228 Dieu3
1193 2190 1231 2220 et
1266 2180 1361 2234 qu’il
1391 2180 1455 2220 n'a
1483 2180 1651 2220 orfaivre
1680 2195 1728 2220 eu

82 2249 230 2289 monde
248 2250 314 2304 qui
339 2250 373 2289 la
394 2260 524 2289 sceust
542 2249 636 2289 faire
657 2251 688 2289 si
709 2250 826 2299 belle,
845 2265 897 2290 ou
917 2252 947 2290 si
967 2251 1073 2291 riche
1092 2267 1101 2301 3
1128 2261 1166 2291 et
1195 2253 1248 2291 ou
1271 2252 1297 2290 il
1317 2251 1349 2292 la
1374 2253 1516 2306 prinst,
1547 2251 1621 2292 elle
1646 2253 1727 2291 s'en

83 2332 235 2375 raporte
261 2323 281 2360 a
303 2322 420 2369 Dieu,
450 2331 487 2361 et
509 2335 558 2360 ne
577 2323 672 2371 scait
691 2323 805 2375 point
826 2332 1049 2362 autrement
1074 2325 1127 2363 ou
1153 2323 1226 2362 elle
1247 2323 1306 2363 fut
1327 2324 1474 2377 prinse.

139 2394 394 2447 Interrogue'e
419 2407 458 2432 se
484 2393 582 2432 celle
612 2407 818 2433 couronne
847 2394 1009 2434 flearoit
1031 2395 1145 2448 point
1174 2395 1253 2434 bon
1281 2405 1319 2434 et
1350 2396 1457 2434 avoit
1480 2395 1560 2435 bon
1587 2396 1726 2442 odeur,

84 2473 122 2504 et
144 2464 251 2504 s’elle
267 2465 384 2504 estoit
403 2465 517 2518 point
532 2465 744 2505 reluisant:
770 2467 958 2519 respond,
983 2466 1057 2506 elle
1083 2466 1145 2505 n’a
1163 2468 1277 2520 point
1299 2467 1346 2506 de
1370 2468 1564 2506 memoire
1591 2468 1638 2506 de
1663 2481 1730 2515 ce;

87 2545 123 2574 et
145 2535 225 2575 s’en
246 2537 437 2575 advisera.
465 2538 512 2575 Et
537 2538 648 2590 apres
680 2537 763 2576 dit:
793 2554 812 2573 <c
839 2537 922 2576 Elle
954 2548 1041 2576 sent
1064 2538 1161 2586 bon,
1193 2548 1231 2577 et
1252 2538 1426 2587 sentira3
1452 2539 1550 2577 mais
1587 2538 1730 2592 qu'elle

87 2609 163 2646 soit
179 2607 266 2646 bien
289 2608 447 2661 gardee,
466 2609 566 2647 ainsi
587 2608 682 2662 qu’il
703 2610 896 2662 apartient
921 2626 938 2645 »
957 2624 965 2657 ;
989 2619 1026 2648 et
1044 2611 1162 2649 estoit
1180 2624 1226 2648 en
1255 2611 1428 2649 maniere
1444 2609 1492 2649 de
1508 2624 1728 2649 couronne.

142 2680 395 2733 Interroguee
426 2693 466 2718 se
489 2679 632 2733 l'angle
651 2679 720 2733 luy
740 2682 847 2719 avoit
877 2681 1023 2734 escript
1044 2681 1184 2720 lectres
1207 2696 1215 2720 τ
1240 2682 1414 2735 respond
1432 2695 1508 2736 que
1528 2696 1624 2721 non.

143 2751 398 2804 interroguee
421 2751 513 2805 quel
532 2751 643 2805 signe
668 2761 809 2791 eui-ent
832 2752 867 2791 le
886 2766 972 2805 roy,
997 2752 1053 2791 les
1073 2766 1170 2806 gens
1196 2767 1260 2807 qui
1282 2754 1455 2793 estoient
1472 2767 1566 2793 avec
1587 2753 1670 2807 luy,
1694 2763 1732 2793 et

40 2879 48 2884 .
88 2821 176 2870 elle,
204 2823 251 2861 de
277 2823 404 2862 croire
429 2837 505 2876 que
536 2823 693 2862 c'estoit
720 2838 804 2877 ung
823 2824 938 2877 angle
963 2839 969 2862 :
996 2825 1168 2878 respond
1200 2839 1277 2879 que
1297 2825 1332 2864 le
1353 2839 1424 2878 roy
1448 2825 1483 2864 le
1509 2835 1638 2865 creust
1662 2839 1730 2879 par

140 3035 167 3058 1.
191 3025 256 3060 AC
275 3037 460 3072 eii-margo
487 3038 493 3060 z
523 3027 604 3060 Fuit
624 3038 739 3061 comma
760 3038 778 3060 iz
809 3027 878 3060 Deo
905 3028 1005 3061 missa
1020 3040 1032 3068 ‚·
1055 3027 1117 3063 BC
1133 3039 1176 3062 en
1206 3040 1324 3075 marge
1351 3041 1356 3062 :
1380 3029 1461 3063 Fuit
1487 3040 1605 3063 corona
1626 3040 1646 3063 cz
1663 3029 1733 3063 Deo

94 3085 203 3126 missa,
226 3094 259 3118 ιιι
277 3085 408 3127 aurifer
426 3086 510 3131 (sic)
526 3087 622 3120 sciret
632 3086 745 3131 sia-ere
761 3086 919 3122 similem.
