2099 3356
321 195 403 225 212
598 181 756 224 Pizocfss
789 194 845 223 DE
877 193 1226 223 CONDAMNATION
1260 193 1317 222 DE
1347 193 1514 234 JEANNE
1546 177 1676 222 D’ARC

261 321 263 323 >
315 293 421 338 dixit
438 293 554 353 quod
569 295 656 351 ipsa
683 293 818 336 nescit
837 294 870 336 si
899 291 1110 336 habebant
1129 291 1292 350 aliquid
1310 291 1362 335 de
1387 291 1586 346 brachiis,
1602 291 1671 335 vel
1691 292 1723 335 si
1743 303 1861 335 erant
1881 291 1959 336 alia

312 377 505 421 membra
516 377 709 435 figurata.
729 377 840 420 Item
859 374 964 420 dixit
982 384 991 400 ¹
1017 374 1136 433 quod
1152 374 1443 433 loquebantur
1464 376 1628 433 optime
1653 387 1693 418 et
1713 375 1891 432 pulchre
1914 383 1927 400 ²
1946 392 1956 428 ;

308 474 350 505 et
376 462 506 505 etiam
530 476 597 504 eas
623 460 788 518 optime
807 458 1086 517 intelligebat.
1115 459 1243 511 Item,
1271 459 1528 514 interrogata
1551 449 1777 516 quomodo
1802 458 1955 516 loque—

314 544 484 598 bantur,
511 542 685 603 quando
707 559 797 588 non
826 541 1038 586 habebant
1059 541 1255 586 membra
1279 559 1287 585 :
1320 541 1542 600 respondit
1569 559 1577 585 z
1608 560 1628 583 «
1650 543 1738 599 Ego
1759 554 1957 600 exspecto

316 644 385 672 me
406 627 457 671 ad
479 628 642 672 Deum.
673 646 692 666 »

373 712 499 765 Item,
528 710 596 756 die
623 725 696 754 xv,
722 710 878 763 martii,
903 711 1163 767 interrogata
1186 710 1219 752 si
1238 721 1325 752 erat
1342 707 1457 752 aliud
1476 709 1651 766 signum
1679 708 1798 767 quod
1819 722 1958 753 essent

317 794 625 852 bonispiritus,
654 795 728 853 qui
755 793 834 837 sibi
863 805 1097 852 apparent:
1129 791 1350 850 respondit
1378 809 1386 835 z
1418 808 1437 831 «
1469 793 1649 836 Sanctus
1681 791 1865 836 Michael
1889 808 1959 836 me

314 878 578 931 certificavit,
605 890 836 936 antequam
861 892 986 921 voces
1012 877 1210 920 venirent
1232 875 1283 920 ad
1309 892 1393 919 me.
1418 892 1438 916 »
1460 875 1723 933 Interrogata
1735 875 1962 934 quomodo

314 963 519 1020 cognovit
552 960 670 1020 quod
691 973 779 1004 erat
794 973 964 1004 sanctus
988 959 1172 1004 Michael
1199 976 1207 1002 :
1235 959 1457 1018 respondit
1484 976 1492 1002 :
1531 976 1551 998 «
1578 960 1658 1003 Per
1681 959 1898 1018 loquelam
1919 972 1961 1003 et

314 1044 476 1089 idioma
495 1045 763 1103 Angelorum
785 1061 804 1084 »
827 1062 836 1097 ;
875 1056 915 1088 et
935 1043 1069 1088 credit
1088 1043 1271 1087 firmiter
1291 1041 1409 1101 quod
1434 1055 1554 1086 erant
1573 1042 1743 1101 Angeli.
1773 1043 1959 1087 Interro-

312 1143 406 1188 gata
442 1127 669 1188 quomodo
704 1127 918 1172 credidit³
956 1126 1074 1186 quod
1112 1138 1200 1170 erat
1220 1126 1381 1170 idioma
1407 1126 1679 1184 Angelorum
1706 1143 1714 1169 :
1740 1126 1961 1185 respondit

312 1211 430 1271 quod
459 1214 546 1270 ipsa
569 1211 750 1255 credidit
772 1212 871 1255 satis
895 1212 996 1264 cito,
1019 1223 1061 1254 et
1083 1209 1231 1254 habuit
1246 1210 1366 1254 istam
1387 1210 1656 1256 voluntatem
1673 1209 1725 1253 de
1744 1209 1960 1254 credendo

313 1295 434 1340 illud.
465 1297 514 1339 Et
538 1295 643 1339 dixit
682 1295 793 1339 ultra
827 1293 961 1354 quod,
997 1293 1175 1350 quando
1207 1307 1379 1338 sanctus
1414 1293 1596 1337 Michael
1624 1293 1743 1337 venit
1771 1292 1824 1337 ad
1844 1310 1956 1348 eam,

313 1379 391 1423 sibi
419 1379 525 1423 dixit
547 1378 664 1437 quod
693 1391 848 1422 sanctae
870 1377 1103 1421 Katharina
1128 1389 1169 1421 et
1197 1378 1433 1435 Margareta
1464 1378 1660 1420 venirent
1696 1376 1746 1421 ad
1777 1393 1888 1432 eam,
1919 1390 1960 1422 et

315 1462 433 1521 quod
456 1463 543 1519 ipsa
567 1461 719 1505 faceret
743 1477 816 1520 per
843 1460 1074 1504 consilium
1099 1476 1248 1504 earum
1265 1477 1276 1514 3
1291 1472 1331 1503 et
1358 1473 1476 1504 erant
1498 1459 1706 1504 ordinatae
1728 1476 1803 1518 pro
1825 1462 1959 1518 ipsam

316 1544 601 1590 conducendo
623 1557 662 1589 et
686 1545 764 1588 sibi
786 1543 1054 1588 consulendo
1096 1545 1139 1587 in
1173 1544 1237 1587 his
1271 1559 1368 1602 quae
1399 1543 1572 1588 haberet
1595 1560 1743 1602 agere3
1774 1557 1817 1588 et
1842 1544 1959 1603 quod

316 1631 403 1688 ipsa
434 1628 621 1673 crederet
647 1630 706 1672 eis
736 1628 787 1671 de
823 1628 904 1672 hoc
936 1627 1055 1686 quod
1089 1626 1279 1671 dicerent
1311 1626 1414 1680 sibi3
1444 1639 1485 1671 et
1515 1626 1632 1685 quod
1669 1640 1757 1671 erat
1783 1628 1863 1672 hoc
1891 1628 1962 1685 per

315 1726 573 1771 praeceptum
617 1712 814 1755 Domini.
845 1712 1122 1769 Interrogata,
1157 1712 1189 1754 si
1231 1710 1440 1754 Diabolus
1474 1725 1652 1769 poneret
1679 1727 1721 1755 se
1756 1713 1799 1755 in
1821 1710 1961 1755 forma

313 1797 379 1840 vel
396 1798 438 1840 in
461 1796 595 1853 figura
623 1795 779 1853 angeli,
803 1794 984 1854 qualiter
1007 1796 1095 1853 ipsa
1118 1807 1393 1850 cognosceret
1414 1793 1530 1853 quod
1549 1808 1656 1838 esset
1675 1794 1816 1839 bonus
1834 1811 1960 1854 ange-

314 1880 379 1924 lus
405 1893 478 1923 aut
497 1880 635 1923 malus
663 1896 670 1922 :
700 1878 929 1936 respondet
959 1878 1076 1937 quod
1111 1891 1388 1936 cognosceret
1420 1877 1526 1922 bene
1548 1888 1564 1910 ⁴
1594 1880 1626 1921 si
1655 1892 1762 1922 esset
1788 1892 1959 1923 sanctus

314 1963 514 2016 Michael‚
535 1963 601 2006 vel
635 1979 721 2007 una
750 1978 813 2006 res
839 1961 1021 2006 conficta
1049 1962 1145 2005 loco
1172 1963 1263 2018 ejus
1295 1961 1359 2005 vel
1396 1962 1504 2005 sicut
1526 1963 1629 2020 ipse.
1654 1963 1761 2006 Item
1785 1978 1959 2021 respon-

313 2046 383 2091 det
408 2054 418 2078 5
447 2046 581 2104 quod,
609 2048 744 2104 prima
772 2047 877 2099 vice,
911 2047 999 2103 ipsa
1030 2044 1126 2089 fecit
1156 2061 1362 2102 magnum
1386 2044 1568 2089 dubium
1593 2047 1628 2088 si
1663 2059 1770 2090 esset
1791 2060 1961 2091 sanctus

316 2129 516 2183 Michael,
541 2142 581 2173 et
611 2130 745 2187 prima
767 2130 856 2172 vice
887 2128 1039 2172 habuit
1079 2144 1287 2186 magnum
1327 2129 1563 2182 timorem;
1595 2141 1635 2172 et
1663 2128 1769 2172 vidit
1802 2130 1961 2173 multo-

316 2215 426 2257 tiens
452 2229 554 2257 eum
578 2226 817 2275 antequam
838 2213 962 2255 sciret
990 2211 1107 2270 quod
1145 2224 1253 2255 esset
1276 2224 1448 2255 sanctus
1470 2212 1669 2256 Michael.
1697 2213 1805 2256 Item
1830 2214 1960 2257 inter-

317 2310 462 2355 rogata
486 2312 616 2355 quare
638 2298 725 2354 ipsa
748 2296 954 2353 cognovit
974 2295 1102 2339 citius
1122 2293 1240 2354 quod
1268 2307 1356 2338 erat
1379 2308 1547 2339 sanctus
1568 2296 1766 2350 Michael,
1787 2296 1855 2340 illa
1872 2298 1960 2340 vice

316 2396 399 2439 qua
417 2379 597 2425 credidit
638 2381 780 2438 ipsum
812 2394 917 2433 esse,
956 2394 1087 2438 quam
1127 2377 1283 2422 fecerat
1319 2380 1361 2421 in
1397 2379 1532 2436 prima
1571 2381 1696 2423 vice:
1740 2379 1961 2439 respondit

315 2463 451 2522 quod,
482 2465 525 2507 in
551 2465 686 2521 prima
713 2464 818 2516 vice,
848 2464 935 2520 ipsa
956 2475 1043 2506 erat
1065 2463 1231 2518 juvenis
1253 2476 1372 2519 puer,
1399 2474 1440 2504 et
1469 2461 1618 2506 habuit
1642 2464 1873 2517 timorem;
1901 2476 1956 2514 et,

314 2547 482 2606 depost,
504 2548 594 2603 ipse
610 2560 778 2590 sanctus
805 2545 989 2589 Michael
1015 2544 1163 2589 docuit
1198 2560 1308 2598 eam,
1344 2558 1385 2588 et
1411 2544 1489 2588 sibi
1517 2547 1775 2590 monstravit
1797 2547 1840 2590 in
1869 2560 1961 2590 tan-

312 2643 425 2684 turn,
455 2629 573 2688 quod
602 2629 780 2674 credidit
807 2629 989 2673 firmiter
1014 2627 1133 2687 quod
1160 2629 1248 2685 ipse
1266 2641 1367 2671 erat.
1391 2628 1653 2687 Interrogata
1667 2630 1839 2688 qualem
1857 2629 1957 2674 doc-

315 2715 472 2757 trinam
497 2715 585 2771 ipse
609 2712 757 2756 docuit
781 2713 819 2755 ei
849 2729 857 2755 z
881 2710 1101 2769 respondit
1124 2710 1260 2770 quod,
1284 2727 1410 2769 super
1432 2713 1596 2766 omnia,
1623 2713 1710 2770 ipse
1734 2712 1899 2758 dicebat
1918 2715 1956 2757 ei

314 2796 432 2854 quod
454 2808 561 2839 esset
578 2795 707 2849 bona,
747 2808 786 2839 et
813 2794 932 2853 quod
965 2795 1085 2839 Deus
1111 2793 1332 2851 adjuvaret
1356 2810 1450 2837 eam
1476 2812 1488 2848 3
1524 2808 1579 2844 et,
1603 2796 1714 2839 inter
1735 2796 1831 2850 alia,
1851 2795 1958 2839 dixit

369 3039 397 3061 1.
432 3027 493 3062 BC
516 3040 525 3061 .·
545 3027 638 3061 dicit.
672 3036 731 3051 —'
748 3037 781 3061 2.
806 3027 837 3061 A
868 3039 878 3060 .·
901 3026 1025 3072 pulcre.
1059 3047 1106 3051 -—
1134 3037 1163 3071 3.
1184 3026 1215 3060 A
1239 3039 1249 3059 .·
1271 3028 1433 3072 cognovit.
1463 3047 1507 3051 —
1533 3037 1566 3068 4.
1590 3028 1621 3061 Α
1649 3038 1748 3063 omet
1773 3028 1857 3075 quod
1881 3033 1958 3063 esset

314 3087 414 3120 hamus
432 3086 564 3131 angelus
582 3091 638 3120 (ml
652 3086 758 3119 malus
782 3098 791 3119 .·
811 3085 976 3132 respondet
997 3085 1080 3131 quod
1099 3092 1296 3131 cognoscere!
1317 3086 1403 3120 hene.
1432 3107 1478 3111 —
1499 3097 1527 3129 j.
1552 3087 1582 3120 A
1599 3099 1608 3119 .·
1644 3087 1819 3133 respondit.
