2099 3356
395 171 555 215 PRocEs
587 185 642 215 DE
673 185 1026 215 CONDAMNATION
1062 185 1118 215 DE
1146 185 1313 227 JEANNE
1347 172 1470 216 D'ARc
1670 187 1753 228 299
1781 168 1783 171 ’

107 296 303 337 personae,
326 283 442 322 fatuis
463 293 502 323 et
523 283 722 337 aliquibus
749 284 1077 337 praesumptuosis
1099 284 1384 324 assertionibus
1415 285 1540 337 ipsius
1562 284 1756 332 mulieris,

106 354 234 394 forma
267 356 385 395 etiarn
418 365 456 394 et
495 356 627 394 modis
651 368 720 408 per
744 369 845 408 quos
881 366 968 394 suas
1001 356 1177 395 visiones
1210 365 1247 394 et
1273 356 1550 395 'revelationes
1590 356 1760 395 affirmat

104 427 306 474 habuisse,
334 436 372 466 et
393 427 628 480 quibusdam
651 426 737 466 aliis
760 427 959 466 dictorum
988 437 1026 466 et
1049 427 1244 466 factorum
1265 441 1429 467 suorum
1450 429 1758 467 circumstantiis

105 498 390 538 verisimilibus
412 499 588 552 pensatis
617 512 625 537 :
648 496 973 552 praesumendum
1005 508 1062 537 est
1085 499 1188 551 ipsas
1212 500 1389 538 visiones
1427 509 1464 538 et
1494 499 1772 539 revelationes·

104 582 185 608 non
207 569 254 609 ab
280 571 367 623 ipso
394 571 480 609 Deo
513 583 582 623 per
613 571 880 610 ministerium
913 571 1151 610 Sanctorum
1177 580 1214 609 et
1240 571 1473 610 Sanctarum
1500 572 1757 624 processisse,

107 643 209 680 sicut
225 643 382 691 asserit3
425 643 508 681 imo
545 642 712 682 alterum
749 642 921 681 duorum
963 651 1065 681 esset
1101 643 1445 695 praesumendum,
1489 643 1673 682 videlicet
1695 642 1759 682 vel

108 713 216 768 quod
241 715 320 753 sint
343 714 575 753 daemonum
602 713 810 753 illusiones
835 723 873 752 et
892 712 1075 761 fallaciae,
1099 713 1171 769 qui·
1191 727 1230 752 se
1249 713 1289 752 in
1319 713 1484 766 angelos
1515 713 1613 752 lucis
1631 723 1758 753 trans-

107 785 293 839 figurant,
321 794 358 824 et
378 785 620 838 quandoque
648 798 688 824 se
727 784 944 824 informant
967 785 1005 823 in
1041 785 1284 824 diversarum
1317 799 1575 838 personarum
1604 786 1756 838 species

107 869 151 895 ac
173 856 480 904 similitudines;
501 856 561 894 vel
575 855 683 909 quod
705 857 784 895 sint
802 855 933 909 aliqua
954 855 1140 894 fabricata
1161 856 1369 895 mendacia
1393 856 1625 895 humanitus
1644 856 1755 895 adin-

107 937 239 975 venta,
265 927 313 966 ad
335 927 620 981 decipiendum
645 928 762 966 rudes
787 936 825 966 et
856 928 1032 981 ignaros⁸
1082 929 1196 975 Item,
1221 928 1348 980 prima
1371 927 1516 975 fronte,
1554 927 1686 981 plures
1711 941 1756 966 ex

108 998 281 1052 praefatis
325 999 500 1038 articulis
543 999 752 1038 continent
782 998 1034 1038 scandalosas
1071 1008 1108 1038 et
1145 1012 1330 1037 erroneas
1370 1000 1584 1047 novitates,
1627 999 1758 1052 plures

104 1072 332 1110 temerarias
375 1080 413 1110 et
453 1080 793 1124 praesumptuosas
836 1071 1090 1119 assertiones,
1126 1071 1322 1123 jactantiis
1357 1070 1494 1123 plenas
1531 1080 1567 1110 et
1602 1072 1757 1124 piarum

107 1143 262 1181 aurium
301 1142 530 1190 ostensivas,
585 1142 858 1195 irreligionem
902 1152 939 1181 et
977 1142 1274 1181 irreverentiam
1332 1156 1422 1194 erga
1465 1152 1756 1181 sacramentum

107 1215 382 1263 eucharistiae3
401 1224 439 1253 et
469 1227 561 1253 cum
593 1214 697 1253 dicat
721 1213 828 1253 nolle
847 1227 916 1253 sua
941 1214 1043 1253 dicta
1066 1224 1104 1252 et
1124 1213 1224 1252 facta
1256 1213 1490 1253 submittere
1522 1215 1762 1253 determina-

106 1287 207 1325 tioni
232 1295 269 1325 et
304 1286 454 1340 judicio
479 1286 667 1325 Ecclesiae
689 1285 909 1334 militantis,
938 1286 976 1324 in
1000 1286 1077 1324 hoc
1101 1286 1285 1338 potestati
1313 1294 1350 1324 et
1374 1286 1596 1325 auctoritati
1622 1285 1757 1324 Eccle—

108 1359 175 1397 siae
210 1358 428 1411 plurimum
469 1356 652 1397 detrahit.
690 1358 730 1396 Si
771 1358 892 1411 igitur
931 1357 1062 1396 debite
1087 1366 1125 1396 et
1150 1358 1350 1396 caritative
1387 1357 1505 1396 fuerit
1535 1359 1684 1396 monita
1722 1368 1759 1396 et

106 1430 308 1469 exhortata
330 1443 373 1469 ac
398 1430 632 1469 solemniter
653 1430 840 1483 requisita
858 1438 896 1468 et
917 1439 1112 1468 sommata
1134 1439 1174 1468 ut
1198 1430 1565 1482 interpretationem
1598 1443 1756 1468 suarum

105 1502 371 1541 assertionum
397 1501 711 1540 confessatarum
731 1501 952 1550 submittat,
974 1502 1075 1540 sicut
1099 1510 1256 1540 tenetur
1277 1501 1444 1554 quilibet
1469 1501 1595 1540 fidelis
1614 1501 1754 1549 viator,

106 1574 258 1626 judicio
290 1583 327 1612 et
363 1574 686 1613 determinationi
712 1573 868 1612 domini
899 1574 1024 1612 nostri
1051 1574 1183 1626 Papae,
1222 1573 1410 1612 Ecclesiae
1440 1573 1676 1612 universalis
1717 1573 1755 1612 in

107 1645 292 1685 Concilio
313 1645 489 1699 generali
514 1655 783 1699 congregatae,
807 1645 866 1684 vel
902 1644 1073 1684 aliorum
1099 1644 1352 1698 praelatorum
1387 1645 1576 1684 Ecclesiae
1599 1646 1645 1684 ad
1679 1645 1758 1684 hoc

104 1726 341 1770 potestatem
367 1716 616 1765 habentium,
641 1718 771 1756 ethoc
802 1716 930 1756 facere
952 1718 1088 1755 animo
1118 1717 1308 1770 pertinaci
1332 1725 1490 1769 spernat
1527 1726 1563 1755 et
1588 1727 1727 1756 renuat
1750 1731 1756 1754 :

105 1789 357 1828 schismatica
375 1797 383 1813 ¹
403 1798 460 1827 est
482 1789 679 1828 censenda
702 1799 739 1828 et
758 1790 796 1828 in
822 1789 899 1827 fide
929 1789 1190 1835 vehementer
1210 1798 1406 1842 suspecta.
1439 1790 1535 1827 Haec
1559 1797 1650 1828 sunt
1673 1802 1762 1842 quae

107 1861 206 1899 mihi
229 1862 416 1900 videntur
446 1861 614 1900 dicenda
651 1862 690 1899 in
726 1862 912 1914 praesenti
935 1862 1113 1908 materia,
1139 1860 1248 1899 salvo
1272 1860 1429 1900 meliori
1451 1861 1615 1913 judicio.
1639 1861 1756 1899 Teste

104 1932 222 1972 solito
251 1934 368 1986 signo
401 1946 490 1972 meo
516 1932 691 1971 manuali
717 1933 781 1971 hic
805 1934 1008 1986 apposito,
1041 1946 1146 1971 anno
1172 1942 1209 1972 et
1242 1933 1305 1971 die
1328 1933 1541 1985 praedictis.
1567 1949 1584 1968 »
1617 1933 1681 1971 Sic
1707 1933 1758 1970 si-

103 2015 270 2058 gnatum
296 2020 302 2043 z
330 2021 348 2041 α
377 2007 570 2044 ZANONUs
602 2018 871 2044 LExoviENS1s.
905 2022 922 2040 J)

107 2181 343 2218 REVERENm
375 2191 416 2217 IN
449 2180 628 2218 CHR1sTo
660 2190 807 2217 PATREs
838 2191 982 2218 Domui
1005 2191 1053 2217 ET
1084 2190 1284 2226 MAGISTRI,
1312 2179 1521 2217 Nicomus
1551 2191 1600 2217 DE
1624 2180 1759 2217 GEME-

158 2262 259 2289 T1cis
281 2260 294 2277 ²
326 2263 373 2289 ET
404 2251 664 2290 GUILLELMUS
695 2263 744 2289 DE
775 2251 996 2290 CORMELns
1025 2263 1213 2298 ABBATEs,
1242 2263 1509 2290 DECRETORUM
1534 2263 1755 2299 DocTOREs,

161 2335 518 2362 DELIBERAYERUNT
568 2335 608 2361 ix
650 2335 795 2361 nonum
835 2335 907 2367 QUI
960 2335 1173 2369 SEQUITUR,
1216 2335 1433 2362 SECUNDUM
1487 2332 1755 2362 SCHEDULAM3

160 2407 297 2433 EORUM
322 2407 505 2435 *PROPRIIS
538 2407 711 2433 MANIBUS
743 2407 959 2443 sioNATAM,
991 2407 1111 2442 cujus
1141 2401 1273 2433 TENoR
1305 2407 1504 2438 sEQciTcR
1527 2405 1542 2427 4
1568 2407 1574 2432 :

160 2523 177 2543 «
212 2507 339 2561 Super
373 2508 566 2560 petitione
614 2521 683 2546 seu
734 2508 996 2563 requisitione
1034 2521 1079 2546 ex
1116 2516 1223 2560 parte
1261 2509 1396 2555 vestri,
1436 2507 1591 2546 domini
1636 2509 1760 2547 nostri

107 2580 312 2619 reverendi
340 2581 379 2617 in
401 2580 560 2618 Christo
581 2580 716 2632 patriS,
745 2580 845 2618 Petri
868 2578 1119 2618 Belvacensis
1145 2580 1339 2632 episcopi,
1367 2589 1404 2618 et
1425 2579 1553 2625 fratris
1576 2589 1584 2613 Ξ
1611 2580 1760 2630 Johan-

102 2652 162 2690 nis
195 2652 389 2704 Magistri,
413 2651 547 2689 vicarii
576 2651 732 2689 domini
767 2652 1033 2704 Inquisitoris,
1058 2651 1174 2689 nobis
1212 2651 1368 2690 duobus
1402 2651 1624 2690 humilibus
1646 2651 1762 2690 abba-

107 2723 228 2769 tibus,
263 2722 434 2760 Nicolao
470 2722 740 2760 Gemeticensi
778 2731 815 2760 et
847 2721 1069 2760 Guillelmo
1105 2721 1152 2760 de
1185 2721 1413 2770 Cormeliis,
1457 2735 1525 2774 per
1547 2722 1760 2775 quamdam

103 2793 334 2832 schedulam
357 2793 372 2819 ⁶
403 2792 547 2832 factam
571 2793 618 2831 de
638 2793 770 2831 dando
796 2793 924 2840 vobis,
947 2792 1047 2831 infra
1076 2793 1181 2832 diem
1206 2792 1311 2832 lunse
1346 2794 1587 2846 proximam,
1613 2793 1761 2832 delibe-

158 2983 187 3006 1.
210 2971 308 3006 ABC
332 2984 342 3006 .·
362 2972 561 3006 scismatica.
586 2991 631 2996 —
663 2981 698 3008 2.
736 2971 801 3005 AB
830 2981 874 3005 en
902 2982 1023 3018 marge
1047 2982 1054 3005 :
1078 2971 1222 3005 Domini
1247 2972 1372 3005 abbates
1403 2970 1440 3004 de
1473 2972 1647 3005 Gemetiris
1673 2976 1703 3005 ef
1723 2972 1759 3005 de

106 3030 311 3072 Cormeliis;
333 3031 363 3066 C
382 3042 426 3066 en
454 3042 575 3077 marge
599 3043 604 3064 :
629 3031 768 3064 Abbates
789 3030 824 3064 de
844 3029 1018 3065 Gemeticis
1032 3035 1061 3064 et
1084 3029 1121 3064 de
1143 3030 1331 3065 Cormeliis.
1348 3051 1393 3055 —
1412 3040 1441 3075 3.
1464 3031 1532 3064 AC
1554 3043 1563 3064 :
1584 3030 1727 3064 sedulam
1745 3043 1757 3071 ,-

108 3091 135 3124 R
156 3103 165 3124 .·
184 3091 358 3125 scedulam.
384 3112 426 3116 -—
443 3102 476 3133 4.
498 3091 528 3124 A
562 3103 571 3124 .·
593 3090 670 3124 talis
684 3095 740 3124 est.
762 3111 803 3115 ——
829 3101 857 3132 ς,
882 3090 912 3125 C
938 3102 947 3123 .·
970 3090 1090 3132 fratri.
1115 3110 1159 3115 ——
1181 3089 1214 3124 6.
1235 3089 1332 3124 ABG
1354 3101 1363 3124 :
1388 3089 1561 3124 scedulmn.
