2099 3356
376 168 534 213 pRoci'zs
568 183 624 213 DE
655 182 1006 214 CONDAMNATION
1041 183 1097 211 DE
1127 182 1294 224 JEANNE
1326 168 1453 212 D'ARC
1654 180 1732 225 355

887 294 946 337 VI

156 412 175 435 «
212 396 339 448 ITEM,
363 407 410 439 tu
435 394 577 439 dixisti
602 395 720 454 quod
750 411 858 454 saepe
884 397 926 439 in
947 396 1031 439 tuis
1053 395 1202 439 litteris
1228 397 1408 454 posuisti
1434 396 1511 439 ista
1540 395 1737 449 nomina,

92 479 250 534 JHEsUs
284 479 449 532 MARIA,
477 491 517 522 et
538 480 711 537 signum
740 481 893 533 crucis,
923 479 1188 537 designando
1211 478 1327 537 quod
1351 479 1411 522 illi
1434 478 1485 522 ad
1507 495 1616 538 qnos
1643 479 1740 522 scri-

95 560 220 605 bebas
254 578 342 606 non
383 561 568 606 facerent
601 575 804 606 contenta
835 564 878 606 in
919 562 1084 606 litteris.
1125 563 1172 605 In
1213 563 1304 606 aliis
1346 574 1490 606 autem
1520 562 1668 606 litteris
1702 575 1741 606 te

94 646 254 702 jactasti
279 645 397 704 quod
425 645 579 690 faceres
603 645 736 690 occidi
765 662 918 689 onmes
943 646 1038 689 illos
1066 648 1138 705 qui
1163 662 1251 689 non
1281 645 1522 700 obedirent,
1558 659 1598 689 et
1623 645 1739 704 quod

96 728 146 773 ad
187 730 294 773 ictus
327 729 545 773 videretur
582 731 678 788 quis
706 729 879 773 haberet
916 729 1071 773 melius
1110 731 1175 787 jus
1208 746 1229 773 a
1268 731 1362 774 Deo
1401 730 1520 784 coeli3
1558 742 1599 773 et
1630 746 1741 788 saepe

96 812 237 856 dixisti
288 826 329 857 te
385 813 495 857 nihil
541 812 704 867 fecisse,
763 814 843 857 nisi
907 829 979 871 per
1024 813 1332 857 revelationem
1385 826 1427 857 et
1482 827 1740 872 praeceptum

97 898 295 940 Domini.
326 913 346 937 >³

159 998 179 1021 «
215 981 447 1033 Quantum
474 979 526 1024 ad
551 979 682 1034 istud,
709 980 846 1024 clerici
868 980 1018 1024 dicunt
1041 980 1159 1039 quod
1187 993 1233 1024 tu
1257 997 1300 1025 es
1328 980 1552 1039 proditrix,
1579 979 1742 1033 dolosa,

95 1063 293 1119 crudelis,
319 1063 562 1108 desiderans
585 1063 816 1109 crudeliter
858 1064 1114 1108 effusionem
1149 1065 1371 1122 sanguinis
1405 1064 1602 1119 humani,
1636 1063 1745 1107 sedi-

97 1149 220 1202 tiosa,
244 1164 479 1206 provocans
519 1148 569 1192 ad
599 1148 892 1206 tyrannidem,
933 1147 1233 1205 blasphemans
1264 1149 1408 1191 Deum
1429 1149 1472 1191 in
1506 1149 1592 1191 suis
1623 1164 1745 1191 man-

98 1232 205 1276 datis
227 1245 268 1276 et
290 1231 637 1276 revelationibus.
669 1249 688 1271 >>

882 1328 962 1371 VII

159 1448 180 1471 «
218 1431 345 1485 ITEM,
376 1429 480 1474 dicis
519 1428 654 1488 quod,
692 1444 765 1488 per
806 1429 1088 1473 revelationes
1139 1445 1244 1488 quas
1295 1429 1482 1474 habuisti
1525 1430 1570 1473 in
1621 1442 1745 1474 aetate

98 1515 222 1560 XVII
261 1529 497 1567 annorum,
540 1525 587 1557 tu
628 1514 834 1557 recessisti
875 1529 897 1557 a
942 1512 1076 1558 domo
1114 1525 1342 1572 parentum
1382 1525 1560 1558 tuorum
1596 1525 1746 1558 contra

98 1600 293 1657 ipsorum
341 1597 631 1651 voluntatem,
677 1610 849 1655 propter
890 1596 1008 1656 quod
1054 1613 1174 1655 paene
1208 1596 1383 1641 fuerunt
1416 1596 1661 1651 dementes;
1705 1608 1748 1640 et

101 1683 213 1726 ivisti
234 1681 285 1726 ad
322 1681 562 1726 Robertum
604 1680 655 1724 de
688 1680 979 1733 Baudricuria,
1008 1682 1100 1739 qui,
1131 1680 1181 1724 ad
1207 1693 1327 1724 tuam
1369 1693 1628 1740 requestam,
1671 1679 1747 1724 tibi

102 1765 276 1811 tradidit
297 1765 494 1810 habitum
530 1765 699 1809 virilem
725 1777 766 1808 et
790 1780 929 1808 unum
951 1780 1100 1808 ensem
1134 1780 1232 1808 cum
1260 1765 1384 1808 certis
1411 1763 1629 1822 gentibus,
1671 1779 1747 1823 pro

102 1848 391 1895 conducendo
425 1862 464 1893 te
500 1848 551 1893 ad
579 1865 723 1907 regern
764 1861 916 1902 tuum3
958 1860 1015 1902 et,
1049 1847 1225 1907 quando
1270 1848 1426 1892 venisti
1463 1863 1592 1905 penes
1627 1863 1745 1902 eum,

101 1933 180 1978 sibi
206 1934 348 1978 dixisti
372 1932 490 1992 quod
514 1932 711 1976 veniebas
724 1948 800 1991 pro
827 1930 1115 1990 expugnando
1132 1930 1394 1976 adversarios
1411 1932 1524 1989 ejus3
1547 1943 1587 1975 et
1607 1930 1749 1975 eidem

103 2018 339 2075 promisisti
367 2015 484 2075 quod
514 2031 695 2074 poneres
729 2017 891 2059 eumin
915 2031 1074 2073 magno
1101 2013 1316 2068 dominio,
1348 2028 1388 2059 et
1422 2014 1540 2073 quod
1577 2013 1750 2059 haberet

103 2102 325 2145 victoriam
351 2100 402 2145 de
434 2102 522 2144 suis
562 2099 829 2153 adversariis,
866 2112 909 2143 et
944 2098 1061 2157 quod
1100 2099 1218 2142 Deus
1253 2098 1447 2142 mittebat
1485 2111 1525 2141 te
1567 2098 1618 2142 ad
1651 2098 1746 2142 hoc.

104 2185 221 2228 Dicis
239 2186 371 2228 etiam
392 2183 511 2243 quod
533 2185 609 2227 ista
630 2183 739 2226 bene
763 2182 915 2236 fecisti,
943 2181 1188 2226 obediendo
1215 2183 1322 2236 Deo,
1353 2194 1393 2225 et
1423 2197 1496 2239 per
1529 2181 1750 2225 revelatio-

106 2284 223 2313 nem.
262 2285 282 2309 »

169 2369 188 2393 «
208 2354 439 2405 Quantum
467 2351 517 2396 ad
538 2350 667 2404 istud,
689 2351 827 2394 clerici
853 2349 1004 2393 dicunt
1023 2348 1140 2408 quod
1162 2362 1209 2393 tu
1232 2348 1349 2392 fuisti
1378 2349 1510 2406 impia
1534 2350 1578 2391 in
1604 2364 1751 2406 paren-

106 2450 182 2489 τετε,
211 2435 525 2493 transgrediens
558 2447 821 2493 praeceptum
852 2434 931 2477 Dei
963 2432 1013 2477 de
1045 2431 1302 2477 honorando
1327 2443 1537 2490 parentes,
1580 2431 1752 2475 scanda-

106 2520 211 2574 losa,
237 2519 486 2578 blasphema
508 2503 551 2562 in
586 2519 748 2571 Deum,
774 2533 916 2560 errans
950 2518 994 2559 in
1034 2515 1133 2569 fide,
1171 2527 1211 2559 et
1244 2515 1377 2559 fecisti
1416 2516 1751 2572 promissionem

108 2616 498 2661 praesumptuosam
522 2618 568 2646 ac
593 2602 880 2645 temerariam.
910 2617 929 2639 ³>

884 2714 984 2757 VIII

165 2826 287 2877 ITEM,
317 2823 460 2868 dixisti
485 2822 604 2882 quod
630 2835 673 2866 tu
698 2833 850 2879 sponte
878 2830 885 2845 ¹
917 2820 1073 2864 saltasti
1101 2835 1124 2863 a
1151 2821 1256 2864 turri
1281 2819 1332 2863 de
1358 2821 1611 2874 Beuum-wir,
1651 2820 1756 2864 mal-

109 2908 200 2952 lens
228 2909 339 2952 mori
361 2922 492 2965 quam
518 2905 625 2949 tradi
651 2906 694 2948 in
716 2920 847 2947 manu
872 2912 884 2929 ²
908 2903 1194 2959 Anglicorum
1215 2916 1257 2947 et
1284 2905 1427 2947 vivere
1454 2917 1550 2961 post
1568 2903 1757 2948 destruc-

167 3087 194 3109 1.
213 3075 242 3109 C
263 3089 271 3110 .·
298 3080 486 3121 sponlanee.
518 3093 562 3097 —
584 3083 615 3106 2.
642 3072 671 3106 C
695 3084 704 3105 .·
727 3083 855 3104 ruamus.
