2099 3356
284 191 366 246 396
560 189 717 232 PRocsss
750 203 807 233 DE
838 203 1189 234 CONDAMNATmN
1223 206 1279 235 DE
1309 207 1479 248 JEANNE
1510 192 1637 236 D’ARc

273 301 478 346 Nicolaus
502 302 714 359 AucupiS,
744 301 869 345 frater
891 303 1100 347 Martinus
1126 305 1307 358 Lavenu,
1331 305 1552 361 Johannes
1577 305 1813 350 Tontmollie'
1835 315 1844 332 ¹
1875 319 1917 350 et

277 384 483 429 dominus
501 383 685 442 Jacobus
701 386 756 429 Le
773 386 944 440 camus,
968 402 1068 430 cum
1093 387 1288 445 pluribus
1306 388 1414 433 aliis.

336 516 478 559 Frater
492 516 703 560 Martinus
717 517 899 570 Lavenu,
915 517 1150 576 presbyter,
1170 517 1335 562 ordinis
1347 519 1545 563 Fratrum
1563 519 1917 575 praedicatorum,

277 599 412 642 aetatis
434 613 572 642 xxxin
591 615 810 644 annorum
825 601 892 644 vel
915 609 929 626 ²
953 602 1077 654 circa,
1100 603 1218 645 testis
1240 601 1490 661 productus,
1523 616 1733 662 receptus,
1757 590 1921 662 juratus

278 694 318 725 et
346 683 632 735 examinatus,
657 682 764 727 dixit
797 696 838 728 et
860 683 1059 742 deposuit
1096 684 1214 743 quod
1239 687 1327 744 ipsa
1358 686 1573 742 Johanna,
1609 685 1676 730 die
1712 703 1796 745 qua
1840 686 1920 732 fuit

279 778 428 809 contra
442 782 537 810 eam
552 766 632 810 lata
647 768 874 821 sententia,
892 767 944 812 de
965 784 1107 823 mane,
1128 782 1359 828 antequam
1377 769 1606 814 duceretur
1623 769 1673 814 ad
1693 769 1919 828 judicium,

280 850 323 892 in
358 851 582 907 praesentia
603 851 911 909 magistrorum
945 853 1060 896 Petri
1089 853 1302 906 Mauricii,
1329 853 1498 897 Nicolai
1521 855 1714 912 Aucupis
1747 867 1788 898 et
1821 853 1921 898 dicti

284 933 534 978 Tontmoulie'
545 933 740 991 ejusdem
761 935 979 993 loquentis
993 937 1112 990 socii,
1135 935 1241 980 dixit
1264 945 1275 970 3
1293 949 1334 980 et
1352 936 1544 981 confessa
1565 950 1626 981 est
1646 946 1662 971 4
1687 937 1804 996 quod
1824 939 1913 997 ipsa

279 1016 433 1061 sciebat
469 1029 509 1061 et
531 1018 815 1075 cognoscebat
837 1019 955 1077 quod
1005 1035 1079 1078 per
1099 1035 1226 1064 voces
1246 1033 1287 1064 et
1316 1021 1604 1079 apparitiones
1627 1022 1849 1066 venientes
1871 1021 1924 1066 ad

278 1117 389 1155 eam,
412 1113 453 1145 et
467 1100 519 1145 de
548 1101 707 1161 quibus
736 1103 842 1146 facta
855 1102 992 1147 fuerat
1015 1111 1026 1138 ⁵
1045 1105 1211 1148 mentio
1226 1105 1269 1147 in
1299 1120 1518 1162 processu,
1535 1104 1710 1164 decepta
1731 1107 1746 1131 ⁶
1767 1105 1919 1159 fuerat,

277 1186 487 1243 quoniam
513 1184 636 1230 dictae
663 1202 788 1231 voces
810 1188 1095 1245 promiserant
1118 1186 1259 1231 eidem
1278 1187 1490 1244 Johannae
1512 1188 1631 1247 quod
1673 1188 1921 1233 liberaretur

278 1281 320 1312 et
341 1268 612 1327 expediretur
631 1286 652 1314 a
671 1270 905 1315 carceribus
926 1288 937 1325 3
963 1284 1004 1315 et
1023 1270 1130 1315 bene
1156 1271 1413 1330 percipiebat
1428 1274 1709 1317 contrarium.

339 1352 630 1411 Interrogatus
653 1353 757 1413 quid
780 1363 794 1388 7
815 1354 1017 1399 movebat
1039 1354 1194 1399 dictam
1211 1355 1457 1411 Johannam
1474 1355 1526 1400 ad
1551 1356 1632 1401 hoc
1657 1355 1889 1402 dicendum
1909 1373 1918 1401 ε

276 1435 385 1479 dixit
411 1435 544 1495 quod,
581 1436 720 1481 dictus
754 1438 950 1497 loquens,
990 1439 1179 1496 magistri
1214 1440 1365 1483 Petrus
1403 1440 1597 1483 Mauricii
1634 1452 1675 1483 et
1716 1440 1918 1485 Nicolaus

279 1522 489 1578 Aucupis,
515 1522 589 1580 qui
608 1537 701 1565 eam
723 1522 1060 1566 exhortabantur
1080 1521 1132 1566 de
1152 1523 1287 1567 salute
1304 1524 1477 1577 animae,
1503 1536 1544 1567 et
1571 1522 1843 1582 inquirebant
1870 1523 1921 1568 ab

279 1621 326 1651 ea
350 1617 499 1649 utrum
525 1621 675 1649 verum
701 1619 787 1650 erat
813 1605 930 1665 quod
955 1608 1064 1664 ipsas
1088 1623 1214 1651 voces
1241 1620 1281 1651 et
1302 1608 1588 1665 apparitiones
1612 1607 1854 1662 habuisset3
1880 1621 1922 1652 et

279 1692 366 1749 ipsa
382 1689 665 1747 respondebat
691 1689 809 1748 quod
830 1691 902 1734 sic.
923 1691 973 1734 Et
995 1691 1037 1734 in
1069 1690 1141 1734 illo
1170 1692 1391 1750 proposito
1418 1693 1691 1736 continuavit
1710 1707 1848 1750 usque
1868 1691 1919 1736 ad

277 1773 425 1827 finem,
455 1786 495 1817 et
531 1789 620 1817 non
647 1773 958 1818 determinabat
986 1775 1155 1832 proprie
1179 1773 1353 1832 (saltem
1382 1773 1499 1833 quod
1527 1773 1691 1819 audiret
1711 1775 1918 1835 loquens)

279 1859 322 1901 in
356 1873 440 1916 qua
475 1858 612 1916 specie
648 1858 892 1911 veniebant,
927 1859 1024 1912 nisi,
1062 1871 1190 1916 prout
1227 1858 1381 1902 melius
1415 1858 1578 1912 recolit,
1613 1858 1842 1904 veniebant
1874 1861 1917 1903 in

279 1957 433 1999 magna
461 1941 742 1986 multitudine
775 1954 816 1985 et
857 1943 1095 2000 quantitate
1133 1942 1329 1985 minima.
1367 1942 1419 1986 Et
1464 1943 1639 2001 insuper
1683 1942 1733 1986 ab
1769 1941 1932 1987 eadem>

277 2025 476 2081 johanna
501 2024 584 2069 dici
611 2039 651 2069 et
675 2025 870 2070 confiteri
899 2026 973 2068 illo
998 2039 1101 2070 tunc
1123 2024 1287 2070 audivit
1304 2025 1438 2084 quod,
1459 2042 1507 2069 ex
1536 2041 1626 2084 quo
1650 2026 1919 2070 ecclesiastici

279 2109 482 2153 tenebant
506 2121 546 2152 et
562 2108 790 2154 credebant
816 2109 949 2168 quod,
976 2111 1009 2153 si
1033 2110 1107 2168 qui
1136 2122 1277 2153 essent
1293 2111 1468 2167 spiritus
1486 2110 1708 2154 venientes
1731 2109 1782 2153 ad
1810 2125 1922 2164 eam,

280 2192 509 2237 veniebant
534 2206 576 2237 et
602 2192 886 2252 procedebant
906 2209 928 2236 a
950 2193 1149 2251 malignis
1172 2193 1407 2252 spiritibus,
1439 2194 1527 2251 ipsa
1547 2194 1676 2237 etiam
1698 2192 1868 2237 tenebat
1883 2206 1924 2237 et

280 2275 474 2320 credebat
493 2276 573 2320 hoc
591 2276 709 2334 quod
729 2276 827 2320 dicti
850 2276 1117 2320 ecclesiastici
1137 2292 1185 2320 ex
1203 2276 1283 2320 hoc
1301 2276 1505 2320 tenebant
1525 2289 1567 2320 et
1581 2275 1822 2330 credebant,
1846 2292 1924 2320 nec

281 2360 466 2417 amplius
499 2361 599 2418 ipsis
624 2359 842 2417 spiritibus
858 2359 987 2403 fidem
1001 2359 1202 2403 adhibere
1223 2362 1237 2384 ⁸
1257 2359 1440 2403 volebat.
1466 2360 1531 2413 Et,
1555 2372 1685 2417 prout
1705 2358 1846 2403 eidem
1860 2359 1920 2403 lo-

280 2445 431 2502 quenti
451 2443 638 2497 videtur,
668 2445 755 2502 ipsa
780 2443 979 2500 Johanna
998 2458 1074 2502 pro
1100 2455 1204 2487 tunc
1231 2459 1330 2486 sana
1356 2456 1443 2486 erat
1471 2455 1633 2486 mente.

341 2529 450 2571 Item
474 2527 580 2571 dixit
607 2529 694 2586 ipse
717 2528 899 2585 loquens
926 2526 1063 2586 quod,
1092 2526 1242 2570 eadem
1263 2526 1345 2580 die,
1374 2543 1396 2570 a
1415 2526 1525 2570 dicta
1539 2526 1736 2582 johanna
1756 2525 1922 2570 audivit

281 2610 361 2655 dici
386 2625 427 2655 et
448 2611 642 2655 confiteri
669 2610 804 2670 quod,
830 2611 930 2655 licet
954 2612 996 2654 in
1022 2612 1109 2655 suis
1129 2609 1472 2654 confessionibus
1497 2621 1540 2654 et
1567 2609 1920 2667 responsionibus

280 2710 322 2737 se
345 2697 533 2752 jactasset
558 2694 761 2752 angelum
793 2695 871 2738 Dei
893 2707 1136 2752 apportasse
1163 2709 1370 2737 coronam
1398 2693 1456 2736 illi
1484 2708 1615 2751 quem
1643 2692 1743 2737 dicit
1772 2708 1918 2751 regem

282 2794 428 2831 suum,
458 2791 498 2821 et
525 2779 659 2835 ipsam
680 2778 926 2834 Johannam
955 2777 1117 2821 dictum
1152 2777 1356 2835 angelum
1392 2777 1636 2830 associasse,
1662 2775 1769 2820 dum
1785 2777 1919 2834 ipsam

337 2990 365 3012 1.
386 2979 451 3012 AC
475 2990 485 3011 .·
510 2978 743 3012 Tozttmoullid.
765 3000 811 3004 —
842 2990 874 3013 2.
902 2979 969 3012 AC
990 2991 1000 3013 .·
1020 2991 1065 3013 eo.
1091 3000 1137 3003 —
1166 2989 1196 3023 3.
1219 2978 1252 3013 A
1279 2987 1377 3012 omet
1397 2978 1501 3013 dixit.
1522 2997 1564 3017 —‚-
1591 2987 1625 3019 4.
1644 2977 1712 3011 AC
1735 2989 1746 3011 .·
1764 2977 1850 3022 suit.
1873 2997 1918 3001 -—

288 3047 318 3080 5.
347 3037 446 3079 Ibid„
471 3037 565 3071 idem.
587 3059 630 3062 —
655 3038 692 3075 6.
720 3038 786 3073 AC
803 3047 977 3072 omettent
997 3038 1137 3084 decepta,
1165 3059 1210 3062 —
1231 3049 1264 3082 7.
1287 3037 1319 3081 Q
1339 3049 1350 3071 .·
1369 3038 1449 3083 qui;
1471 3036 1567 3070 ΑΒΕ
1584 3048 1595 3070 .·
1612 3037 1696 3082 quis.
1720 3057 1767 3060 —
1793 3036 1826 3070 8.
1850 3036 1881 3069 Α
1907 3048 1917 3070 .·

284 3095 441 3129 exhihere.

2087 2826 2099 2863 ἓ

2079 2918 2099 2972 ἐ.

2080 2982 2099 3033 ῙΞ

2075 3033 2099 3102 ’ἒ

2069 3104 2099 3356 Ξ
