2099 3356
362 212 443 266 306
640 208 798 251 PRocr'zs
830 222 886 251 DE
919 221 1272 251 CONDAMNArioN
1309 222 1363 250 DE
1394 222 1560 263 JEANNE
1593 207 1721 251 D'ARC

358 322 560 375 adstricti,
584 319 724 365 eidem
747 319 975 376 Johannae,
998 319 1049 363 ad
1077 319 1262 364 salutem
1303 322 1459 365 animae
1480 334 1522 366 et
1545 321 1733 379 corporis
1756 321 1862 377 ejus,
1887 319 2003 364 fruc-

362 419 540 451 tuosum
571 404 802 448 consilium
847 415 1095 460 praestarent
1125 421 1135 458 ;
1184 417 1225 447 et
1251 405 1284 447 si
1327 419 1436 462 quos
1469 405 1558 462 ipsa
1575 403 1773 460 Johanna
1802 403 1907 447 alios
1953 402 2004 446 ab

362 490 443 533 illis
463 500 739 546 cognosceret
759 486 810 531 ad
833 487 915 530 hoc
934 499 1071 544 aptos,
1099 486 1384 531 offerebamus
1408 487 1514 532 alios
1542 487 1621 531 sibi
1647 486 1944 532 administrare
1975 494 2004 539 ¹,

363 573 414 617 ad
453 572 531 615 sibi
564 569 851 628 praestandum
880 570 1110 614 consilium
1141 583 1182 614 et
1211 571 1544 616 instructionem
1566 570 1619 616 de
1655 571 1721 615 his
1747 587 1844 630 quae
1882 568 2008 614 habe-

359 670 419 700 ret
447 671 583 714 agere,
613 667 758 698 tenere
782 667 822 697 et
849 652 1048 708 credere;
1079 653 1357 712 adjungendo
1385 654 1503 713 quod
1537 670 1708 699 eramus
1738 652 2006 698 ecclesiastici

355 742 433 783 viri
474 738 524 783 ad
556 740 635 783 hoc
657 739 811 792 vocati,
851 738 1086 782 voluntarii
1111 750 1151 782 et
1183 737 1395 792 inclinati,
1424 739 1644 797 paratique
1695 736 1915 782 attendere
1953 736 2003 780 ad

355 824 538 868 salutem
565 823 721 866 animae
740 835 780 865 et
807 822 997 879 corporis
1026 821 1353 879 procurandam,
1371 822 1578 867 omnibus
1606 823 1685 866 viis
1710 819 2001 879 possibilibus,

355 904 730 966 quemadmodum
752 920 828 963 pro
851 906 1008 949 nostris
1026 906 1282 964 propinquis
1301 917 1343 948 et
1371 896 1447 963 pro
1475 904 1691 949 nobismet
1718 905 1818 963 ipsis
1846 903 2004 948 facere-

356 1007 467 1034 mus.
517 991 562 1033 Et
590 989 771 1046 singulis
795 988 945 1032 diebus
987 990 1179 1032 contenti
1214 1005 1384 1033 eramus
1425 988 1728 1047 hujuscemodi
1772 989 1885 1031 viros
1923 985 2002 1030 sibi

354 1073 649 1117 administrare
678 1088 754 1130 pro
776 1073 866 1128 ejus
895 1073 1181 1115 instructione
1205 1071 1362 1126 debita,
1391 1085 1431 1116 et
1457 1072 1712 1130 generaliter
1738 1086 1870 1115 omne
1898 1069 2003 1114 illud

355 1173 474 1216 agere
489 1156 605 1215 quod
635 1156 875 1199 Ecclesiain
903 1155 1058 1199 talibus
1086 1157 1327 1209 consuevit,
1353 1171 1449 1214 quae
1475 1172 1563 1200 non
1589 1155 1751 1199 claudit
1784 1155 2003 1212 gremium

356 1240 568 1284 redeunti.
595 1240 795 1283 Finaliter
822 1238 963 1283 eidem
990 1239 1203 1295 Johannae
1226 1239 1414 1283 diximus
1435 1238 1552 1297 quod
1573 1250 1829 1297 praesentem
1851 1237 2006 1282 admo-

355 1326 571 1368 nitionem
597 1322 862 1367 salutiferam
892 1322 998 1366 bene
1033 1322 1321 1367 consideraret
1356 1339 1401 1367 ac
1426 1322 1651 1368 efficaciter
1689 1319 2001 1381 insequeretur.

361 1406 494 1461 Quod
526 1409 558 1451 si
588 1408 676 1450 istis
701 1408 947 1459 contrairet,
989 1406 1218 1451 innitendo
1255 1408 1430 1466 proprio
1469 1407 1614 1451 sensui
1642 1419 1683 1451 et
1717 1407 1842 1464 capiti
1888 1407 2005 1450 inex-

366 1504 502 1550 perto,
531 1507 624 1534 eam
654 1507 733 1535 nos
762 1490 1002 1549 relinquere
1037 1503 1255 1548 oporteret
1277 1508 1288 1545 ;
1324 1506 1374 1534 ex
1413 1506 1503 1549 quo
1532 1489 1800 1535 considerare
1839 1501 2003 1548 poterat

364 1575 489 1634 quale
533 1574 773 1633 periculum
827 1573 980 1618 exinde
1022 1573 1101 1618 sibi
1146 1573 1352 1618 accideret
1376 1592 1386 1628 ;
1429 1573 1548 1633 quod
1583 1591 1661 1619 nos
1685 1575 1786 1618 totis
1834 1572 2000 1618 viribus

359 1672 539 1718 totaque
564 1659 788 1702 affectione
810 1659 943 1702 vitare
971 1658 1283 1717 quaerebamus.

414 1742 484 1786 Ad
518 1759 613 1801 quae
650 1741 761 1786 dicta
798 1742 996 1797 Johanna
1033 1741 1251 1799 respondit
1282 1751 1294 1767 ²
1329 1741 1446 1800 quod
1490 1741 1790 1799 regratiabatur
1832 1739 1884 1785 de
1936 1740 2003 1784 his

353 1842 448 1885 quae
467 1825 544 1869 sibi
567 1825 813 1870 dicebamus
838 1841 914 1883 pro
941 1841 1017 1869 sua
1040 1825 1203 1879 salute;
1236 1825 1380 1869 dicens
1402 1825 1581 1869 ulterius
1613 1842 1620 1868 :
1645 1842 1664 1864 «
1690 1824 1873 1869 Videtur
1894 1824 2002 1868 mihi

352 1909 470 1968 quod
490 1926 586 1954 sum
607 1911 649 1952 in
680 1925 838 1967 magno
858 1909 1045 1967 periculo
1065 1911 1232 1959 mortis,
1261 1910 1347 1952 visa
1364 1909 1612 1953 infirmitate
1632 1925 1761 1967 quam
1781 1907 1944 1962 habeo;
1961 1920 2002 1952 et

351 1995 384 2036 si
413 1995 468 2036 ita
495 1995 548 2037 sit
575 1992 693 2051 quod
725 1995 838 2037 Deus
867 1992 968 2036 velit
989 1992 1123 2036 facere
1147 1993 1351 2051 placitum
1379 2008 1508 2036 suum
1533 1991 1584 2036 de
1608 2007 1692 2046 me,
1729 2008 1810 2050 ego
1832 1992 2004 2050 requiro

350 2093 426 2120 vos
448 2077 565 2135 quod
590 2076 768 2120 habeam
806 2075 1141 2129 confessionem,
1171 2090 1494 2120 sacramentum
1517 2076 1786 2120 eucharistiae
1811 2088 1850 2119 et
1884 2074 2002 2133 quod

353 2161 529 2218 sepeliar
557 2162 599 2203 in
629 2174 776 2204 sancta
806 2173 927 2204 terra.
964 2176 982 2198 »

351 2314 397 2353 el,
419 2308 489 2346 nisi
506 2308 665 2360 eligerel,
692 2308 874 2346 millerent
911 2307 1053 2346 dommi
1086 2307 1222 2358 judices
1242 2307 1285 2346 de
1310 2307 1393 2361 ipsis
1410 2306 1567 2346 dominis
1586 2306 1791 2346 doctoribus
1816 2306 1864 2345 ad
1902 2320 1998 2354 eant,

351 2386 418 2432 pro
439 2379 513 2432 ipsa
537 2379 755 2418 consulenda
780 2384 810 2418 cl
838 2378 1055 2418 reducenda.

407 2452 515 2497 Item,
538 2449 633 2503 quod
659 2450 767 2489 eliam
786 2449 982 2503 offerebant
1006 2449 1146 2488 domini
1167 2449 1305 2501 judices
1333 2450 1421 2489 dare
1451 2449 1563 2489 eidem
1583 2449 1762 2498 Jolmnnae
1789 2448 1998 2497 consilium,

358 2520 510 2559 dorlorcs
531 2520 567 2558 1'11
589 2534 689 2559 sacra
712 2520 886 2573 lheologia
906 2526 937 2559 cl
952 2521 1038 2572 jure
1056 2520 1226 2560 canonico
1248 2525 1279 2558 el
1303 2520 1420 2559 civili.

409 2593 518 2637 Imm,
541 2591 678 2630 diclum
695 2592 775 2643 suit
793 2592 824 2630 ei
846 2592 956 2644 qnod,
989 2592 1060 2631 nisi
1080 2591 1181 2630 vellet
1201 2592 1356 2645 accipere
1375 2591 1586 2639 consilium,
1611 2596 1642 2630 cl
1655 2592 1780 2644 facere
1799 2598 1866 2645 per
1888 2591 2001 2632 consi-

361 2662 452 2700 lium
476 2662 655 2710 Ecclesiae,
680 2663 754 2715 ipsu
775 2668 858 2701 esse!
880 2664 916 2701 in
943 2664 1103 2701 maximo
1119 2662 1295 2716 periculo.

413 2734 600 2785 Respond
622 2734 667 2772 ad
690 2748 733 2773 ce
756 2749 762 2772 :
801 2751 818 2770 «
849 2734 878 2772 Il
912 2748 975 2773 me
997 2734 1163 2781 semble,
1193 2747 1264 2773 veu
1284 2734 1319 2772 la
1342 2734 1512 2773 maladie
1534 2747 1611 2787 que
1637 2733 1725 2786 j’ay,
1748 2748 1824 2787 que
1850 2735 1883 2786 je
1920 2734 2000 2772 suis

353 2818 401 2842 en
426 2814 538 2857 grant
563 2805 658 2857 peril
697 2805 744 2844 de
770 2815 886 2844 mort.
915 2807 958 2844 Et
983 2819 1023 2844 se
1048 2806 1146 2844 ainsi
1180 2814 1237 2844 est
1268 2818 1344 2858 que
1368 2806 1467 2844 Dieu
1498 2805 1642 2844 veuille
1667 2804 1762 2844 faire
1790 2800 1862 2844 son
1899 2805 2002 2857 plai-
2063 2807 2074 2811 ”

350 2876 401 2913 sir
424 2876 469 2914 de
489 2889 599 2928 moy,
627 2878 659 2927 je
685 2890 784 2914 vous
806 2878 962 2929 sequier
991 2877 1100 2915 avoir
1131 2876 1383 2923 confession,
1418 2885 1456 2915 et
1479 2890 1574 2915 mon
1598 2875 1791 2915 Saulveur
1812 2877 1932 2924 aussi,
1959 2885 1996 2915 et

354 2959 402 2984 en
423 2946 458 2984 la
481 2956 582 2985 terre
608 2948 755 2986 saincte
780 2964 815 2985 ».

406 3128 433 3150 1.
459 3117 487 3152 (j
506 3130 514 3150 :
538 3119 740 3151 ministrare.
768 3139 806 3143 —
828 3129 860 3152 2.
882 3118 911 3152 C
931 3130 972 3152 en
996 3131 1115 3163 marge
1141 3131 1150 3152 .·
1169 3119 1341 3165 Responsio
1355 3119 1525 3163 Johanuae.

2067 2826 2089 2841 J»

2073 2845 2088 2879 ἲ

2069 2901 2086 2957 ‚³3

2064 2965 2082 3012 ἶ

2060 3321 2074 3330 ’-
2063 3286 2073 3310 -4
2059 3255 2070 3277 “²
2058 3079 2080 3238 <emit-»Lyn
2064 3028 2090 3072 ,μά
