2099 3356
377 194 535 238 PRocizs
569 208 623 237 DE
655 208 1005 238 CONDAMNATION
1042 209 1098 237 DE
1129 210 1296 251 JEANNE
1328 195 1454 238 D’ARc
1657 207 1734 250 193

154 309 237 351 Die
268 309 429 361 martis,
455 321 592 352 XXVII.
627 307 844 362 februarii,
869 308 1127 365 interrogata
1163 323 1292 366 quare
1324 309 1413 366 ipsa
1451 323 1542 351 non
1582 307 1738 364 recepit

94 403 321 436 tractatum
346 407 446 435 cum
473 393 697 450 capitaneo
713 390 764 435 de
781 392 990 448 Gergueazc
1016 400 1024 416 ¹
1059 408 1067 435 :
1093 391 1312 449 respondit
1333 390 1451 450 quod
1475 389 1645 434 domini
1687 388 1738 432 de

95 488 210 534 parte
229 491 303 518 sua
323 475 640 533 responderunt
671 475 864 534 Anglicis
891 474 1009 533 quod
1041 476 1118 533 ipsi
1144 492 1233 519 non
1266 475 1470 519 haberent
1500 474 1739 518 terminum

95 557 347 618 quindecim
367 557 537 602 dierum
561 575 692 616 quem
720 557 935 616 petebant,
962 557 1035 602 sed
1073 557 1317 602 recederent
1350 573 1450 602 cum
1483 558 1570 601 suis
1601 557 1738 615 equis,

43 667 45 669 ·
97 643 143 686 in
164 641 269 686 hora
299 654 403 685 tunc
440 643 652 700 praesenti.
685 643 735 686 Et
761 654 977 700 quantum
1001 640 1052 685 ad
1080 643 1234 700 ipsam,
1264 640 1371 685 dixit
1395 642 1454 685 eis
1479 640 1596 700 quod
1624 656 1742 683 rece—

97 725 247 770 derent
287 727 332 769 in
366 742 446 770 suo
484 727 673 784 gippone
712 741 787 770 seu
821 727 983 779 tunica,
1026 727 1113 769 vita
1144 742 1296 770 eorum
1332 726 1460 778 salva,
1504 726 1537 768 si
1558 724 1741 777 vellent3

97 809 198 853 alias
218 822 470 868 caperentur
489 809 541 854 de
556 809 808 854 insultu.—
822 810 1100 867 Interrogata,
1123 811 1155 853 si
1179 809 1374 852 habuerit
1389 808 1741 852 deliberationem

97 909 199 937 cum
220 893 402 937 consilio
422 909 519 947 suo,
547 892 744 937 videlicet
765 909 865 937 cum
883 894 970 936 suis
989 892 1182 946 vocibus,
1206 905 1354 937 utrum
1377 892 1492 936 daret
1512 893 1572 935 eis
1596 893 1745 936 termi-

90 993 207 1020 num
223 992 275 1020 an
298 993 388 1021 non
419 994 427 1021 ε
455 976 677 1036 respondit
697 976 815 1035 quod
844 976 895 1020 de
924 976 1005 1021 hoc
1035 993 1123 1020 non
1153 976 1279 1020 habet
1301 977 1575 1020 memoriam.

160 1134 279 1176 XIX.
313 1134 470 1187 «ITEM,
495 1133 607 1177 dicta
623 1132 1073 1189 Johanna,daemones
1093 1132 1362 1176 consulendo
1384 1146 1425 1175 et
1454 1131 1618 1176 utendo
1634 1131 1748 1175 divi-

102 1216 368 1270 nationibus,
392 1217 509 1260 misit
525 1217 758 1274 quaesitum
786 1215 1020 1274 quemdam
1045 1232 1193 1260 ensem
1216 1216 1474 1260 absconsum
1503 1216 1548 1259 in
1573 1215 1748 1259 ecclesia

101 1302 238 1345 Beatae
264 1301 511 1344 Katharinae
535 1299 587 1344 de
610 1299 784 1344 Fierhois
809 1308 838 1351 ²,
865 1313 939 1344 aut
972 1316 1105 1359 quem
1137 1301 1367 1351 malitiose,
1396 1298 1688 1344 fraudulenter
1710 1311 1750 1342 et

100 1385 251 1429 dolose
278 1383 505 1428 abscondit
524 1385 614 1427 sive
637 1383 841 1428 abscondi
867 1383 965 1428 fecit
993 1385 1037 1427 in
1058 1383 1169 1428 dicta
1195 1384 1385 1437 ecclesia,
1416 1396 1481 1437 ut,
1505 1382 1751 1427 seducendo

103 1470 330 1527 principeS,
343 1467 524 1522 nobiles,
536 1468 699 1512 clerum
717 1480 758 1511 et
768 1468 997 1527 populum,
1011 1483 1085 1512 eos
1095 1467 1315 1512 induceret
1327 1467 1379 1512 ad
1398 1467 1564 1511 facilius
1574 1466 1753 1511 creden-

103 1552 210 1597 dum
234 1551 352 1611 quod
368 1553 456 1610 ipsa
473 1567 546 1609 per
567 1552 874 1596 revelationem
897 1551 1053 1596 sciebat
1068 1550 1232 1596 dictum
1255 1568 1402 1596 ensem
1426 1553 1469 1595 in
1483 1550 1637 1595 eodem
1658 1550 1752 1594 loco

99 1652 209 1690 esse,
238 1649 278 1680 et
303 1652 377 1694 per
403 1635 494 1679 haec
521 1648 563 1679 et
592 1635 763 1689 similia,
799 1637 841 1678 in
871 1635 1062 1680 dicendis
1085 1637 1173 1679 suis
1200 1635 1305 1679 fides
1332 1634 1508 1679 indubia
1535 1634 1615 1678 sibi
1654 1634 1754 1678 faci-

104 1721 188 1765 lius
209 1718 500 1764 adhiberetur.
534 1737 553 1759 »

162 1803 181 1825 '¹‘
198 1803 265 1847 Ad
295 1803 411 1847 hunc
432 1811 441 1835 ⁵
470 1803 715 1853 articulum,
739 1802 851 1848 dicta
867 1803 934 1848 die
956 1804 1119 1857 martis,
1147 1818 1282 1847 xxvii.
1307 1804 1467 1857 martii,
1491 1801 1751 1861 respondet4

90 1886 220 1947 ‘quod
241 1903 284 1931 se
312 1886 437 1931 refert
462 1887 514 1931 ad
535 1903 582 1931 ea
603 1903 699 1945 quae
717 1903 844 1946 super
871 1888 954 1932 hoc
973 1888 1076 1931 alias
1089 1887 1329 1946 respondit3
1346 1900 1388 1931 et
1410 1886 1632 1931 residuum
1654 1888 1756 1930 arti-

107 1972 192 2016 culi
220 1984 360 2029 negat.

165 2056 247 2100 Die
290 2056 454 2108 martis,
498 2069 636 2098 xxvll.
667 2054 883 2109 februarii,
929 2057 1189 2114 interrogata
1231 2057 1265 2099 si
1302 2055 1430 2099 fuerit
1462 2054 1513 2099 ad
1553 2056 1753 2099 Sanctam

107 2139 387 2183 Katharinam
411 2137 463 2182 de
484 2139 663 2197 Fierboys
688 2156 696 2182 ε
725 2139 946 2198 respondit
972 2138 1092 2198 quod
1109 2141 1184 2193 sic,
1211 2152 1251 2183 et
1276 2139 1332 2182 ibi
1357 2138 1523 2183 audivit
1546 2151 1631 2182 tres
1652 2139 1759 2182 mis-

106 2240 169 2268 sas
188 2239 275 2268 una
296 2222 380 2276 die,
412 2235 452 2266 et
473 2222 627 2267 abinde
656 2225 825 2268 recessit
842 2223 893 2268 ad
909 2223 1055 2267 villam
1083 2223 1135 2267 de
1160 2224 1333 2268 Chinon.
1367 2224 1494 2277 Item,
1519 2222 1674 2272 eadem
1691 2221 1759 2266 die

112 2308 273 2361 martis,
297 2321 431 2350 xxvn.
463 2305 682 2361 februarii,
701 2306 807 2351 dixit
833 2307 953 2366 quod
981 2308 1069 2365 ipsa
1099 2306 1249 2351 habuit
1272 2323 1413 2351 unum
1441 2323 1605 2360 ensem,
1626 2322 1758 2365 quem

111 2407 134 2435 a
156 2391 256 2434 villa
276 2390 525 2434 Turonensi
550 2390 616 2434 Vel
641 2391 797 2435 Chinon
826 2392 943 2435 misit
969 2393 1201 2450 quaesitum
1229 2389 1343 2449 apud
1372 2391 1571 2434 Sanctam
1598 2390 1762 2434 Katha-

114 2476 254 2519 rinam
275 2474 327 2519 de
339 2473 541 2533 Fierboys;
570 2476 645 2532 qui
673 2476 788 2519 ensis
812 2476 955 2519 eratin
982 2488 1105 2529 terra,
1132 2487 1244 2519 retro
1260 2475 1389 2518 altare
1416 2486 1573 2518 sanctae
1596 2474 1761 2517 Katha-

115 2561 239 2614 rinae3
265 2573 307 2604 et
336 2561 435 2604 satis
459 2561 545 2604 cito
582 2572 773 2618 repertus
800 2559 881 2603 fuit
918 2558 1058 2603 dictus
1097 2560 1210 2603 ensis
1237 2571 1354 2603 totus
1379 2558 1668 2616 rubiginosus.
1705 2585 1763 2588 —

167 2765 184 2781 *
202 2765 334 2812 Quoad
356 2764 535 2803 decimum
566 2778 720 2812 nonum,
739 2778 772 2803 sc
801 2763 908 2817 refert
928 2763 976 2802 ad
1008 2777 1047 2802 ca
1074 2777 1154 2817 quen
1173 2763 1267 2802 alias
1289 2770 1397 2817 super
1421 2763 1482 2802 hoc
1516 2762 1703 2816 responsis,
1735 2767 1765 2800 e!

118 2836 305 2874 residuum
325 2835 479 2875 articuli
498 2840 602 2889 negat
624 2842 650 2874 5.

173 3050 201 3073 1.
223 3038 253 3073 C
275 3050 287 3074 .·
314 3038 477 3085 Gergeau.
499 3060 546 3064 —
574 3049 607 3073 2.
634 3038 664 3073 C
687 3052 696 3073 :
723 3039 890 3085 Pierboys.
912 3059 959 3064 ——
988 3048 1018 3083 3.
1041 3039 1072 3073 A
1097 3050 1107 3072 :
1135 3038 1294 3073 decimum
1328 3050 1464 3073 nonum.
1494 3059 1540 3063 —-
1560 3049 1592 3081 4.
1617 3038 1644 3071 B
1666 3050 1675 3071 :
1698 3049 1768 3072 res-

113 3098 247 3143 pondit.
272 3119 318 3123 —
339 3109 369 3142 5.
396 3099 435 3140 U,
455 3098 517 3133 fol.
540 3098 596 3140 28,
618 3108 665 3132 r0.

229 3164 354 3193 Pnociss
376 3173 418 3193 DE
439 3163 566 3203 JEANNE
590 3164 704 3193 D’ARc.
1629 3172 1662 3203 13
