2099 3356
383 168 462 210 128
657 168 814 211 PRocfzs
846 181 903 210 DE
935 181 1286 212 CONDAMNATION
1321 182 1377 212 DE
1407 182 1570 224 JEANNE
1603 168 1727 212 D'ARC

375 291 469 324 cato
497 279 684 334 mortali,
711 292 769 334 et,
792 281 826 324 si
854 280 996 324 fecerit
1020 293 1243 339 peccatum
1268 280 1466 335 mortale,
1495 281 1577 325 hoc
1609 293 1672 325 est
1705 297 2018 341 recognoscen-

373 362 479 408 dum
501 364 596 408 Deo
616 376 657 407 et
677 363 884 408 sacerdoti
909 365 953 407 in
979 363 1263 408 confessione.

431 446 498 490 Ad
522 446 779 501 secundum,
814 447 865 491 de
889 463 1020 507 equo,
1051 446 1271 506 respondit
1295 447 1411 506 quod
1443 448 1577 492 credit
1603 448 1783 492 firmiter
1814 447 1933 507 quod
1960 447 2012 493 de

371 530 453 574 hoc
477 547 566 574 non
587 529 712 574 habet
740 544 961 589 peccatum
980 547 1075 589 erga
1096 532 1257 584 Deum,
1285 533 1384 590 quia
1407 547 1544 590 equus
1571 531 1640 576 ille
1665 530 1749 576 fuit
1776 533 2015 577 aestimatus

370 612 421 657 ad
451 629 669 657 summam
702 614 756 657 IIc
783 614 1025 658 salutorum
1057 630 1304 668 aureorum,
1334 614 1450 659 unde
1486 616 1575 674 ipse
1608 617 1831 674 episcopus
1865 615 2015 659 habuit

370 698 705 754 assignationem
727 715 738 752 3
763 710 802 741 et
824 710 969 742 tamen
998 697 1110 742 idern
1140 714 1277 758 equus
1301 698 1381 742 fuit
1408 700 1610 743 remissus
1633 697 1816 744 domino
1836 697 1888 743 de
1911 698 2014 743 Tre-

370 781 534 824 moillia
561 789 589 835 ¹,
618 796 695 839 pro
723 780 941 826 reddendo
967 798 1069 826 eum
1098 783 1176 841 ipsi
1201 783 1402 841 episcopo
1424 782 1762 837 Silvanectensi3
1794 798 1871 827 nec
1896 781 2014 826 vale-

372 863 439 907 bat
458 863 597 908 dictus
618 880 755 923 equus
782 863 832 908 ad
853 864 1137 923 equitandum
1173 881 1248 923 pro
1285 867 1387 924 ipsa.
1415 866 1555 910 Etiam
1592 867 1680 925 ipsa
1716 882 1806 910 non
1830 867 2014 910 removit

370 947 493 991 illum
516 947 567 991 ab
585 949 785 1006 episcopo
811 949 917 1007 ipso.
942 949 1061 993 Dixit
1082 951 1210 993 etiam
1238 948 1373 1007 quod,
1399 965 1448 993 ex
1470 949 1548 993 alia
1573 962 1703 1008 parte,
1728 966 1816 994 non
1841 948 2012 994 volebat

369 1032 565 1085 retinere,
592 1032 692 1090 quia
710 1031 875 1076 audivit
896 1032 1013 1090 quod
1036 1034 1122 1090 ipse
1147 1033 1372 1092 episcopus
1393 1046 1479 1077 erat
1503 1033 1612 1077 male
1640 1045 1870 1078 contentus
1893 1032 2010 1092 quod

364 1130 467 1159 suus
485 1131 621 1174 equus
646 1128 792 1174 captus
819 1115 970 1170 fuerat,
995 1130 1053 1171 et,
1078 1133 1176 1160 curn
1196 1116 1293 1170 hoc,
1323 1118 1423 1176 quia
1447 1133 1583 1176 equus
1605 1118 1691 1175 ipse
1713 1116 1821 1160 nihil
1845 1116 2009 1161 valebat

366 1214 442 1255 pro
477 1198 678 1257 gentibus
714 1215 951 1243 armorum.
985 1200 1203 1253 Finaliter,
1244 1217 1319 1258 pro
1352 1201 1645 1255 conclusione,
1685 1202 1772 1258 ipsa
1811 1200 2010 1256 Johanna

366 1281 496 1323 nescit
523 1296 574 1323 an
601 1279 714 1324 idem
732 1281 953 1338 episcopus
979 1281 1107 1325 fuerit
1134 1281 1374 1339 persolutus
1401 1281 1451 1326 de
1479 1282 1763 1339 assignatione
1783 1280 1862 1324 sibi
1883 1281 2005 1336 facta,

365 1379 441 1407 nec
460 1365 588 1407 etiam
610 1365 643 1407 si
673 1363 868 1408 habuerit
890 1366 1206 1409 restitutionem
1230 1366 1296 1409 sui
1317 1366 1416 1423 equi
1437 1380 1446 1414 3
1479 1378 1519 1409 et
1540 1366 1724 1409 aestimat
1751 1364 1867 1424 quod
1897 1381 2001 1409 non.

424 1446 490 1490 Ad
519 1448 696 1491 tertium
734 1464 849 1502 vero,
873 1447 923 1492 de
953 1449 1025 1492 illo
1061 1465 1159 1493 casu
1181 1464 1203 1492 a
1230 1450 1334 1493 turri
1369 1447 1420 1493 de
1458 1449 1710 1501 Beaurevoir,
1740 1447 1960 1506 respondit
1991 1464 2000 1492 :

369 1547 388 1570 «
420 1530 508 1588 Ego
530 1529 732 1575 faciebam
762 1531 843 1575 hoc
862 1548 950 1575 non
976 1547 1052 1590 pro
1077 1531 1358 1589 desperando,
1379 1531 1449 1576 sed
1479 1533 1522 1576 in
1541 1548 1612 1590 spe
1639 1531 1827 1576 salvandi
1849 1547 2004 1590 corpus

367 1629 515 1658 meum
541 1627 581 1658 et
617 1614 747 1658 eundi
776 1614 826 1658 ad
854 1614 1191 1660 succurrendum
1217 1615 1408 1674 pluribus
1435 1616 1558 1660 bonis
1591 1615 1790 1674 gentibus
1817 1617 2004 1660 existen—

364 1769 476 1821 point
514 1780 613 1808 estre
645 1783 692 1808 en
725 1770 865 1823 pe'cliie
896 1770 1037 1809 inortel
1063 1785 1071 1818 ;
1096 1780 1132 1809 ct
1163 1784 1201 1809 se
1224 1771 1257 1823 je
1280 1770 1355 1823 l'ay
1378 1770 1460 1817 fait,
1485 1770 1578 1809 c'est
1612 1771 1631 1809 a
1664 1771 1764 1809 Dieu
1787 1769 1873 1809 d'en
1900 1783 2000 1809 con-

360 1842 552 1893 gnoistrc,
576 1851 611 1880 et
630 1854 678 1879 en
701 1840 930 1880 confession
956 1842 975 1880 a
1001 1843 1101 1880 Dieu
1126 1851 1163 1880 et
1185 1855 1231 1880 au
1256 1841 1474 1895 presbtre2.

413 1914 474 1951 Au
493 1913 657 1960 second,
684 1913 736 1951 du
755 1909 892 1952 chei‘al
915 1914 961 1952 de
986 1915 1271 1965 monseigneur
1294 1914 1424 1952 Senliz
1458 1927 1464 1951 :
1497 1913 1668 1966 respond
1700 1913 1844 1967 qu’elle
1879 1914 1999 1953 croist

358 1983 593 2023 fermement
612 1984 757 2037 qu’elle
780 1984 869 2023 n'en
890 1998 909 2023 a
931 1985 1044 2037 point
1063 1985 1110 2023 de
1133 1985 1272 2037 pecliic'¹
1295 1985 1436 2024 mortel
1462 1998 1600 2024 envers
1623 1994 1755 2024 nostre
1779 1985 1878 2032 Sire,
1895 1998 1999 2038 pour

359 2069 401 2094 ce
427 2055 521 2108 qu’il
547 2070 585 2094 se
605 2056 743 2094 estime
769 2056 787 2094 21
807 2056 909 2094 deux
931 2069 1024 2095 cens
1049 2056 1151 2094 salus
1171 2055 1270 2104 d’or,
1294 2056 1391 2095 dont
1416 2056 1441 2095 il
1464 2070 1511 2095 en
1534 2056 1618 2095 oult
1652 2056 1902 2109 assignacion
1927 2070 1936 2104 ;
1961 2065 1998 2095 et

358 2127 618 2166 toustesvoics
638 2127 662 2165 il
685 2126 741 2166 sut
766 2129 939 2180 rem-oye
965 2141 1012 2166 au
1033 2128 1218 2180 seigneur
1238 2128 1284 2166 de
1308 2127 1342 2166 la
1363 2128 1595 2166 Tremoulle
1623 2141 1726 2181 pour
1746 2127 1781 2166 la
1812 2127 1952 2166 rendre
1977 2127 1998 2165 a

360 2199 644 2251 monseigncur
661 2198 707 2237 de
735 2199 865 2237 Senliz
884 2213 892 2246 3
919 2208 956 2237 et
981 2212 1028 2237 ne
1052 2199 1175 2237 valoit
1197 2199 1280 2238 rien
1303 2198 1398 2238 ledit
1423 2199 1559 2238 cheval
1582 2199 1602 2237 a
1627 2199 1875 2238 chevaucher
1897 2212 1998 2252 pour

359 2269 447 2308 elle.
475 2271 519 2308 Et
541 2270 571 2308 si
594 2270 649 2308 dit
672 2269 816 2323 qu'elle
840 2283 888 2308 ne
910 2270 944 2308 le
967 2280 1051 2309 osta
1072 2284 1138 2323 pas
1167 2271 1213 2309 de
1239 2270 1438 2323 l'evcsque
1464 2285 1472 2317 3
1505 2280 1542 2309 ct
1566 2272 1595 2309 si
1623 2271 1698 2309 dist
1722 2271 1825 2309 aussi
1851 2269 1996 2323 qu'elle

359 2341 516 2380 n’estoit
545 2342 659 2394 point
694 2351 895 2389 contente,
927 2341 1074 2380 d'autre
1112 2351 1238 2394 party,
1278 2341 1326 2380 de
1366 2341 1400 2380 le
1438 2342 1596 2389 retenir,
1632 2355 1735 2394 pour
1774 2355 1816 2380 ce
1850 2340 1993 2394 qu'elle

356 2422 426 2464 oyt
447 2426 522 2465 quc
548 2412 747 2466 l'evesque
772 2426 818 2451 en
845 2413 961 2452 estoit
991 2412 1068 2450 mal
1091 2423 1252 2452 content
1278 2427 1353 2466 que
1384 2427 1436 2451 on
1460 2414 1566 2452 avoit
1595 2413 1703 2466 prins
1728 2426 1800 2452 son
1837 2404 1990 2460 chev'al,

355 2493 392 2522 et
415 2485 519 2522 aussi
559 2497 660 2536 pour
696 2497 738 2522 ce
763 2483 860 2537 qu’il
894 2498 941 2522 ne
966 2483 1086 2522 valoit
1114 2485 1197 2522 rien
1229 2498 1330 2536 pour
1358 2498 1455 2537 gens
1478 2483 1659 2522 d'armes.
1690 2485 1736 2522 Et
1757 2498 1804 2522 en
1830 2483 1991 2522 conclu-

354 2555 456 2602 sion,
484 2554 542 2593 s'il
563 2555 621 2593 fut
638 2555 725 2608 paie
744 2555 790 2593 de
810 2554 1086 2607 l’assignacion
1109 2556 1175 2608 qui
1199 2555 1267 2608 luy
1291 2554 1369 2594 fust
1383 2554 1513 2603 faicte,
1535 2569 1582 2594 ne
1599 2555 1706 2603 scait,
1732 2568 1780 2594 ne
1803 2555 1907 2593 aussi
1929 2553 1989 2592 s'il

351 2636 436 2664 eust
453 2626 684 2665 restitucion
707 2627 753 2665 de
778 2640 851 2665 son
873 2626 1025 2674 cheval,
1058 2636 1094 2665 et
1119 2640 1240 2679 pense
1262 2640 1338 2680 que
1363 2640 1459 2665 non.

405 2698 467 2735 Au
484 2698 590 2745 tiers,
613 2697 713 2736 dela
737 2707 827 2736 tour
852 2697 899 2736 de
921 2698 1159 2736 Beaurevoir
1185 2711 1193 2736 :
1227 2697 1400 2750 respond
1424 2713 1432 2738 z
1461 2714 1479 2734 «
1500 2699 1543 2747 Je
1571 2697 1606 2736 le
1627 2696 1778 2750 faisoye
1809 2710 1891 2735 non
1919 2709 1988 2750 pas

351 2781 399 2806 en
422 2769 633 2821 esperance
656 2768 702 2806 de
725 2782 820 2821 moy
841 2768 1063 2821 deesperer,
1087 2769 1184 2808 mais
1210 2783 1257 2808 en
1277 2770 1487 2822 esperance
1509 2769 1556 2808 de
1575 2782 1714 2808 sauver
1735 2782 1830 2808 mon
1852 2780 1982 2820 corps,

349 2849 387 2878 et
408 2839 454 2878 de
476 2839 555 2878 aler
579 2841 753 2878 secourir
774 2834 973 2892 plusieurs
993 2839 1146 2879 bonnes
1166 2854 1264 2893 gens
1296 2841 1364 2893 qui
1391 2840 1561 2879 estoient
1585 2853 1634 2878 en
1660 2840 1867 2878 necessite.
1893 2855 1910 2875 »
1935 2840 1981 2877 Et

404 3024 431 3048 1.
456 3014 490 3058 Q
511 3026 521 3047 .·
561 3013 754 3048 Tremoilla.
789 3034 832 3038 —
860 3024 892 3048 2.
929 3013 1011 3056 M5.,
1047 3026 1091 3048 en
1124 3014 1287 3061 rubrique
1317 3026 1322 3048 :
1350 3014 1446 3057 Item,
1483 3013 1536 3048 die
1563 3014 1722 3048 mercurii
1742 3013 1919 3060 praedicta‚
1947 3011 1985 3046 de

355 3073 511 3119 releveyu,
531 3072 652 3107 decima
669 3077 786 3119 quarm
808 3073 939 3106 martii.
