2099 3356
364 160 522 204 PRoci'zs
555 174 612 203 DE
643 170 995 202 coNDAMNATION
1030 171 1087 200 DE
1118 171 1285 213 JEANNE
1317 156 1444 200 D'ARC
1646 171 1720 213 113

76 288 206 332 prope
229 284 416 317 castrum
446 270 498 316 de
524 273 700 326 Chinon‚
730 269 907 330 quando
945 271 1034 328 ipse
1064 269 1240 328 angelus
1267 270 1388 314 venit
1422 278 1463 324 ¹3
1506 281 1548 313 et
1582 281 1728 327 postea

72 358 160 416 ipse
183 367 225 399 et
247 371 327 413 ego
351 355 482 400 simul
505 356 665 399 ivimus
685 354 737 399 ad
760 370 904 413 regem
917 373 928 409 3
949 365 1124 412 eratque
1146 351 1262 396 idem
1283 352 1462 409 angelus
1483 351 1591 396 bene
1616 368 1729 397 asso-

77 441 207 484 ciatus
231 439 323 483 aliis
343 439 504 496 angelis
530 455 632 483 cum
656 454 708 482 eo
735 437 1055 488 exsistentibus,
1082 453 1192 495 quos
1217 453 1306 481 non
1329 435 1513 495 quilibet
1539 435 1725 480 videbat.

33 533 34 536 ’
81 524 131 568 Et
153 522 261 567 dixit
284 522 394 567 ultra
414 521 549 581 quod,
581 523 662 566 nisi
690 521 837 566 fuisset
861 533 944 580 pro
977 536 1125 564 amore
1152 521 1312 564 suimet
1345 533 1387 564 et
1417 535 1494 579 pro
1525 519 1728 578 ponendo

84 621 175 651 eam
209 618 325 650 extra
362 622 538 664 poenam
578 606 811 650 hominum
851 605 1124 662 arguentium
1166 620 1277 658 earn,
1312 603 1420 648 bene
1449 602 1582 648 credit
1610 602 1728 662 quod

84 689 225 749 plures
249 689 450 734 viderunt
475 689 679 747 angelum
706 688 978 748 praedictum,
1009 688 1082 746 qui
1106 703 1195 731 non
1222 686 1443 732 vidissent.

143 774 405 831 interrogata
433 786 579 818 utrum
610 789 764 817 omnes
791 773 865 831 qui
894 771 978 816 illic
1012 783 1131 815 erant
1163 787 1265 815 cum
1293 787 1388 829 rege
1428 787 1508 816 suo
1541 769 1730 815 viderint

86 855 337 916 praedictum
354 856 557 915 angelum
585 874 592 900 :
621 854 843 914 respondit
867 854 1001 914 quod,
1025 866 1154 913 prout
1175 854 1306 899 credit
1332 866 1363 909 ²,
1386 854 1731 913 archiepiscopus

85 941 325 993 Remensis,
349 939 517 984 domini
540 939 591 984 de
618 940 861 984 Alenconio
892 947 902 972 ³
936 951 976 983 et
1000 938 1051 983 de
1077 938 1316 982 Tramoilla
1340 947 1372 992 4,
1401 951 1442 982 et
1469 938 1652 982 Karolus
1679 936 1731 981 de

82 1023 300 1068 Borbonio
323 1023 524 1067 viderunt
550 1024 710 1082 ipsum.
750 1024 816 1077 Et,
846 1035 1062 1082 quantum
1097 1034 1159 1066 est
1185 1021 1236 1066 de
1267 1038 1440 1073 corona,
1481 1021 1623 1080 plures
1652 1022 1731 1065 viri

80 1107 345 1151 ecclesiastici
367 1120 408 1150 et
431 1107 501 1151 alii
523 1106 724 1151 viderunt
754 1123 866 1160 eam,
890 1107 965 1164 qui
994 1122 1083 1150 non
1106 1104 1308 1149 viderunt
1329 1106 1548 1164 angelum.

138 1191 398 1248 Interrogata
423 1192 545 1248 cujus
577 1190 724 1248 figurae
752 1203 792 1234 et
819 1192 940 1248 cujus
968 1179 1280 1247 magnitudinis
1311 1201 1397 1232 erat
1425 1189 1601 1247 angelus
1626 1204 1732 1247 prze-

83 1273 220 1318 dictus
259 1291 266 1317 :
300 1273 519 1332 respondit
555 1273 674 1333 quod
705 1274 756 1318 de
790 1274 872 1335 hoc
905 1272 1090 1318 dicendo
1128 1289 1217 1316 non
1255 1272 1381 1317 habet
1420 1273 1653 1327 licentiam,
1691 1287 1732 1317 et

85 1357 202 1417 quod
221 1359 265 1401 in
287 1359 471 1402 crastino
497 1357 787 1417 responderet.

142 1442 405 1500 interrogata
427 1457 480 1486 an
504 1458 657 1486 omnes
684 1441 822 1499 angeli
853 1443 928 1500 qui
949 1441 1268 1486 comitabantur
1293 1449 1302 1475 ³
1332 1441 1535 1500 angelum
1558 1441 1732 1500 praedic-

85 1537 178 1570 tum
206 1538 326 1569 erant
349 1527 479 1569 unius
504 1525 650 1583 figurae
682 1543 689 1568 :
721 1525 940 1584 respondit
958 1524 1075 1585 quod
1096 1525 1204 1570 bene
1229 1526 1414 1570 invicem
1443 1524 1734 1569 assimilaban-

87 1717 184 1752 non,
212 1714 335 1758 quant
368 1703 394 1742 il
418 1705 529 1754 vint;
557 1713 595 1744 et
625 1705 715 1758 puis
738 1718 840 1744 nous
865 1718 913 1744 en
944 1704 1110 1744 alasmes
1135 1703 1341 1744 ensemble
1363 1717 1412 1743 au
1437 1718 1535 1758 roy3
1557 1713 1594 1743 et
1615 1704 1736 1743 estoit

87 1776 177 1814 bien
202 1776 505 1829 accompaignie'
533 1776 704 1815 d'autres
732 1776 866 1830 angles
891 1790 985 1816 avec
1007 1777 1088 1830 luy,
1119 1790 1194 1830 que
1220 1777 1374 1816 chacun
1394 1789 1443 1815 ne
1467 1776 1577 1815 veoit
1598 1789 1682 1829 pas.
1712 1791 1731 1811 >›

85 1849 132 1886 Et
155 1848 232 1887 dist
249 1847 392 1896 oultre‚
420 1861 464 1887 ce
489 1848 618 1888 n'eust
637 1850 718 1887 este'
750 1862 851 1902 pour
881 1848 1049 1888 l'amour
1077 1847 1210 1895 d’elle,
1237 1858 1275 1888 et
1302 1847 1350 1887 de
1374 1847 1411 1887 la
1438 1856 1544 1887 oster
1566 1847 1661 1886 hors
1685 1846 1733 1886 de

86 1920 202 1973 paine
224 1920 290 1959 des
308 1933 407 1973 gens
430 1920 497 1974 qui
517 1919 552 1958 la
570 1921 795 1973 argument,
820 1920 895 1959 elle
920 1921 1020 1959 croit
1038 1920 1129 1959 bien
1149 1933 1225 1973 que
1243 1919 1440 1973 plusieurs
1463 1933 1562 1973 gens
1581 1919 1736 1958 veirent

87 1990 213 2044 l’ange
239 1991 376 2030 dessus
401 1992 471 2038 dit,
497 1993 564 2045 qui
590 2006 638 2031 ne
660 1992 848 2032 l'eussent
873 2006 940 2045 pas
964 2006 1057 2031 ven.

142 2064 396 2116 Interrogue'e
427 2077 467 2102 se
491 2074 581 2103 tous
609 2064 722 2103 ceulx
750 2065 817 2118 qui
849 2063 885 2102 la
906 2065 1077 2103 estoient
1098 2077 1191 2103 avec
1215 2063 1250 2102 le
1282 2077 1353 2117 roy
1382 2064 1536 2102 veirent
1560 2062 1702 2116 l'angle
1725 2077 1732 2101 :

75 2135 261 2189 *respond
289 2135 433 2188 qu'elle
452 2149 573 2188 pense
596 2149 672 2189 que
691 2135 958 2190 l’arcevesque
981 2136 1028 2174 de
1050 2136 1185 2182 Rains‚
1211 2136 1266 2174 les
1289 2136 1494 2188 seigneurs
1513 2134 1735 2183 d'Alencon

89 2216 126 2245 et
147 2207 194 2245 de
217 2206 251 2246 la
274 2207 498 2246 Trimoulle
519 2217 556 2246 et
582 2207 745 2247 Charles
770 2207 817 2246 de
840 2207 1031 2246 Bourbon
1053 2207 1088 2249 le
1113 2208 1280 2246 veirent.
1315 2209 1376 2253 Et,
1404 2217 1527 2260 quant
1545 2216 1604 2246 est
1630 2207 1678 2245 de
1702 2206 1736 2245 la

88 2292 308 2324 couronne,
340 2278 537 2331 plusieurs
563 2293 660 2332 gens
685 2279 848 2332 d’e'glise
870 2289 908 2318 et
936 2289 1065 2318 autres
1091 2278 1125 2318 la
1155 2279 1322 2326 vestem,
1350 2279 1417 2332 qui
1447 2292 1494 2317 ne
1516 2279 1644 2317 virent
1669 2292 1736 2331 pas

87 2349 244 2403 l'angle.

142 2424 397 2476 Interrogue'e
423 2423 469 2462 de
492 2423 623 2477 quelle
644 2424 659 2449 6
684 2422 825 2475 figure,
864 2433 901 2462 et
928 2423 1021 2477 quel
1051 2433 1165 2477 grant
1191 2423 1308 2463 estoit
1336 2423 1370 2462 le
1397 2423 1455 2462 dit
1483 2422 1599 2476 angle
1627 2436 1634 2460 :
1658 2436 1736 2461 res-

86 2494 194 2546 pond
217 2494 361 2548 qu’elle
385 2494 475 2534 n'en
497 2508 518 2534 a
537 2495 653 2548 point
676 2496 845 2548 congie3
866 2504 904 2533 et
928 2495 1087 2533 demain
1110 2508 1157 2533 en
1184 2494 1415 2547 respondra.

139 2567 394 2620 Interroguee
429 2566 476 2605 de
507 2566 620 2605 ceulx
653 2568 721 2620 qui
752 2567 925 2606 estoient
946 2581 995 2605 en
1028 2566 1063 2605 la
1087 2567 1344 2619 compaignie
1376 2566 1424 2605 de
1458 2565 1620 2619 l'angle,
1646 2576 1735 2606 tous

86 2635 202 2675 d’une
225 2651 375 2676 mesme
401 2636 526 2690 figure
552 2651 558 2675 :
584 2637 757 2690 respond
786 2652 793 2676 ε
829 2653 847 2673 «
880 2637 930 2676 Ils
952 2651 991 2676 se
1013 2647 1123 2676 entre
1154 2636 1460 2676 ressembloient
1490 2637 1737 2676 voulentiers

144 2839 171 2863 1.
190 2829 221 2864 A
235 2841 278 2864 en
295 2840 414 2876 marge
433 2843 439 2864 :
455 2829 671 2876 Ivz'tangelzcs
680 2836 804 2877 pegans
814 2831 896 2876 (sic)
910 2841 1062 2865 soronam
1078 2842 1150 2864 (mn
1162 2829 1312 2874 Johimna
1326 2835 1387 2877 pet·
1403 2829 1542 2876 gradus,
1563 2830 1739 2864 associatus

93 2887 172 2923 aliis
187 2889 343 2935 pluribus
363 2891 514 2936 cmgelis;
536 2891 563 2923 B
584 2902 627 2924 en
650 2902 769 2936 marge
793 2903 799 2924 :
825 2891 887 2925 ivit
905 2890 1042 2936 angelus
1060 2896 1177 2936 pigens
1194 2890 1277 2935 (sic)
1295 2901 1447 2924 coronam
1466 2901 1538 2924 cum
1560 2901 1590 2923 se
1608 2889 1659 2934 (J)
1682 2895 1741 2935 pet·

90 2948 218 2992 gradus
243 2954 271 2982 et
298 2951 474 2984 associatus
495 2950 610 2984 mullis
629 2950 757 2995 angelis
771 2963 782 2989 ,·
799 2950 829 2984 C
845 2962 888 2984 en
910 2961 1030 2996 marge
1051 2962 1058 2984 t
1088 2950 1157 2984 [vit
1177 2949 1312 2995 angelus
1326 2955 1468 2995 portans
1494 2960 1646 2984 coronam
1666 2960 1739 2982 sum

90 3007 315 3055 Jolmnnaper
329 3009 469 3055 gradus,
491 3010 667 3044 associalus
685 3010 765 3044 aliis
782 3010 938 3057 pluribus
956 3010 1101 3056 angelis,
1125 3030 1171 3035 —
1198 3019 1232 3045 2.
1248 3009 1316 3044 AC
1338 3021 1347 3043 .·
1365 3010 1529 3043 aestimat.
1559 3028 1604 3033 --
1629 3019 1658 3053 3.
1682 3008 1710 3041 Β
1730 3020 1740 3042 .·

94 3067 262 3103 Aleconio.
281 3089 328 3094 —
344 3079 378 3111 4.
402 3069 433 3103 A
454 3081 464 3103 .·
486 3069 756 3103 T›·em01'llia.—
777 3079 806 3113 5.
830 3069 897 3104 AC
912 3070 1251 3104 :concomitabantum
1275 3090 1320 3095 —
1340 3068 1375 3104 6.
1396 3069 1465 3103 M5.
1486 3080 1496 3103 .’
1518 3068 1665 3115 quelque.

221 3147 347 3176 Pnocr‘zs
371 3157 412 3176 DE
432 3147 560 3186 JEANNE
583 3146 698 3177 D'ARc.
1620 3147 1637 3176 8
