2099 3356
371 151 529 195 PRoci-:s
562 166 619 194 DE
651 165 1005 196 CONDAMNATION
1040 168 1095 197 DE
1127 168 1293 210 JEANNE
1326 154 1456 199 D'ARC
1642 156 1727 213 247

79 263 282 318 advisata,
306 263 490 308 libenter
513 272 523 290 ²
550 264 645 323 plus
671 280 722 308 ex
750 265 832 309 hoc
857 266 1128 324 respondebo
1153 284 1190 311 ›>.
1224 268 1274 312 Et
1302 266 1443 327 quoad
1467 268 1601 313 finem
1630 270 1727 313 arti-

79 348 179 396 culi,
206 347 324 406 quod
347 348 501 405 Jhesus
522 347 730 392 defecerat
753 350 807 403 ei,
837 364 978 407 negat.

134 432 218 475 Die
259 430 437 485 sabbati,
480 432 603 475 tertia
640 434 796 486 martii,
833 434 1091 492 interrogata
1135 434 1238 493 quid
1287 436 1377 493 ipsa
1417 434 1564 480 fecerit
1598 450 1723 495 supra

78 513 231 558 fossata
258 514 309 559 de
338 515 549 559 Caritate:
582 515 803 574 respondit
825 516 944 575 quod
977 517 1034 560 ibi
1062 517 1152 561 fieri
1180 518 1279 562 fecit
1308 519 1538 573 insultum,
1569 518 1726 564 assault

74 597 239 656 gallice,
276 598 482 657 quodque
520 615 611 643 non
642 601 821 658 projecit
858 615 930 644 seu
975 602 1124 659 projici
1157 601 1256 646 fecit
1289 618 1445 661 aquam
1479 605 1522 646 in
1560 603 1723 648 eisdem

75 681 260 734 fossatis,
283 699 357 740 per
383 682 566 726 modum
590 684 863 742 aspersionis.
891 710 948 715 ——-
975 685 1241 743 Interrogata
1273 702 1403 744 quare
1431 702 1520 731 non
1549 688 1725 733 intravit

75 767 118 810 in
159 765 318 810 dictam
363 766 526 819 villam,
566 783 616 810 ex
655 783 743 825 quo
782 767 965 812 habebat
1007 783 1269 827 praeceptum
1311 771 1431 814 Dei:
1476 769 1725 830 responditi

76 867 96 889 «
134 850 246 902 Quis
273 849 380 893 dixit
401 850 524 894 vobis
545 850 663 908 quod
684 867 764 909 ego
780 850 989 895 habebam
1011 865 1268 911 praeceptum
1292 853 1344 898 de
1365 854 1565 900 intrando
1590 839 1679 900 ibi?
1698 873 1719 897 »

71 934 413 991 ——Interrogata
440 935 474 978 si
503 933 554 977 de
576 933 660 978 hoc
681 934 831 978 habuit
855 936 1087 980 consilium
1110 953 1209 981 cum
1235 953 1339 981 voce
1363 954 1439 982 sua
1462 956 1470 982 :
1502 940 1722 997 respondit

71 1016 189 1076 quod
223 1018 312 1075 ipsa
339 1017 507 1061 volebat
535 1019 683 1062 venire
719 1020 763 1062 in
799 1020 1019 1063 Franciam
1036 1037 1046 1074 3
1076 1020 1147 1064 sed
1171 1034 1321 1078 gentes
1354 1038 1579 1067 armorum
1607 1023 1722 1068 dixe-

71 1114 172 1146 runt
193 1102 231 1145 ei
257 1101 375 1160 quod
395 1102 551 1146 melius
577 1115 665 1146 erat
689 1104 889 1161 primitus
908 1105 967 1147 ire
991 1117 1088 1148 ante
1112 1104 1262 1149 villam
1289 1104 1341 1149 de
1366 1106 1566 1151 Caritate.

129 1186 408 1244 Interrogata,
435 1185 503 1230 die
530 1188 693 1240 martis,
714 1202 807 1230 xm.
838 1189 996 1241 martii,
1015 1189 1066 1242 si,
1093 1188 1271 1246 quando
1299 1190 1376 1233 ivit
1399 1203 1497 1234 ante
1519 1192 1717 1247 Parisius,

71 1269 235 1323 habuit,
266 1286 340 1328 per
370 1270 680 1314 revelationem
726 1287 885 1315 vocum
916 1288 1109 1325 suarum,
1136 1272 1188 1316 de
1230 1272 1287 1317 ibi
1323 1273 1565 1319 accedendo
1592 1292 1600 1318 :
1636 1291 1719 1320 res—

67 1352 222 1412 pondit
254 1352 373 1412 quod
399 1369 520 1408 non3
555 1354 627 1398 sed
654 1354 736 1399 hoc
770 1355 851 1399 fuit
883 1355 935 1399 ad
964 1369 1209 1414 requestam
1237 1357 1454 1402 nobilium
1481 1359 1716 1404 hominum

67 1439 141 1496 qui
184 1436 388 1482 volebant
430 1437 565 1482 facere
610 1455 745 1482 unam
785 1439 1164 1483 escarmuscham²
1202 1457 1276 1484 seu
1321 1457 1454 1485 unam
1482 1442 1714 1487 valentiam

70 1537 320 1576 armorum;
363 1534 406 1566 et
436 1521 543 1566 bene
565 1522 746 1567 habebat
769 1531 780 1556 ³
804 1524 1096 1569 intentionem
1116 1523 1248 1568 eundi
1270 1525 1380 1568 ultra
1404 1538 1445 1569 et
1463 1527 1713 1572 transeundi

63 1605 232 1650 fossata.
258 1631 315 1636 —
341 1606 604 1664 Interrogata
636 1608 686 1661 si,
728 1606 779 1651 de
819 1607 965 1652 eundo
998 1621 1097 1652 ante
1137 1608 1391 1662 Caritatem,
1433 1610 1521 1668 ipsa
1564 1610 1716 1656 habuit

63 1689 400 1734 revelationem:
437 1679 659 1748 respondit
697 1690 816 1749 quod
845 1707 966 1746 non3
994 1691 1067 1736 sed
1097 1691 1215 1751 livit]
1234 1708 1308 1750 per
1334 1706 1576 1752 requestam
1603 1710 1713 1752 gen-

62 1775 172 1818 tium
215 1790 455 1828 armorum,
495 1776 607 1819 sicut
648 1775 748 1819 alias
784 1775 905 1819 dixit.
937 1802 996 1807 ——
1034 1777 1159 1830 Item,
1202 1776 1352 1820 eadem
1377 1786 1392 1811 ⁴
1438 1777 1506 1822 die
1544 1780 1708 1833 martis,

63 1859 321 1916 interrogata
356 1860 406 1909 si,
454 1858 505 1903 de
545 1858 690 1903 eundo
727 1858 780 1903 ad
814 1860 1238 1918 Pontem-Episcopi,
1275 1860 1485 1905 habuitne
1545 1863 1711 1907 revela-

60 1943 228 1986 tionem
253 1959 260 1986 :
284 1942 506 2001 respondit
527 1942 663 2001 quod,
682 1957 915 2002 postquam
940 1944 1090 1988 habuit
1114 1941 1422 1989 re'velationem
1439 1945 1553 2004 apud
1578 1946 1708 1991 Mele-

59 2025 231 2070 dunum
258 2025 377 2085 quod
404 2040 512 2071 esset
535 2040 670 2086 capta,
701 2029 790 2086 ipsa
822 2029 866 2071 in
904 2028 1015 2087 pluri
1049 2045 1092 2072 se
1119 2028 1265 2073 retulit
1299 2028 1350 2073 de
1385 2029 1498 2074 facto
1526 2046 1708 2088 guerrae,

59 2109 110 2154 ad
156 2110 429 2154 voluntatem
465 2112 818 2169 capitaneorum3
865 2124 907 2156 et
952 2124 1098 2156 tamen
1141 2128 1230 2157 non
1271 2112 1436 2157 dicebat
1481 2115 1541 2158 eis
1589 2115 1706 2173 quod

59 2193 232 2238 haberet
266 2210 339 2252 per
373 2196 687 2239 revelationem
727 2194 845 2254 quod
882 2209 990 2240 esset
1020 2209 1155 2254 capta.
1185 2222 1244 2228 —
1270 2197 1537 2256 Interrogata
1563 2199 1598 2242 si
1627 2198 1708 2243 hoc

59 2278 166 2322 bene
208 2277 370 2322 factum
405 2277 603 2322 fueritin
643 2279 711 2323 die
748 2281 982 2323 nativitatis
1017 2281 1188 2324 Nostrae
1227 2281 1449 2334 Dominae,
1483 2297 1581 2340 quae
1620 2295 1708 2326 erat

58 2361 231 2413 festum,
256 2362 307 2406 de
332 2362 479 2406 eundo
507 2363 721 2407 insultum
753 2364 938 2407 Parisius
959 2381 968 2407 ε
994 2365 1243 2422 respondit:
1278 2382 1297 2405 «
1323 2365 1436 2422 Bene
1460 2365 1621 2409 factum
1644 2378 1706 2411 est

57 2462 222 2489 servare
250 2445 353 2489 festa
380 2448 551 2491 Nostrae
586 2448 790 2491 Dominae
821 2463 859 2499 »‚
898 2460 955 2501 et,
986 2460 1115 2505 prout
1154 2448 1233 2492 sibi
1277 2447 1449 2492 videtur
1492 2450 1536 2492 in
1579 2465 1705 2493 cons-

57 2531 212 2573 cientia
233 2546 324 2584 sua,
343 2529 394 2574 ab
418 2547 510 2575 uno
536 2531 640 2575 buto
667 2547 806 2590 usque
831 2531 881 2575 ad
911 2531 1061 2575 alium.

108 2765 200 2803 Item
223 2764 471 2819 qmmdfinem
493 2765 647 2803 articuli
667 2778 745 2818 que
768 2765 911 2814 Jeshus
940 2765 1007 2818 luy
1030 2767 1138 2805 avoir
1158 2765 1283 2819 failly,
1305 2766 1379 2806 elle
1405 2766 1439 2806 le
1465 2780 1541 2820 nye
1566 2774 1590 2806 ῐ,

72 3020 75 3025 =
108 3016 136 3038 1.
155 3004 185 3039 C
203 3013 301 3039 omet
320 3005 516 3040 libenter.—
536 3016 567 3040 2.
589 3006 638 3039 A:
653 3005 929 3040 escharmmhz'am
943 3019 954 3045 ,·
971 3006 1000 3040 B
1023 3018 1033 3039 .·
1046 3006 1321 3040 escharmuschan}
1339 3020 1348 3042 .·
1364 3007 1394 3041 C
1406 3020 1415 3042 :
1431 3008 1698 3042 ercarmuchiwn.

58 3083 99 3088 —-
118 3073 147 3107 3.
173 3063 374 3098 C.·l.v‹1lmit.
398 3085 444 3089 ——
464 3075 498 3105 4.
524 3065 555 3098 Α
583 3078 592 3098 .·
609 3077 656 3099 ea.
680 3086 724 3090 —
750 3076 779 3107 5.
814 3066 854 3107 U,
878 3064 939 3099 fol.
967 3075 1024 3111 29,
1050 3075 1100 3099 v0.
