2099 3356
350 216 508 261 PROCiss
541 230 596 260 DE
628 229 979 260 CONDAMNATION
1013 230 1068 260 DE
1100 230 1267 272 JEANNE
1299 218 1425 262 D'ARC
1623 233 1696 275 131

0 356 2 359 >
59 331 188 383 senti,
215 344 258 374 se
286 328 558 374 submitteret
586 328 939 373 determinationi
974 329 1183 383 Ecclesiae,
1216 343 1257 373 et
1282 329 1332 374 de
1356 330 1438 374 hoc
1467 330 1585 389 quod
1616 333 1704 389 ipsa

59 412 155 457 fecit
181 425 224 456 et
251 412 372 467 dixit,
397 414 485 456 sive
512 414 566 455 sit
587 411 770 465 bonum,
794 413 882 455 sive
910 421 916 436 ¹
950 412 1131 455 malum.
1162 413 1398 471 Respondit
1425 431 1433 457 ε
1462 431 1481 453 «
1507 415 1596 471 Ego
1613 430 1702 457 non

55 493 320 554 respondebo
346 495 468 540 vobis
494 493 610 539 aliud
638 494 689 539 de
714 496 926 553 praesenti.
965 511 985 535 »

119 580 228 624 Item
255 578 336 622 fuit
363 577 513 623 eadem
541 578 739 635 Johanna
767 579 984 637 requisita,
1013 578 1092 622 sub
1124 581 1368 636 juramento
1398 579 1515 638 quod
1543 581 1703 639 praesti-

59 675 184 716 terat,
223 675 270 706 ut
311 661 468 706 diceret
509 662 692 721 qualiter
730 661 906 706 evadere
941 664 1108 720 putavit
1147 678 1169 706 a
1207 675 1344 707 castro
1378 663 1429 707 de
1465 663 1702 716 Belloloco,

59 749 172 792 inter
193 753 207 771 ²
236 745 341 790 duas
365 747 502 804 pecias
526 747 716 790 nemoris
751 762 759 789 :
798 745 1018 804 respondit
1048 746 1166 804 quod
1196 762 1423 805 nunquam
1452 747 1531 791 fuit
1556 749 1705 805 prisio—

62 831 179 874 naria
198 831 242 873 in
266 829 413 888 aliquo
448 828 560 883 loco,
589 830 694 887 quin
724 828 906 872 libenter
932 831 1162 883 evasisset;
1192 842 1250 883 et,
1283 831 1372 889 ipsa
1401 832 1631 874 exsistente
1661 833 1705 874 in

61 925 199 958 castro
221 912 444 971 praedicto,
474 912 715 956 inclusisset
740 928 842 956 suos
874 911 1074 956 custodes
1106 912 1216 956 infra
1247 915 1419 966 turrim,
1443 915 1525 957 nisi
1559 913 1707 958 fuisset

60 998 272 1056 portarius
298 997 373 1055 qui
400 1011 495 1040 earn
522 995 631 1039 vidit
656 1009 696 1039 et
724 995 802 1039 sibi
828 995 1018 1039 obviavit
1046 1005 1072 1039 3.
1102 997 1212 1040 Item
1235 996 1341 1041 dixit
1371 997 1422 1042 ad
1458 997 1541 1042 hoc
1568 997 1703 1056 quod,

64 1092 192 1140 prout
216 1081 253 1124 ei
275 1079 457 1133 videtur,
483 1096 574 1124 non
597 1078 785 1138 placebat
810 1080 905 1123 Deo
930 1079 1048 1137 quod
1070 1081 1158 1138 ipsa
1180 1080 1375 1124 evaderet
1400 1097 1476 1139 pro
1504 1082 1573 1125 illa
1601 1075 1705 1135 vice,

62 1178 105 1209 et
132 1163 250 1223 quod
277 1162 504 1221 oportebat
534 1162 652 1222 quod
682 1162 845 1207 videret
870 1179 1015 1221 regem
1041 1164 1306 1222 Anglorum,
1332 1164 1706 1223 quemadmodum

62 1263 189 1292 voces
211 1262 299 1291 suae
320 1246 515 1291 dixerant
538 1248 594 1300 ei,
618 1259 665 1290 ut
689 1247 886 1304 superius
906 1246 1118 1291 scribitur.

123 1332 387 1388 Interrogata
409 1346 460 1374 an
489 1329 641 1374 habeat
666 1340 681 1363 4
715 1331 931 1374 licentiam
979 1347 1000 1374 a
1043 1331 1138 1375 Deo
1164 1331 1229 1374 vel
1263 1347 1284 1374 a
1314 1332 1489 1376 vocibus
1519 1334 1620 1385 suis,
1657 1332 1708 1376 de

63 1414 301 1459 recedendo
334 1416 537 1473 quotiens
564 1414 643 1457 sibi
673 1414 852 1472 placebit
877 1431 884 1457 :
920 1414 1140 1472 respondit
1170 1432 1177 1458 2
1206 1432 1226 1454 ‹<
1258 1416 1346 1472 Ego
1373 1415 1531 1474 pluries
1560 1417 1705 1474 petivi,

64 1497 136 1543 sed
160 1498 301 1542 adhuc
330 1513 419 1541 non
446 1496 598 1541 habeo.
626 1514 645 1537 »

112 1643 218 1689 Item,
244 1641 310 1694 luy
332 1640 389 1679 fut
411 1640 579 1679 declaire
604 1640 764 1693 l’Eglise
783 1641 1031 1693 triumphant
1056 1650 1094 1680 et
1118 1640 1278 1694 l’Eglise
1304 1641 1490 1688 militant,
1513 1656 1589 1695 que
1610 1642 1709 1681 c’es-

64 1714 137 1753 toit
161 1713 208 1752 de
231 1712 314 1751 l'un
336 1722 374 1751 et
404 1712 450 1751 de
476 1712 626 1751 l’autre.

115 1786 223 1831 Item,
257 1785 414 1837 requise
446 1797 522 1838 que
548 1784 595 1822 de
630 1785 789 1836 pre'sent
826 1783 899 1822 elle
931 1798 971 1822 se
1006 1785 1122 1824 meist
1162 1798 1210 1824 en
1247 1785 1283 1824 la
1319 1785 1637 1824 determinacion
1662 1785 1710 1825 de

61 1856 220 1910 l’Eglise
239 1855 287 1894 de
307 1869 350 1894 ce
374 1855 519 1908 qu'elle
539 1868 557 1893 a
578 1855 648 1894 fait
672 1869 725 1894 ou
761 1856 831 1903 dit,
862 1857 940 1894 soit
971 1857 1061 1895 bien
1083 1869 1135 1895 ou
1158 1857 1236 1895 mal
1259 1870 1266 1895 :
1301 1857 1473 1910 respond
1498 1871 1505 1895 :
1536 1873 1554 1894 (ε
1586 1858 1630 1906 Je
1660 1872 1708 1896 ne

60 1939 162 1967 vous
184 1940 231 1967 en
255 1927 501 1980 respondi-ay
520 1935 628 1966 autre
650 1927 771 1966 chose
794 1940 896 1980 pour
916 1927 951 1966 le
976 1929 1134 1980 pre'sent
1156 1934 1184 1965 5.
1212 1945 1229 1964 >³

112 1999 201 2038 Fuit
220 1999 315 2038 dicta
329 1998 503 2047 Johartna
526 1998 702 2052 requisita
719 2003 751 2038 et
768 1999 991 2052 interrogata
1011 1999 1077 2038 sub
1093 2000 1307 2052 juramento
1319 2001 1505 2054 praedicto‚
1521 2005 1552 2039 et
1568 2001 1708 2055 primo,

60 2071 202 2125 qu’elle
227 2071 304 2109 dist
323 2071 358 2109 la
376 2071 552 2109 maniere
568 2083 727 2109 comme
749 2070 824 2110 elle
842 2060 958 2110 cuida
980 2072 1171 2124 eschaper
1190 2072 1243 2110 du
1269 2073 1416 2111 chastel
1433 2072 1480 2111 de
1506 2072 1709 2119 Beaulieu,

59 2152 166 2182 entre
191 2143 293 2181 deux
318 2143 450 2196 pieces
472 2142 519 2181 de
547 2143 646 2195 boys
674 2156 681 2180 :
710 2143 883 2195 respond
914 2142 1058 2196 qu‘elle
1085 2157 1132 2182 ne
1166 2143 1224 2182 fut
1252 2157 1430 2197 oncques
1461 2145 1708 2197 prisonniere

58 2227 106 2253 en
131 2214 209 2253 lieu
241 2213 386 2267 qu'elle
412 2227 460 2253 ne
485 2227 526 2252 se
565 2214 800 2267 eschappast
837 2214 1109 2262 voulentier53
1137 2224 1174 2253 et
1208 2215 1283 2254 elle
1314 2224 1440 2254 estant
1473 2230 1521 2254 en
1561 2216 1709 2269 icelluy

58 2285 221 2332 chastel‚
247 2294 334 2324 eust
354 2284 558 2324 conferme
589 2298 649 2324 ses
680 2286 819 2338 gardes
844 2286 993 2324 dedans
1024 2286 1059 2324 la
1093 2296 1198 2334 tour,
1224 2287 1352 2326 n'eust
1387 2288 1448 2326 ete
1482 2287 1517 2326 le
1556 2288 1706 2340 portier

61 2358 127 2410 qui
154 2357 187 2396 la
205 2357 338 2395 advisa
357 2367 394 2396 et
419 2356 454 2395 la
486 2367 710 2395 rencontra.

117 2430 208 2467 Item
228 2429 298 2476 dit,
331 2429 377 2467 ad
396 2442 439 2467 ce
464 2443 540 2482 que
566 2429 591 2467 il
617 2428 684 2481 luy
709 2429 876 2477 semble,
894 2442 969 2482 que
996 2430 1020 2468 il
1047 2444 1095 2468 ne
1127 2431 1286 2483 plaisoit
1308 2444 1376 2483 pas
1395 2432 1414 2469 a
1442 2431 1541 2469 Dieu
1568 2430 1711 2483 qu'elle

64 2501 297 2553 escliappast
318 2513 418 2553 pour
433 2500 531 2539 celle
547 2500 639 2548 fois,
658 2509 694 2539 et
715 2499 809 2554 qu’il
834 2500 960 2540 falloit
979 2501 1123 2554 qu'elle
1144 2502 1244 2540 veist
1267 2501 1299 2540 le
1326 2515 1397 2554 roy
1419 2501 1487 2540 des
1512 2502 1710 2555 Angloys‚

65 2583 222 2610 comme
247 2584 307 2610 ses
327 2572 418 2610 voix
450 2572 517 2624 luy
538 2572 698 2610 avoient
726 2572 796 2619 dit,
823 2582 861 2611 et
881 2584 1039 2611 cornme
1067 2572 1205 2611 dessus
1230 2572 1322 2626 [est]
1347 2573 1506 2625 escript.

120 2644 374 2695 Interrogue'e
396 2643 504 2682 s’elle
523 2656 544 2682 a
568 2644 712 2694 congie
738 2644 786 2682 de
810 2645 912 2682 Dieu
934 2657 987 2682 ou
1012 2644 1060 2682 de
1084 2657 1143 2682 ses
1167 2645 1262 2682 voix
1285 2644 1333 2683 de
1356 2646 1475 2697 partit·
1499 2645 1547 2683 de
1576 2645 1711 2697 prison

65 2722 196 2753 toutes
218 2715 294 2753 fois
312 2715 407 2768 qu'il
427 2715 548 2768 plaira
573 2717 593 2753 a
617 2715 692 2754 elle
712 2730 718 2753 ε
745 2715 916 2768 respond
946 2730 952 2753 :
980 2732 997 2751 α
1021 2717 1065 2764 Je
1085 2716 1160 2768 l'ay
1181 2716 1377 2754 demande
1402 2716 1600 2768 plusieurs
1619 2716 1709 2758 fois,

68 2786 164 2824 mais
185 2787 219 2837 je
243 2799 292 2824 ne
311 2785 385 2839 l’ay
409 2799 476 2839 pas
505 2789 663 2825 en‘core.
689 2803 706 2822 »
856 2786 859 2788 ’

121 2945 147 2970 ι.
173 2935 332 2981 Bajoute
357 2936 413 2969 sit.
441 2956 478 2961 --
513 2946 545 2970 2.
576 2937 610 2980 Q
639 2947 648 2970 .·
671 2937 776 2970 inlr-11.
807 2957 851 2961 -—
875 2946 904 2981 3.
928 2937 992 2971 ΑΒ
1017 2948 1060 2971 en
1080 2948 1200 2983 marge
1226 2950 1231 2971 :
1257 2936 1415 2981 Qualiter
1448 2937 1553 2971 voluit
1580 2937 1714 2971 evadere

68 3006 85 3026 a
117 2999 223 3028 castro
242 2994 278 3028 de
299 2995 499 3029 Bernarevoir
513 3008 525 3037 ;
556 2995 586 3030 C
606 3007 649 3030 en
683 3007 803 3041 marge
827 3008 833 3029 :
862 2996 944 3029 idem
973 2996 1053 3030 sauf
1069 2996 1227 3030 Beanliezc
1254 2997 1469 3043 remplacant
1492 2997 1707 3033 Berua-emir.

70 3073 108 3078 —
131 3063 164 3095 4.
188 3052 252 3089 AC
273 3067 282 3087 .·
301 3054 443 3089 hahebat.
465 3076 512 3079 —
533 3065 563 3098 5.
591 3055 639 3089 La
659 3056 824 3101 rubrique
843 3064 893 3089 est
913 3057 1050 3101 re'petee
1071 3056 1112 3089 ici
1134 3057 1222 3090 dans
1243 3056 1275 3091 le
1291 3068 1351 3090 ms.
1406 3057 1473 3089 Die
1484 3058 1571 3101 jovis
1590 3056 1713 3090 decimu

67 3113 183 3157 quinta
215 3115 334 3148 mensis
356 3115 488 3156 marm,
518 3127 605 3148 anno
626 3115 770 3148 Domini
789 3115 965 3149 millesimo
990 3115 1315 3161 qmzdringenlesimo
1335 3117 1512 3150 tricesimu.
