2099 3356
348 163 432 205 226
625 159 783 204 pnocizs
817 173 873 203 DE
905 172 1255 205 CONDAMNATloN
1288 173 1346 203 DE
1377 172 1545 216 JEANNE
1578 157 1706 205 D'ARC

343 272 498 318 talibus
518 271 738 332 spiritibus
762 271 935 317 deberet
967 271 1199 327 adhibere3
1251 273 1359 332 quin
1398 273 1490 317 imo
1530 273 1748 330 praemissa
1795 271 1991 331 detegere

341 357 466 402 alicui
491 355 656 401 dicebat
680 355 760 400 sibi
787 355 1059 414 prohibitum
1086 371 1159 415 per
1185 371 1326 409 voces,
1355 357 1438 400 nisi
1464 355 1673 401 duntaxat
1694 357 1894 414 primitus
1909 358 1986 401 uni

340 442 563 498 capitaneo
585 441 783 498 gentium
815 454 1038 484 armorum
1076 452 1118 484 et
1142 438 1317 498 praefato
1369 439 1543 494 Karolo,
1584 439 1765 498 aliisque
1796 441 1988 498 personis

340 539 445 583 pure
468 524 596 568 laicis.
627 525 676 568 In
703 522 876 584 quibus,
901 521 1060 568 fatetur
1081 538 1125 567 se
1151 524 1374 568 temerarie
1400 522 1600 578 credere;
1631 536 1672 567 et
1707 522 1759 568 de
1795 524 1986 568 articulis

338 607 438 652 fidei
464 623 510 652 ac
530 623 683 652 eorum
705 606 924 658 firmitate,
951 606 1061 651 male
1085 622 1230 665 sapere
1253 624 1264 661 ;
1291 619 1332 650 et
1359 608 1487 651 etiam
1513 606 1670 651 habere
1698 606 2005 674 revelationes‘

340 703 569 749 suspectas,
592 707 696 750 quas
735 690 917 749 praelatis
949 702 990 734 et
1034 691 1134 734 viris
1163 689 1454 735 ecclesiasticis
1491 690 1632 736 voluit
1667 690 1894 745 occultare,
1941 703 1982 735 et

341 774 612 819 saecularibus
634 775 777 833 potius
794 776 969 833 aperire.
997 793 1017 816 ›>

400 858 419 880 *
439 857 507 902 Ad
533 858 648 903 hunc
674 866 683 884 ¹
710 857 957 911 articulum,
985 856 1215 917 respondet
1234 865 1247 883 ²
1274 857 1393 916 quod
1412 857 1463 902 de
1488 857 1571 902 hoc
1596 856 1833 916 respondit,
1860 869 1901 902 et
1931 856 1982 901 de

342 942 423 986 hoc
445 958 487 986 se
512 941 637 986 refert
662 940 712 985 ad
737 940 843 985 illud
868 940 986 1000 quod
1010 942 1219 999 scriptum
1250 954 1324 985 est.
1353 942 1583 995 Quantum
1612 956 1713 986 vero
1750 939 1801 985 ad
1843 942 1979 999 signa,

338 1028 372 1070 si
398 1026 457 1069 illi
479 1026 554 1084 qui
588 1037 740 1083 petunt
771 1041 817 1069 ea
851 1040 940 1076 non
974 1036 1075 1069 sunt
1099 1023 1235 1082 digni,
1270 1024 1322 1068 de
1357 1024 1438 1069 hoc
1474 1026 1564 1082 ipsa
1590 1040 1680 1068 non
1721 1036 1887 1082 potest;
1942 1036 1983 1067 et

339 1122 509 1168 propter
529 1109 626 1163 hoc,
657 1108 738 1153 fuit
764 1108 921 1167 pluries
943 1109 986 1151 in
1013 1123 1133 1166 prece
1152 1108 1217 1152 vel
1235 1109 1446 1160 oratione,
1473 1120 1521 1151 ut
1536 1107 1716 1165 placeret
1740 1107 1837 1152 Deo
1863 1106 1993 1170 quod·

338 1192 540 1238 revelaret
567 1191 783 1251 aliquibus
831 1190 883 1236 de
920 1192 997 1235 ista
1023 1204 1137 1250 parte
1180 1190 1302 1236 illud.
1354 1191 1404 1235 Et
1432 1190 1539 1235 dixit
1588 1191 1697 1234 ultra
1736 1189 1871 1249 quod,
1929 1189 1980 1234 de

337 1271 550 1318 credendo
576 1273 664 1317 suis
687 1270 1035 1324 revelationibus,
1066 1272 1155 1330 ipsa
1192 1287 1281 1316 non
1313 1272 1462 1329 petivit
1489 1271 1722 1315 consilium
1759 1272 1977 1329 episcopo,

339 1370 488 1402 curato
512 1369 585 1401 aut
611 1357 718 1401 aliis.
746 1356 871 1409 Item,
903 1354 1008 1399 dixit
1026 1354 1144 1414 quod
1172 1354 1304 1398 credit
1331 1354 1449 1413 quod
1474 1366 1562 1397 erat
1593 1367 1766 1399 sanctus
1799 1353 1982 1398 Michael

340 1443 415 1500 qui
437 1440 661 1499 apparebat
685 1439 780 1490 sibi,
806 1452 979 1498 propter
1008 1438 1167 1483 bonam
1191 1438 1431 1483 doctrinam
1461 1454 1590 1496 quam
1611 1437 1689 1482 sibi
1711 1436 1979 1482 ostendebat.

399 1526 662 1582 Interrogata
689 1536 837 1568 utrum
861 1524 893 1567 si
918 1535 1088 1566 sanctus
1116 1521 1298 1566 Micliael
1317 1521 1470 1566 dixerit
1494 1521 1573 1566 sibi
1592 1520 1715 1579 'quod
1743 1534 1831 1566 erat
1857 1537 1981 1566 sanc-

337 1621 406 1652 tus
426 1607 606 1652 Micliael
626 1624 633 1651 :
662 1605 882 1665 respondit
905 1623 912 1649 :
945 1623 963 1645 «
991 1607 1078 1664 Ego
1096 1605 1195 1649 alias
1214 1604 1265 1649 de
1282 1605 1362 1650 hoc
1383 1604 1581 1663 respondi
1601 1622 1620 1646 »
1644 1622 1655 1659 3
1678 1618 1736 1659 et,
1761 1617 1976 1663 quantum

337 1691 387 1736 ad
412 1691 737 1736 conclusionem
759 1690 925 1735 articuli
946 1706 953 1733 :
981 1704 1001 1728 «
1026 1689 1114 1746 Ego
1137 1704 1206 1732 me
1228 1688 1363 1733 refero
1383 1689 1579 1733 Domino
1607 1701 1770 1733 nostro.
1803 1703 1822 1726 ³>
1847 1689 1974 1742 Item,

336 1775 443 1820 dixit
463 1775 580 1834 quod
603 1776 692 1833 ipsa
719 1773 850 1818 credit
886 1789 1007 1831 aeque
1047 1772 1243 1826 firmiter,
1280 1774 1389 1817 sicut
1428 1771 1562 1817 credit
1597 1771 1717 1831 quod
1754 1773 1974 1818 Dominus

335 1859 645 1914 nosterJhesus
666 1857 863 1902 Christus
885 1872 1031 1915 passus
1049 1869 1110 1903 est
1138 1869 1324 1901 mortem
1354 1872 1428 1914 pro
1450 1855 1591 1910 nobis,
1629 1855 1881 1901 redimendo
1924 1854 1979 1901 de

387 2045 403 2061 ²⁸
422 2043 609 2097 Respond
632 2058 638 2081 :
664 2060 680 2078 «
704 2042 789 2091 J'en
812 2056 858 2096 ay
881 2042 1097 2095 respondu,
1119 2051 1155 2080 et
1181 2041 1284 2080 in'en
1307 2040 1447 2081 actend
1470 2040 1516 2080 ad
1540 2054 1582 2079 ce
1602 2041 1669 2095 qui
1692 2050 1749 2080 est
1771 2041 1930 2095 escript.
1957 2057 1974 2077 ³)

336 2117 382 2154 Et
407 2125 527 2169 quant
551 2129 623 2153 aux
645 2115 792 2168 signeS‚
822 2128 860 2152 sc
893 2113 1004 2152 ceulx
1031 2113 1097 2166 qui
1132 2112 1167 2151 le
1193 2112 1434 2151 demandent
1466 2111 1555 2150 n’en
1587 2122 1677 2150 sont
1708 2112 1864 2165 dignes,
1900 2112 1974 2151 elle

338 2187 426 2225 n'en
444 2195 558 2239 peust
580 2186 692 2224 mais.
721 2186 767 2223 Et
789 2185 983 2237 plusieurs
1008 2183 1083 2223 fois
1102 2198 1150 2222 en
1176 2197 1195 2222 a
1214 2185 1295 2222 este
1317 2198 1365 2222 en
1391 2184 1533 2237 prffire,
1561 2183 1655 2222 affin
1676 2183 1772 2237 qu‘il
1795 2183 1926 2236 pleust
1949 2184 1970 2222 ἐι

339 2259 439 2297 Dieu
462 2257 558 2311 qu’il
589 2257 623 2296 le
644 2256 809 2295 revelast
839 2256 858 2294 a
880 2269 1029 2294 aucuns
1051 2255 1097 2294 de
1135 2269 1174 2293 se
1197 2265 1308 2307 party
1324 2270 1333 2304 3
1352 2265 1389 2294 et
1421 2255 1478 2293 dit
1499 2254 1628 2294 oultre
1650 2269 1743 2308 que,
1761 2255 1808 2294 de
1846 2256 1973 2294 croire

334 2343 382 2370 en
401 2343 461 2369 ses
481 2329 741 2375 revelacions,
762 2327 836 2367 elle
861 2327 950 2367 n'en
973 2326 1168 2366 demando
1199 2327 1315 2379 point
1345 2326 1496 2366 conseil
1527 2328 1548 2365 a
1587 2328 1757 2380 evesque
1796 2339 1848 2366 ou
1883 2328 1976 2366 cure

340 2415 393 2441 ou
418 2400 578 2440 aultres.

391 2473 493 2518 Item,
518 2471 573 2510 dit
594 2469 736 2524 qu'elle
758 2478 893 2522 croyet
915 2482 991 2523 que
1022 2468 1175 2507 c'estoit
1201 2468 1302 2507 saint
1327 2467 1504 2517 Michiel,
1532 2481 1634 2521 pour
1668 2467 1702 2507 la
1724 2467 1856 2508 bonne
1878 2468 1975 2508 doc-

333 2544 433 2581 trine
459 2542 554 2596 qu’il
585 2542 652 2594 luy
677 2542 900 2581 monstroit.

384 2614 638 2666 Interrogue'e
656 2627 694 2651 se
719 2613 820 2651 saint
846 2611 1007 2650 Michiel
1029 2611 1097 2663 luy
1119 2611 1194 2650 dist
1219 2624 1225 2648 :
1266 2626 1284 2646 «
1310 2611 1354 2659 je
1373 2611 1453 2648 suis
1479 2611 1579 2649 saint
1613 2611 1774 2649 Michiel
1798 2627 1817 2647 >³
1847 2624 1855 2648 ;
1893 2624 1973 2650 res-

331 2685 437 2738 pond
458 2699 465 2723 :
491 2702 504 2719 «
532 2684 616 2733 J'en
639 2697 685 2736 ay
707 2682 896 2722 autrefois
921 2682 1136 2734 respondu.
1159 2698 1177 2717 »
1207 2683 1251 2719 Et
1275 2691 1398 2734 quant
1419 2682 1439 2720 a
1459 2681 1494 2720 la
1534 2681 1771 2721 conclusion
1806 2682 1853 2720 de
1884 2681 1972 2720 l'ar-

332 2756 439 2803 tiele,
466 2755 637 2808 respond
663 2769 670 2793 t
699 2772 715 2790 «
738 2756 782 2803 Je
802 2753 906 2793 m'en
927 2753 1067 2793 actend
1086 2753 1106 2791 a
1131 2762 1262 2792 nostre
1285 2752 1494 2805 Seigneur.
1526 2769 1543 2787 »

387 2829 494 2874 Item,
528 2826 585 2864 dit
618 2825 760 2879 qu'elle
792 2826 925 2873 croist,
965 2825 1068 2863 aussi
1108 2823 1348 2862 fermement
1381 2823 1525 2876 qu’elle
1567 2825 1687 2863 croist
1722 2833 1854 2863 nostre
1889 2824 1973 2864 Sei-

335 2912 462 2952 gneur
481 2897 727 2947 Jeshu-Crist
751 2910 771 2934 a
793 2895 956 2935 souffert
981 2904 1085 2934 mort
1108 2908 1210 2948 pour
1233 2907 1333 2932 nous
1355 2895 1532 2933 racheter
1553 2894 1621 2933 des
1641 2895 1779 2948 paines
1804 2894 1968 2943 d’enfer,

386 3082 413 3104 1.
434 3071 463 3104 A
491 3083 500 3103 .·
521 3069 806 3115 qziutlragvsinznm
834 3074 995 3102 octa-vum.
1014 3087 1060 3092 —
1081 3078 1112 3101 2.
1136 3067 1167 3101 A
1196 3067 1314 3113 ajoute
1331 3067 1494 3110 johanna.
