<?xml version="1.0" encoding="UTF-8"?>
<!DOCTYPE html PUBLIC "-//W3C//DTD XHTML 1.0 Transitional//EN"
    "http://www.w3.org/TR/xhtml1/DTD/xhtml1-transitional.dtd">
<html xmlns="http://www.w3.org/1999/xhtml" xml:lang="en" lang="en">
 <head>
  <title>
</title>
<meta http-equiv="Content-Type" content="text/html;charset=utf-8" />
  <meta name='ocr-system' content='tesseract 3.04.00' />
  <meta name='ocr-capabilities' content='ocr_page ocr_carea ocr_par ocr_line ocrx_word'/>
</head>
<body>
  <div class='ocr_page' id='page_1' title='image "./procsdecondamn01cham_0092.png"; bbox 0 0 2099 3356; ppageno 0'>
   <div class='ocr_carea' id='block_1_1' title="bbox 307 209 1667 268">
    <p class='ocr_par' dir='ltr' id='par_1_1' title="bbox 307 209 1667 268">
     <span class='ocr_line' id='line_1_1' title="bbox 307 209 1667 268; baseline -0.001 -14"><span class='ocrx_word' id='word_1_1' title='bbox 307 225 362 268; x_wconf 77' lang='lat'>42</span> <span class='ocrx_word' id='word_1_2' title='bbox 590 211 746 255; x_wconf 69' lang='lat' dir='ltr'>pRocizs</span> <span class='ocrx_word' id='word_1_3' title='bbox 780 225 835 255; x_wconf 84' lang='lat' dir='ltr'>DE</span> <span class='ocrx_word' id='word_1_4' title='bbox 869 224 1221 255; x_wconf 83' lang='lat' dir='ltr'>CONDAMNATION</span> <span class='ocrx_word' id='word_1_5' title='bbox 1255 224 1311 253; x_wconf 83' lang='lat' dir='ltr'>DE</span> <span class='ocrx_word' id='word_1_6' title='bbox 1342 223 1507 266; x_wconf 84' lang='lat' dir='ltr'>JEANNE</span> <span class='ocrx_word' id='word_1_7' title='bbox 1540 209 1667 254; x_wconf 80' lang='lat' dir='ltr'>D’ARc</span> 
     </span>
    </p>
   </div>
   <div class='ocr_carea' id='block_1_2' title="bbox 307 322 1949 800">
    <p class='ocr_par' dir='ltr' id='par_1_2' title="bbox 307 322 1949 800">
     <span class='ocr_line' id='line_1_2' title="bbox 365 322 1948 383; baseline -0.001 -15"><span class='ocrx_word' id='word_1_8' title='bbox 365 325 488 376; x_wconf 88' lang='lat' dir='ltr'>Item,</span> <span class='ocrx_word' id='word_1_9' title='bbox 519 323 624 368; x_wconf 82' lang='lat' dir='ltr'>dixit</span> <span class='ocrx_word' id='word_1_10' title='bbox 651 324 800 369; x_wconf 90' lang='lat' dir='ltr'>eadem</span> <span class='ocrx_word' id='word_1_11' title='bbox 826 325 1027 381; x_wconf 88' lang='lat' dir='ltr'>Johanna</span> <span class='ocrx_word' id='word_1_12' title='bbox 1051 323 1168 383; x_wconf 90' lang='lat' dir='ltr'>quod</span> <span class='ocrx_word' id='word_1_13' title='bbox 1193 339 1275 367; x_wconf 91' lang='lat' dir='ltr'>vox</span> <span class='ocrx_word' id='word_1_14' title='bbox 1301 322 1381 367; x_wconf 88' lang='lat' dir='ltr'>sibi</span> <span class='ocrx_word' id='word_1_15' title='bbox 1407 323 1658 381; x_wconf 85' lang='lat' dir='ltr'>promiserat</span> <span class='ocrx_word' id='word_1_16' title='bbox 1686 322 1822 381; x_wconf 87' lang='lat' dir='ltr'>quod,</span> <span class='ocrx_word' id='word_1_17' title='bbox 1849 324 1948 366; x_wconf 87' lang='lat' dir='ltr'>satis</span> 
     </span>
     <span class='ocr_line' id='line_1_3' title="bbox 307 407 1948 467; baseline -0.001 -15"><span class='ocrx_word' id='word_1_18' title='bbox 307 410 393 452; x_wconf 91' lang='lat' dir='ltr'>cito</span> <span class='ocrx_word' id='word_1_19' title='bbox 426 421 655 466; x_wconf 85' lang='lat' dir='ltr'>postquam</span> <span class='ocrx_word' id='word_1_20' title='bbox 689 410 876 452; x_wconf 89' lang='lat' dir='ltr'>venisset</span> <span class='ocrx_word' id='word_1_21' title='bbox 906 407 957 452; x_wconf 90' lang='lat' dir='ltr'>ad</span> <span class='ocrx_word' id='word_1_22' title='bbox 991 424 1136 466; x_wconf 80' lang='lat' dir='ltr'>regem</span> <span class='ocrx_word' id='word_1_23' title='bbox 1172 423 1317 461; x_wconf 88' lang='lat' dir='ltr'>suum,</span> <span class='ocrx_word' id='word_1_24' title='bbox 1345 409 1435 467; x_wconf 79' lang='lat' dir='ltr'>ipse</span> <span class='ocrx_word' id='word_1_25' title='bbox 1455 408 1663 465; x_wconf 53' lang='lat' dir='ltr'>vreciperet</span> <span class='ocrx_word' id='word_1_26' title='bbox 1690 422 1798 451; x_wconf 87' lang='lat' dir='ltr'>eam.</span> <span class='ocrx_word' id='word_1_27' title='bbox 1828 407 1948 450; x_wconf 81' lang='lat' dir='ltr'>Dixit</span> 
     </span>
     <span class='ocr_line' id='line_1_4' title="bbox 308 488 1945 550; baseline -0.002 -15"><span class='ocrx_word' id='word_1_28' title='bbox 308 493 435 536; x_wconf 88' lang='lat' dir='ltr'>etiam</span> <span class='ocrx_word' id='word_1_29' title='bbox 461 491 579 550; x_wconf 90' lang='lat' dir='ltr'>quod</span> <span class='ocrx_word' id='word_1_30' title='bbox 615 491 676 534; x_wconf 88' lang='lat' dir='ltr'>illi</span> <span class='ocrx_word' id='word_1_31' title='bbox 712 492 762 535; x_wconf 92' lang='lat' dir='ltr'>de</span> <span class='ocrx_word' id='word_1_32' title='bbox 796 504 912 550; x_wconf 85' lang='lat' dir='ltr'>parte</span> <span class='ocrx_word' id='word_1_33' title='bbox 949 507 1024 536; x_wconf 89' lang='lat' dir='ltr'>sua</span> <span class='ocrx_word' id='word_1_34' title='bbox 1064 490 1172 535; x_wconf 89' lang='lat' dir='ltr'>bene</span> <span class='ocrx_word' id='word_1_35' title='bbox 1209 502 1508 549; x_wconf 84' lang='lat' dir='ltr'>cognoverunt</span> <span class='ocrx_word' id='word_1_36' title='bbox 1533 490 1650 549; x_wconf 89' lang='lat' dir='ltr'>quod</span> <span class='ocrx_word' id='word_1_37' title='bbox 1684 505 1766 534; x_wconf 87' lang='lat' dir='ltr'>vox</span> <span class='ocrx_word' id='word_1_38' title='bbox 1807 488 1945 534; x_wconf 89' lang='lat' dir='ltr'>eidem</span> 
     </span>
     <span class='ocr_line' id='line_1_5' title="bbox 307 572 1949 633; baseline 0 -15"><span class='ocrx_word' id='word_1_39' title='bbox 307 575 518 632; x_wconf 23' lang='lat' dir='ltr'>Joxhannae</span> <span class='ocrx_word' id='word_1_40' title='bbox 552 576 799 619; x_wconf 85' lang='lat' dir='ltr'>transmissa</span> <span class='ocrx_word' id='word_1_41' title='bbox 826 588 914 620; x_wconf 86' lang='lat' dir='ltr'>erat</span> <span class='ocrx_word' id='word_1_42' title='bbox 945 592 994 619; x_wconf 90' lang='lat' dir='ltr'>ex</span> <span class='ocrx_word' id='word_1_43' title='bbox 1028 587 1142 633; x_wconf 85' lang='lat' dir='ltr'>parte</span> <span class='ocrx_word' id='word_1_44' title='bbox 1167 576 1263 628; x_wconf 89' lang='lat' dir='ltr'>Dei,</span> <span class='ocrx_word' id='word_1_45' title='bbox 1287 586 1327 618; x_wconf 93' lang='lat' dir='ltr'>et</span> <span class='ocrx_word' id='word_1_46' title='bbox 1349 572 1467 633; x_wconf 91' lang='lat' dir='ltr'>quod</span> <span class='ocrx_word' id='word_1_47' title='bbox 1498 573 1698 618; x_wconf 89' lang='lat' dir='ltr'>viderunt</span> <span class='ocrx_word' id='word_1_48' title='bbox 1719 586 1759 618; x_wconf 90' lang='lat' dir='ltr'>et</span> <span class='ocrx_word' id='word_1_49' title='bbox 1788 589 1949 632; x_wconf 86' lang='lat' dir='ltr'>cogno—</span> 
     </span>
     <span class='ocr_line' id='line_1_6' title="bbox 308 656 1945 716; baseline 0.001 -16"><span class='ocrx_word' id='word_1_50' title='bbox 308 670 462 702; x_wconf 86' lang='lat' dir='ltr'>verunt</span> <span class='ocrx_word' id='word_1_51' title='bbox 494 660 627 716; x_wconf 84' lang='lat' dir='ltr'>ipsam</span> <span class='ocrx_word' id='word_1_52' title='bbox 663 673 831 712; x_wconf 88' lang='lat' dir='ltr'>vocem,</span> <span class='ocrx_word' id='word_1_53' title='bbox 866 673 1054 702; x_wconf 87' lang='lat' dir='ltr'>asserens</span> <span class='ocrx_word' id='word_1_54' title='bbox 1094 660 1181 716; x_wconf 86' lang='lat' dir='ltr'>ipsa</span> <span class='ocrx_word' id='word_1_55' title='bbox 1216 658 1417 714; x_wconf 82' lang='lat' dir='ltr'>Johanna</span> <span class='ocrx_word' id='word_1_56' title='bbox 1450 658 1567 716; x_wconf 89' lang='lat' dir='ltr'>quod</span> <span class='ocrx_word' id='word_1_57' title='bbox 1602 658 1685 701; x_wconf 91' lang='lat' dir='ltr'>hoc</span> <span class='ocrx_word' id='word_1_58' title='bbox 1717 656 1825 701; x_wconf 91' lang='lat' dir='ltr'>bene</span> <span class='ocrx_word' id='word_1_59' title='bbox 1852 658 1945 702; x_wconf 91' lang='lat' dir='ltr'>scit.</span> 
     </span>
     <span class='ocr_line' id='line_1_7' title="bbox 309 740 1949 800; baseline -0.001 -14"><span class='ocrx_word' id='word_1_60' title='bbox 309 742 431 786; x_wconf 85' lang='lat' dir='ltr'>Ultra</span> <span class='ocrx_word' id='word_1_61' title='bbox 451 742 558 786; x_wconf 81' lang='lat' dir='ltr'>dixit</span> <span class='ocrx_word' id='word_1_62' title='bbox 581 741 700 800; x_wconf 89' lang='lat' dir='ltr'>quod</span> <span class='ocrx_word' id='word_1_63' title='bbox 722 757 792 785; x_wconf 87' lang='lat' dir='ltr'>rex</span> <span class='ocrx_word' id='word_1_64' title='bbox 819 758 921 787; x_wconf 88' lang='lat' dir='ltr'>suus</span> <span class='ocrx_word' id='word_1_65' title='bbox 942 755 983 786; x_wconf 91' lang='lat' dir='ltr'>et</span> <span class='ocrx_word' id='word_1_66' title='bbox 1005 743 1146 800; x_wconf 88' lang='lat' dir='ltr'>plures</span> <span class='ocrx_word' id='word_1_67' title='bbox 1163 742 1234 785; x_wconf 87' lang='lat' dir='ltr'>alii</span> <span class='ocrx_word' id='word_1_68' title='bbox 1257 741 1515 786; x_wconf 88' lang='lat' dir='ltr'>audiverunt</span> <span class='ocrx_word' id='word_1_69' title='bbox 1538 753 1579 785; x_wconf 93' lang='lat' dir='ltr'>et</span> <span class='ocrx_word' id='word_1_70' title='bbox 1597 740 1799 785; x_wconf 90' lang='lat' dir='ltr'>viderunt</span> <span class='ocrx_word' id='word_1_71' title='bbox 1823 755 1949 785; x_wconf 88' lang='lat' dir='ltr'>voces</span> 
     </span>
    </p>
   </div>
   <div class='ocr_carea' id='block_1_3' title="bbox 308 821 1949 948">
    <p class='ocr_par' dir='ltr' id='par_1_3' title="bbox 308 821 1949 948">
     <span class='ocr_line' id='line_1_8' title="bbox 308 821 1949 880; baseline 0.001 -15"><span class='ocrx_word' id='word_1_72' title='bbox 308 824 529 866; x_wconf 86' lang='lat' dir='ltr'>venientes</span> <span class='ocrx_word' id='word_1_73' title='bbox 555 822 606 866; x_wconf 89' lang='lat' dir='ltr'>ad</span> <span class='ocrx_word' id='word_1_74' title='bbox 629 824 764 880; x_wconf 86' lang='lat' dir='ltr'>ipsam</span> <span class='ocrx_word' id='word_1_75' title='bbox 790 823 1062 878; x_wconf 84' lang='lat' dir='ltr'>Johannam3</span> <span class='ocrx_word' id='word_1_76' title='bbox 1097 835 1136 867; x_wconf 93' lang='lat' dir='ltr'>et</span> <span class='ocrx_word' id='word_1_77' title='bbox 1165 822 1227 866; x_wconf 89' lang='lat' dir='ltr'>ibi</span> <span class='ocrx_word' id='word_1_78' title='bbox 1255 821 1397 866; x_wconf 85' lang='lat' dir='ltr'>aderat</span> <span class='ocrx_word' id='word_1_79' title='bbox 1424 822 1607 866; x_wconf 87' lang='lat' dir='ltr'>Karolus</span> <span class='ocrx_word' id='word_1_80' title='bbox 1640 821 1692 866; x_wconf 89' lang='lat' dir='ltr'>de</span> <span class='ocrx_word' id='word_1_81' title='bbox 1729 821 1949 866; x_wconf 89' lang='lat' dir='ltr'>Borbonio</span> 
     </span>
     <span class='ocr_line' id='line_1_9' title="bbox 308 902 776 948; baseline -0.002 -1"><span class='ocrx_word' id='word_1_82' title='bbox 308 915 349 948; x_wconf 92' lang='lat' dir='ltr'>et</span> <span class='ocrx_word' id='word_1_83' title='bbox 377 902 464 947; x_wconf 88' lang='lat' dir='ltr'>duo</span> <span class='ocrx_word' id='word_1_84' title='bbox 488 916 559 947; x_wconf 87' lang='lat' dir='ltr'>aut</span> <span class='ocrx_word' id='word_1_85' title='bbox 586 915 669 947; x_wconf 90' lang='lat' dir='ltr'>tres</span> <span class='ocrx_word' id='word_1_86' title='bbox 690 903 776 947; x_wconf 87' lang='lat' dir='ltr'>alii.</span> 
     </span>
    </p>
   </div>
   <div class='ocr_carea' id='block_1_4' title="bbox 309 985 1954 2469">
    <p class='ocr_par' dir='ltr' id='par_1_4' title="bbox 309 985 1953 1878">
     <span class='ocr_line' id='line_1_10' title="bbox 368 985 1950 1046; baseline -0.001 -16"><span class='ocrx_word' id='word_1_87' title='bbox 368 988 492 1040; x_wconf 89' lang='lat' dir='ltr'>Item,</span> <span class='ocrx_word' id='word_1_88' title='bbox 519 986 624 1031; x_wconf 85' lang='lat' dir='ltr'>dixit</span> <span class='ocrx_word' id='word_1_89' title='bbox 649 986 759 1031; x_wconf 89' lang='lat' dir='ltr'>dicta</span> <span class='ocrx_word' id='word_1_90' title='bbox 794 987 993 1044; x_wconf 86' lang='lat' dir='ltr'>Johanna</span> <span class='ocrx_word' id='word_1_91' title='bbox 1027 986 1144 1046; x_wconf 89' lang='lat' dir='ltr'>quod</span> <span class='ocrx_word' id='word_1_92' title='bbox 1181 1003 1270 1031; x_wconf 92' lang='lat' dir='ltr'>non</span> <span class='ocrx_word' id='word_1_93' title='bbox 1301 1000 1362 1031; x_wconf 92' lang='lat' dir='ltr'>est</span> <span class='ocrx_word' id='word_1_94' title='bbox 1389 985 1479 1030; x_wconf 88' lang='lat' dir='ltr'>dies</span> <span class='ocrx_word' id='word_1_95' title='bbox 1509 987 1618 1044; x_wconf 89' lang='lat' dir='ltr'>quin</span> <span class='ocrx_word' id='word_1_96' title='bbox 1653 985 1796 1030; x_wconf 89' lang='lat' dir='ltr'>audiat</span> <span class='ocrx_word' id='word_1_97' title='bbox 1831 985 1950 1029; x_wconf 87' lang='lat' dir='ltr'>illam</span> 
     </span>
     <span class='ocr_line' id='line_1_11' title="bbox 310 1069 1950 1129; baseline 0 -16"><span class='ocrx_word' id='word_1_98' title='bbox 310 1086 479 1124; x_wconf 90' lang='lat' dir='ltr'>vocem,</span> <span class='ocrx_word' id='word_1_99' title='bbox 504 1083 545 1114; x_wconf 89' lang='lat' dir='ltr'>et</span> <span class='ocrx_word' id='word_1_100' title='bbox 579 1072 708 1115; x_wconf 89' lang='lat' dir='ltr'>etiam</span> <span class='ocrx_word' id='word_1_101' title='bbox 732 1070 839 1115; x_wconf 91' lang='lat' dir='ltr'>bene</span> <span class='ocrx_word' id='word_1_102' title='bbox 863 1070 1042 1129; x_wconf 82' lang='lat' dir='ltr'>indiget.</span> <span class='ocrx_word' id='word_1_103' title='bbox 1073 1072 1191 1115; x_wconf 84' lang='lat' dir='ltr'>Dixit</span> <span class='ocrx_word' id='word_1_104' title='bbox 1213 1072 1339 1115; x_wconf 89' lang='lat' dir='ltr'>etiam</span> <span class='ocrx_word' id='word_1_105' title='bbox 1369 1069 1486 1129; x_wconf 89' lang='lat' dir='ltr'>quod</span> <span class='ocrx_word' id='word_1_106' title='bbox 1512 1085 1736 1128; x_wconf 88' lang='lat' dir='ltr'>nunquam</span> <span class='ocrx_word' id='word_1_107' title='bbox 1771 1071 1950 1128; x_wconf 86' lang='lat' dir='ltr'>requisi-</span> 
     </span>
     <span class='ocr_line' id='line_1_12' title="bbox 309 1154 1950 1212; baseline 0.001 -16"><span class='ocrx_word' id='word_1_108' title='bbox 309 1155 370 1198; x_wconf 84' lang='lat' dir='ltr'>vit</span> <span class='ocrx_word' id='word_1_109' title='bbox 399 1170 421 1197; x_wconf 90' lang='lat' dir='ltr'>a</span> <span class='ocrx_word' id='word_1_110' title='bbox 458 1169 562 1198; x_wconf 89' lang='lat' dir='ltr'>voce</span> <span class='ocrx_word' id='word_1_111' title='bbox 590 1155 759 1212; x_wconf 74' lang='lat' dir='ltr'>praefata</span> <span class='ocrx_word' id='word_1_112' title='bbox 789 1154 903 1198; x_wconf 88' lang='lat' dir='ltr'>aliud</span> <span class='ocrx_word' id='word_1_113' title='bbox 942 1156 1169 1212; x_wconf 81' lang='lat' dir='ltr'>praemium</span> <span class='ocrx_word' id='word_1_114' title='bbox 1198 1154 1339 1208; x_wconf 83' lang='lat' dir='ltr'>finale,</span> <span class='ocrx_word' id='word_1_115' title='bbox 1369 1156 1449 1197; x_wconf 89' lang='lat' dir='ltr'>nisi</span> <span class='ocrx_word' id='word_1_116' title='bbox 1486 1154 1766 1198; x_wconf 82' lang='lat' dir='ltr'>salvationem</span> <span class='ocrx_word' id='word_1_117' title='bbox 1795 1155 1950 1197; x_wconf 82' lang='lat' dir='ltr'>animae</span> 
     </span>
     <span class='ocr_line' id='line_1_13' title="bbox 309 1236 1949 1296; baseline 0 -15"><span class='ocrx_word' id='word_1_118' title='bbox 309 1255 414 1283; x_wconf 79' lang='lat' dir='ltr'>suae·</span> <span class='ocrx_word' id='word_1_119' title='bbox 445 1238 636 1282; x_wconf 84' lang='lat' dir='ltr'>Ulterius</span> <span class='ocrx_word' id='word_1_120' title='bbox 672 1238 781 1282; x_wconf 89' lang='lat' dir='ltr'>dicta</span> <span class='ocrx_word' id='word_1_121' title='bbox 811 1238 1007 1294; x_wconf 84' lang='lat' dir='ltr'>Johanna</span> <span class='ocrx_word' id='word_1_122' title='bbox 1043 1237 1235 1282; x_wconf 86' lang='lat' dir='ltr'>confessa</span> <span class='ocrx_word' id='word_1_123' title='bbox 1267 1237 1347 1281; x_wconf 88' lang='lat' dir='ltr'>fuit</span> <span class='ocrx_word' id='word_1_124' title='bbox 1379 1236 1497 1296; x_wconf 85' lang='lat' dir='ltr'>quod</span> <span class='ocrx_word' id='word_1_125' title='bbox 1525 1253 1610 1281; x_wconf 86' lang='lat' dir='ltr'>vox</span> <span class='ocrx_word' id='word_1_126' title='bbox 1632 1236 1738 1281; x_wconf 88' lang='lat' dir='ltr'>dixit</span> <span class='ocrx_word' id='word_1_127' title='bbox 1767 1238 1803 1281; x_wconf 90' lang='lat' dir='ltr'>ei</span> <span class='ocrx_word' id='word_1_128' title='bbox 1832 1236 1949 1296; x_wconf 89' lang='lat' dir='ltr'>quod</span> 
     </span>
     <span class='ocr_line' id='line_1_14' title="bbox 316 1320 1950 1379; baseline -0.001 -14"><span class='ocrx_word' id='word_1_129' title='bbox 316 1334 505 1366; x_wconf 88' lang='lat' dir='ltr'>maneret</span> <span class='ocrx_word' id='word_1_130' title='bbox 532 1321 642 1379; x_wconf 89' lang='lat' dir='ltr'>apud</span> <span class='ocrx_word' id='word_1_131' title='bbox 668 1322 814 1366; x_wconf 88' lang='lat' dir='ltr'>villam</span> <span class='ocrx_word' id='word_1_132' title='bbox 845 1323 977 1366; x_wconf 87' lang='lat' dir='ltr'>sancti</span> <span class='ocrx_word' id='word_1_133' title='bbox 1005 1321 1206 1379; x_wconf 83' lang='lat' dir='ltr'>Dionysii</span> <span class='ocrx_word' id='word_1_134' title='bbox 1236 1323 1278 1364; x_wconf 91' lang='lat' dir='ltr'>in</span> <span class='ocrx_word' id='word_1_135' title='bbox 1310 1322 1509 1375; x_wconf 80' lang='lat' dir='ltr'>Francia3</span> <span class='ocrx_word' id='word_1_136' title='bbox 1548 1322 1721 1378; x_wconf 89' lang='lat' dir='ltr'>ipsaque</span> <span class='ocrx_word' id='word_1_137' title='bbox 1751 1320 1950 1377; x_wconf 85' lang='lat' dir='ltr'>Johanna</span> 
     </span>
     <span class='ocr_line' id='line_1_15' title="bbox 312 1403 1951 1463; baseline -0.001 -14"><span class='ocrx_word' id='word_1_138' title='bbox 312 1405 367 1449; x_wconf 91' lang='lat' dir='ltr'>ibi</span> <span class='ocrx_word' id='word_1_139' title='bbox 391 1421 563 1449; x_wconf 90' lang='lat' dir='ltr'>manere</span> <span class='ocrx_word' id='word_1_140' title='bbox 590 1405 792 1459; x_wconf 75' lang='lat' dir='ltr'>volebat3</span> <span class='ocrx_word' id='word_1_141' title='bbox 826 1405 898 1450; x_wconf 89' lang='lat' dir='ltr'>sed</span> <span class='ocrx_word' id='word_1_142' title='bbox 938 1419 1084 1449; x_wconf 90' lang='lat' dir='ltr'>contra</span> <span class='ocrx_word' id='word_1_143' title='bbox 1118 1407 1251 1463; x_wconf 88' lang='lat' dir='ltr'>ipsius</span> <span class='ocrx_word' id='word_1_144' title='bbox 1288 1405 1555 1449; x_wconf 86' lang='lat' dir='ltr'>voluntatem</span> <span class='ocrx_word' id='word_1_145' title='bbox 1594 1403 1762 1448; x_wconf 88' lang='lat' dir='ltr'>domini</span> <span class='ocrx_word' id='word_1_146' title='bbox 1796 1403 1951 1448; x_wconf 81' lang='lat' dir='ltr'>eduxe-</span> 
     </span>
     <span class='ocr_line' id='line_1_16' title="bbox 312 1488 1952 1542; baseline 0 -10"><span class='ocrx_word' id='word_1_147' title='bbox 312 1503 411 1532; x_wconf 86' lang='lat' dir='ltr'>runt</span> <span class='ocrx_word' id='word_1_148' title='bbox 431 1505 539 1532; x_wconf 86' lang='lat' dir='ltr'>eam.</span> <span class='ocrx_word' id='word_1_149' title='bbox 568 1490 607 1532; x_wconf 85' lang='lat' dir='ltr'>Si</span> <span class='ocrx_word' id='word_1_150' title='bbox 641 1502 784 1533; x_wconf 86' lang='lat' dir='ltr'>tamen</span> <span class='ocrx_word' id='word_1_151' title='bbox 821 1506 910 1533; x_wconf 87' lang='lat' dir='ltr'>non</span> <span class='ocrx_word' id='word_1_152' title='bbox 936 1489 1083 1533; x_wconf 89' lang='lat' dir='ltr'>fuisset</span> <span class='ocrx_word' id='word_1_153' title='bbox 1114 1489 1225 1542; x_wconf 60' lang='lat' dir='ltr'>lma,</span> <span class='ocrx_word' id='word_1_154' title='bbox 1264 1505 1352 1532; x_wconf 86' lang='lat' dir='ltr'>non</span> <span class='ocrx_word' id='word_1_155' title='bbox 1390 1488 1489 1532; x_wconf 89' lang='lat' dir='ltr'>inde</span> <span class='ocrx_word' id='word_1_156' title='bbox 1515 1489 1772 1541; x_wconf 85' lang='lat' dir='ltr'>recessisset3</span> <span class='ocrx_word' id='word_1_157' title='bbox 1802 1500 1842 1532; x_wconf 89' lang='lat' dir='ltr'>et</span> <span class='ocrx_word' id='word_1_158' title='bbox 1870 1488 1952 1532; x_wconf 88' lang='lat' dir='ltr'>fuit</span> 
     </span>
     <span class='ocr_line' id='line_1_17' title="bbox 312 1572 1952 1630; baseline -0.001 -15"><span class='ocrx_word' id='word_1_159' title='bbox 312 1574 406 1616; x_wconf 77' lang='lat' dir='ltr'>laesa</span> <span class='ocrx_word' id='word_1_160' title='bbox 432 1574 473 1616; x_wconf 90' lang='lat' dir='ltr'>in</span> <span class='ocrx_word' id='word_1_161' title='bbox 504 1573 669 1616; x_wconf 81' lang='lat' dir='ltr'>fossatis</span> <span class='ocrx_word' id='word_1_162' title='bbox 703 1574 1056 1623; x_wconf 67' lang='lat' dir='ltr'>Parisie1isibus¹,</span> <span class='ocrx_word' id='word_1_163' title='bbox 1083 1589 1182 1616; x_wconf 86' lang='lat' dir='ltr'>cum</span> <span class='ocrx_word' id='word_1_164' title='bbox 1215 1572 1266 1616; x_wconf 90' lang='lat' dir='ltr'>de</span> <span class='ocrx_word' id='word_1_165' title='bbox 1302 1572 1411 1616; x_wconf 88' lang='lat' dir='ltr'>dicta</span> <span class='ocrx_word' id='word_1_166' title='bbox 1438 1572 1537 1616; x_wconf 86' lang='lat' dir='ltr'>villa</span> <span class='ocrx_word' id='word_1_167' title='bbox 1574 1573 1707 1615; x_wconf 88' lang='lat' dir='ltr'>sancti</span> <span class='ocrx_word' id='word_1_168' title='bbox 1749 1572 1952 1630; x_wconf 78' lang='lat' dir='ltr'>Dionysii</span> 
     </span>
     <span class='ocr_line' id='line_1_18' title="bbox 310 1655 1950 1715; baseline -0.001 -15"><span class='ocrx_word' id='word_1_169' title='bbox 310 1657 411 1700; x_wconf 92' lang='lat' dir='ltr'>illuc</span> <span class='ocrx_word' id='word_1_170' title='bbox 433 1659 706 1715; x_wconf 79' lang='lat' dir='ltr'>perrexisset3</span> <span class='ocrx_word' id='word_1_171' title='bbox 750 1657 822 1700; x_wconf 87' lang='lat' dir='ltr'>sed</span> <span class='ocrx_word' id='word_1_172' title='bbox 865 1659 908 1700; x_wconf 89' lang='lat' dir='ltr'>in</span> <span class='ocrx_word' id='word_1_173' title='bbox 937 1658 1129 1715; x_wconf 88' lang='lat' dir='ltr'>quinque</span> <span class='ocrx_word' id='word_1_174' title='bbox 1160 1656 1310 1700; x_wconf 89' lang='lat' dir='ltr'>diebus</span> <span class='ocrx_word' id='word_1_175' title='bbox 1342 1669 1483 1700; x_wconf 86' lang='lat' dir='ltr'>sanata</span> <span class='ocrx_word' id='word_1_176' title='bbox 1511 1657 1685 1700; x_wconf 85' lang='lat' dir='ltr'>exstitit.</span> <span class='ocrx_word' id='word_1_177' title='bbox 1719 1655 1911 1699; x_wconf 83' lang='lat' dir='ltr'>Ulterius</span> <span class='ocrx_word' id='word_1_178' title='bbox 1936 1663 1950 1681; x_wconf 85' lang='lat'>2</span> 
     </span>
     <span class='ocr_line' id='line_1_19' title="bbox 311 1739 1953 1799; baseline -0.001 -15"><span class='ocrx_word' id='word_1_179' title='bbox 311 1740 502 1785; x_wconf 90' lang='lat' dir='ltr'>confessa</span> <span class='ocrx_word' id='word_1_180' title='bbox 539 1741 618 1784; x_wconf 89' lang='lat' dir='ltr'>fuit</span> <span class='ocrx_word' id='word_1_181' title='bbox 651 1740 767 1799; x_wconf 89' lang='lat' dir='ltr'>quod</span> <span class='ocrx_word' id='word_1_182' title='bbox 806 1741 906 1784; x_wconf 90' lang='lat' dir='ltr'>fecit</span> <span class='ocrx_word' id='word_1_183' title='bbox 932 1740 1065 1785; x_wconf 86' lang='lat' dir='ltr'>facere</span> <span class='ocrx_word' id='word_1_184' title='bbox 1102 1756 1232 1783; x_wconf 85' lang='lat' dir='ltr'>unam</span> <span class='ocrx_word' id='word_1_185' title='bbox 1263 1741 1549 1793; x_wconf 85' lang='lat' dir='ltr'>invasionem,</span> <span class='ocrx_word' id='word_1_186' title='bbox 1578 1740 1727 1797; x_wconf 78' lang='lat' dir='ltr'>gallice</span> <span class='ocrx_word' id='word_1_187' title='bbox 1756 1747 1766 1771; x_wconf 69' lang='lat'><em>³</em></span> <span class='ocrx_word' id='word_1_188' title='bbox 1801 1739 1953 1782; x_wconf 78' lang='lat' dir='ltr'>eschar—</span> 
     </span>
     <span class='ocr_line' id='line_1_20' title="bbox 312 1825 1034 1878; baseline -0.001 -9"><span class='ocrx_word' id='word_1_189' title='bbox 312 1826 480 1878; x_wconf 77' lang='lat' dir='ltr'>mouche,</span> <span class='ocrx_word' id='word_1_190' title='bbox 503 1840 647 1869; x_wconf 88' lang='lat' dir='ltr'>coram</span> <span class='ocrx_word' id='word_1_191' title='bbox 670 1825 767 1868; x_wconf 85' lang='lat' dir='ltr'>villa</span> <span class='ocrx_word' id='word_1_192' title='bbox 795 1825 1034 1868; x_wconf 89' lang='lat' dir='ltr'>Parisiensi.</span> 
     </span>
    </p>

    <p class='ocr_par' dir='ltr' id='par_1_5' title="bbox 313 1905 1952 2037">
     <span class='ocr_line' id='line_1_21' title="bbox 371 1905 1952 1966; baseline -0.002 -14"><span class='ocrx_word' id='word_1_193' title='bbox 371 1910 421 1952; x_wconf 87' lang='lat' dir='ltr'>Et</span> <span class='ocrx_word' id='word_1_194' title='bbox 449 1925 546 1952; x_wconf 90' lang='lat' dir='ltr'>cum</span> <span class='ocrx_word' id='word_1_195' title='bbox 570 1910 900 1966; x_wconf 81' lang='lat' dir='ltr'>interrogaretur</span> <span class='ocrx_word' id='word_1_196' title='bbox 927 1910 960 1952; x_wconf 86' lang='lat' dir='ltr'>si</span> <span class='ocrx_word' id='word_1_197' title='bbox 988 1921 1090 1952; x_wconf 84' lang='lat' dir='ltr'>tunc</span> <span class='ocrx_word' id='word_1_198' title='bbox 1117 1920 1203 1952; x_wconf 88' lang='lat' dir='ltr'>erat</span> <span class='ocrx_word' id='word_1_199' title='bbox 1227 1907 1387 1951; x_wconf 88' lang='lat' dir='ltr'>festum</span> <span class='ocrx_word' id='word_1_200' title='bbox 1420 1924 1428 1951; x_wconf 73' lang='grc' dir='ltr'>ε</span> <span class='ocrx_word' id='word_1_201' title='bbox 1454 1905 1674 1965; x_wconf 87' lang='lat' dir='ltr'>respondit</span> <span class='ocrx_word' id='word_1_202' title='bbox 1697 1905 1813 1965; x_wconf 87' lang='lat' dir='ltr'>quod</span> <span class='ocrx_word' id='word_1_203' title='bbox 1846 1905 1952 1950; x_wconf 85' lang='lat' dir='ltr'>bene</span> 
     </span>
     <span class='ocr_line' id='line_1_22' title="bbox 313 1992 921 2037; baseline -0.002 0"><span class='ocrx_word' id='word_1_204' title='bbox 313 1993 445 2037; x_wconf 87' lang='lat' dir='ltr'>credit</span> <span class='ocrx_word' id='word_1_205' title='bbox 469 2007 570 2037; x_wconf 87' lang='lat' dir='ltr'>tunc</span> <span class='ocrx_word' id='word_1_206' title='bbox 597 1992 724 2037; x_wconf 89' lang='lat' dir='ltr'>fuisse</span> <span class='ocrx_word' id='word_1_207' title='bbox 749 1992 921 2036; x_wconf 85' lang='lat' dir='ltr'>festum.</span> 
     </span>
    </p>

    <p class='ocr_par' dir='ltr' id='par_1_6' title="bbox 316 2072 1954 2205">
     <span class='ocr_line' id='line_1_23' title="bbox 373 2072 1954 2133; baseline -0.003 -13"><span class='ocrx_word' id='word_1_208' title='bbox 373 2077 633 2133; x_wconf 72' lang='lat' dir='ltr'>Interrogata</span> <span class='ocrx_word' id='word_1_209' title='bbox 666 2078 698 2119; x_wconf 89' lang='lat' dir='ltr'>si</span> <span class='ocrx_word' id='word_1_210' title='bbox 731 2077 811 2120; x_wconf 84' lang='lat' dir='ltr'>hoc</span> <span class='ocrx_word' id='word_1_211' title='bbox 839 2089 924 2120; x_wconf 87' lang='lat' dir='ltr'>erat</span> <span class='ocrx_word' id='word_1_212' title='bbox 960 2076 1067 2120; x_wconf 90' lang='lat' dir='ltr'>bene</span> <span class='ocrx_word' id='word_1_213' title='bbox 1103 2076 1261 2120; x_wconf 87' lang='lat' dir='ltr'>factum</span> <span class='ocrx_word' id='word_1_214' title='bbox 1294 2093 1302 2119; x_wconf 87' lang='lat'><strong>:</strong></span> <span class='ocrx_word' id='word_1_215' title='bbox 1348 2073 1565 2133; x_wconf 82' lang='lat' dir='ltr'>respondit</span> <span class='ocrx_word' id='word_1_216' title='bbox 1596 2091 1603 2118; x_wconf 88' lang='lat'><strong>:</strong></span> <span class='ocrx_word' id='word_1_217' title='bbox 1634 2072 1668 2114; x_wconf 70' lang='lat'>&#39;«</span> <span class='ocrx_word' id='word_1_218' title='bbox 1710 2075 1954 2118; x_wconf 88' lang='lat' dir='ltr'>Transeatis</span> 
     </span>
     <span class='ocr_line' id='line_1_24' title="bbox 316 2161 489 2205; baseline -0.012 -1"><span class='ocrx_word' id='word_1_219' title='bbox 316 2161 437 2205; x_wconf 89' lang='lat' dir='ltr'>ultra.</span> <span class='ocrx_word' id='word_1_220' title='bbox 470 2179 489 2202; x_wconf 83' lang='lat'>»</span> 
     </span>
    </p>

    <p class='ocr_par' dir='ltr' id='par_1_7' title="bbox 314 2240 1954 2469">
     <span class='ocr_line' id='line_1_25' title="bbox 374 2240 1954 2302; baseline -0.002 -14"><span class='ocrx_word' id='word_1_221' title='bbox 374 2244 546 2298; x_wconf 86' lang='lat' dir='ltr'>Quibus</span> <span class='ocrx_word' id='word_1_222' title='bbox 573 2246 630 2287; x_wconf 86' lang='lat' dir='ltr'>sic</span> <span class='ocrx_word' id='word_1_223' title='bbox 658 2244 756 2287; x_wconf 78' lang='lat' dir='ltr'>hinc</span> <span class='ocrx_word' id='word_1_224' title='bbox 781 2258 821 2287; x_wconf 90' lang='lat' dir='ltr'>et</span> <span class='ocrx_word' id='word_1_225' title='bbox 849 2243 946 2287; x_wconf 87' lang='lat' dir='ltr'>inde</span> <span class='ocrx_word' id='word_1_226' title='bbox 973 2245 1166 2301; x_wconf 77' lang='lat' dir='ltr'>peractis,</span> <span class='ocrx_word' id='word_1_227' title='bbox 1193 2245 1294 2302; x_wconf 86' lang='lat' dir='ltr'>quia</span> <span class='ocrx_word' id='word_1_228' title='bbox 1324 2244 1407 2300; x_wconf 82' lang='lat' dir='ltr'>jam</span> <span class='ocrx_word' id='word_1_229' title='bbox 1438 2243 1535 2286; x_wconf 89' lang='lat' dir='ltr'>satis</span> <span class='ocrx_word' id='word_1_230' title='bbox 1568 2258 1644 2300; x_wconf 82' lang='lat' dir='ltr'>pro</span> <span class='ocrx_word' id='word_1_231' title='bbox 1675 2241 1743 2284; x_wconf 88' lang='lat' dir='ltr'>illa</span> <span class='ocrx_word' id='word_1_232' title='bbox 1771 2240 1837 2284; x_wconf 90' lang='lat' dir='ltr'>die</span> <span class='ocrx_word' id='word_1_233' title='bbox 1873 2240 1954 2285; x_wconf 89' lang='lat' dir='ltr'>fac-</span> 
     </span>
     <span class='ocr_line' id='line_1_26' title="bbox 314 2326 1953 2385; baseline -0.002 -14"><span class='ocrx_word' id='word_1_234' title='bbox 314 2341 408 2372; x_wconf 88' lang='lat' dir='ltr'>tum</span> <span class='ocrx_word' id='word_1_235' title='bbox 446 2327 683 2380; x_wconf 76' lang='lat' dir='ltr'>videbatur,</span> <span class='ocrx_word' id='word_1_236' title='bbox 714 2343 808 2380; x_wconf 90' lang='lat' dir='ltr'>nos,</span> <span class='ocrx_word' id='word_1_237' title='bbox 845 2329 1067 2385; x_wconf 88' lang='lat' dir='ltr'>episcopus</span> <span class='ocrx_word' id='word_1_238' title='bbox 1096 2327 1309 2383; x_wconf 74' lang='lat' dir='ltr'>praefatus,</span> <span class='ocrx_word' id='word_1_239' title='bbox 1344 2326 1699 2369; x_wconf 86' lang='lat' dir='ltr'>continuavimus</span> <span class='ocrx_word' id='word_1_240' title='bbox 1730 2326 1953 2382; x_wconf 83' lang='lat' dir='ltr'>negotium</span> 
     </span>
     <span class='ocr_line' id='line_1_27' title="bbox 318 2407 1952 2469; baseline -0.002 -15"><span class='ocrx_word' id='word_1_241' title='bbox 318 2427 452 2469; x_wconf 85' lang='lat' dir='ltr'>usque</span> <span class='ocrx_word' id='word_1_242' title='bbox 494 2410 544 2454; x_wconf 90' lang='lat' dir='ltr'>ad</span> <span class='ocrx_word' id='word_1_243' title='bbox 587 2410 700 2454; x_wconf 88' lang='lat' dir='ltr'>diem</span> <span class='ocrx_word' id='word_1_244' title='bbox 746 2410 907 2454; x_wconf 85' lang='lat' dir='ltr'>sabbati</span> <span class='ocrx_word' id='word_1_245' title='bbox 958 2410 1204 2454; x_wconf 86' lang='lat' dir='ltr'>immediate</span> <span class='ocrx_word' id='word_1_246' title='bbox 1240 2421 1509 2468; x_wconf 85' lang='lat' dir='ltr'>sequentem,</span> <span class='ocrx_word' id='word_1_247' title='bbox 1557 2421 1597 2452; x_wconf 89' lang='lat' dir='ltr'>et</span> <span class='ocrx_word' id='word_1_248' title='bbox 1640 2407 1831 2466; x_wconf 82' lang='lat' dir='ltr'>ejusdem</span> <span class='ocrx_word' id='word_1_249' title='bbox 1870 2407 1952 2451; x_wconf 87' lang='lat' dir='ltr'>diei</span> 
     </span>
    </p>
   </div>
   <div class='ocr_carea' id='block_1_5' title="bbox 319 2494 934 2539">
    <p class='ocr_par' dir='ltr' id='par_1_8' title="bbox 319 2494 934 2539">
     <span class='ocr_line' id='line_1_28' title="bbox 319 2494 934 2539; baseline 0 -2"><span class='ocrx_word' id='word_1_250' title='bbox 319 2495 467 2539; x_wconf 76' lang='lat' dir='ltr'>llOl‘am</span> <span class='ocrx_word' id='word_1_251' title='bbox 496 2508 689 2538; x_wconf 68' lang='lat' dir='ltr'>OCtssVssssl</span> <span class='ocrx_word' id='word_1_252' title='bbox 715 2494 765 2538; x_wconf 76' lang='lat' dir='ltr'>de</span> <span class='ocrx_word' id='word_1_253' title='bbox 794 2510 934 2538; x_wconf 72' lang='lat' dir='ltr'>Inane.</span> 
     </span>
    </p>
   </div>
   <div class='ocr_carea' id='block_1_6' title="bbox 652 2668 1598 2699">
    <p class='ocr_par' dir='ltr' id='par_1_9' title="bbox 652 2668 1598 2699">
     <span class='ocr_line' id='line_1_29' title="bbox 652 2668 1598 2699; baseline -0.003 0"><span class='ocrx_word' id='word_1_254' title='bbox 652 2673 811 2699; x_wconf 74' lang='lat' dir='ltr'><strong>SABBATI</strong></span> <span class='ocrx_word' id='word_1_255' title='bbox 843 2673 954 2699; x_wconf 76' lang='lat' dir='ltr'><strong>XXIV.</strong></span> <span class='ocrx_word' id='word_1_256' title='bbox 990 2671 1212 2698; x_wconf 72' lang='lat' dir='ltr'>FEBRUARII.</span> <span class='ocrx_word' id='word_1_257' title='bbox 1247 2671 1374 2697; x_wconf 77' lang='lat' dir='ltr'>SESSIO</span> <span class='ocrx_word' id='word_1_258' title='bbox 1403 2670 1545 2697; x_wconf 80' lang='lat' dir='ltr'>TERTIA</span> <span class='ocrx_word' id='word_1_259' title='bbox 1567 2668 1598 2695; x_wconf 88' lang='lat'>4.</span> 
     </span>
    </p>
   </div>
   <div class='ocr_carea' id='block_1_7' title="bbox 318 2800 1956 2941">
    <p class='ocr_par' dir='ltr' id='par_1_10' title="bbox 318 2800 1956 2941">
     <span class='ocr_line' id='line_1_30' title="bbox 379 2800 1955 2860; baseline -0.003 -13"><span class='ocrx_word' id='word_1_260' title='bbox 379 2805 503 2857; x_wconf 88' lang='lat' dir='ltr'>Item,</span> <span class='ocrx_word' id='word_1_261' title='bbox 532 2804 693 2848; x_wconf 84' lang='lat' dir='ltr'>sabbati</span> <span class='ocrx_word' id='word_1_262' title='bbox 727 2803 975 2846; x_wconf 85' lang='lat' dir='ltr'>immediate</span> <span class='ocrx_word' id='word_1_263' title='bbox 1015 2814 1238 2860; x_wconf 87' lang='lat' dir='ltr'>sequente,</span> <span class='ocrx_word' id='word_1_264' title='bbox 1273 2818 1369 2860; x_wconf 80' lang='lat' dir='ltr'>quae</span> <span class='ocrx_word' id='word_1_265' title='bbox 1394 2800 1474 2845; x_wconf 91' lang='lat' dir='ltr'>fuit</span> <span class='ocrx_word' id='word_1_266' title='bbox 1513 2800 1601 2844; x_wconf 90' lang='lat' dir='ltr'>dies</span> <span class='ocrx_word' id='word_1_267' title='bbox 1627 2814 1765 2844; x_wconf 78' lang='lat' dir='ltr'>XXIIII.</span> <span class='ocrx_word' id='word_1_268' title='bbox 1797 2801 1955 2843; x_wconf 88' lang='lat' dir='ltr'>mensis</span> 
     </span>
     <span class='ocr_line' id='line_1_31' title="bbox 318 2879 1956 2941; baseline -0.002 -15"><span class='ocrx_word' id='word_1_269' title='bbox 318 2883 514 2928; x_wconf 86' lang='lat' dir='ltr'>februarii</span> <span class='ocrx_word' id='word_1_270' title='bbox 539 2883 741 2941; x_wconf 61' lang='lat' dir='ltr'>praedicti,</span> <span class='ocrx_word' id='word_1_271' title='bbox 770 2899 865 2936; x_wconf 77' lang='lat' dir='ltr'>nos,</span> <span class='ocrx_word' id='word_1_272' title='bbox 895 2884 1117 2940; x_wconf 87' lang='lat' dir='ltr'>episcopus</span> <span class='ocrx_word' id='word_1_273' title='bbox 1144 2881 1385 2940; x_wconf 79' lang='lat' dir='ltr'>praedictus,</span> <span class='ocrx_word' id='word_1_274' title='bbox 1420 2880 1471 2924; x_wconf 86' lang='lat' dir='ltr'>ad</span> <span class='ocrx_word' id='word_1_275' title='bbox 1499 2893 1683 2923; x_wconf 84' lang='lat' dir='ltr'>castrum</span> <span class='ocrx_word' id='word_1_276' title='bbox 1714 2879 1956 2924; x_wconf 87' lang='lat' dir='ltr'>Rothoma-</span> 
     </span>
    </p>
   </div>
   <div class='ocr_carea' id='block_1_8' title="bbox 319 3061 1954 3224">
    <p class='ocr_par' dir='ltr' id='par_1_11' title="bbox 319 3061 1954 3224">
     <span class='ocr_line' id='line_1_32' title="bbox 372 3061 1954 3113; baseline -0.004 -10"><span class='ocrx_word' id='word_1_277' title='bbox 372 3081 399 3103; x_wconf 86' lang='lat'>1.</span> <span class='ocrx_word' id='word_1_278' title='bbox 420 3069 447 3102; x_wconf 89' lang='lat' dir='ltr'><em>B</em></span> <span class='ocrx_word' id='word_1_279' title='bbox 462 3080 504 3103; x_wconf 92' lang='lat' dir='ltr'>en</span> <span class='ocrx_word' id='word_1_280' title='bbox 517 3079 636 3113; x_wconf 73' lang='lat' dir='ltr'>marge</span> <span class='ocrx_word' id='word_1_281' title='bbox 651 3080 657 3102; x_wconf 75' lang='grc' dir='ltr'><strong><em>ε</em></strong></span> <span class='ocrx_word' id='word_1_282' title='bbox 674 3067 744 3101; x_wconf 86' lang='lat' dir='ltr'>Hoc</span> <span class='ocrx_word' id='word_1_283' title='bbox 762 3071 853 3103; x_wconf 79' lang='lat' dir='ltr'>nom.</span> <span class='ocrx_word' id='word_1_284' title='bbox 873 3087 918 3092; x_wconf 93' lang='lat'>—-</span> <span class='ocrx_word' id='word_1_285' title='bbox 930 3076 962 3100; x_wconf 85' lang='lat'>2.</span> <span class='ocrx_word' id='word_1_286' title='bbox 980 3065 1011 3100; x_wconf 77' lang='lat' dir='ltr'><em>A</em></span> <span class='ocrx_word' id='word_1_287' title='bbox 1027 3076 1071 3100; x_wconf 89' lang='lat' dir='ltr'>en</span> <span class='ocrx_word' id='word_1_288' title='bbox 1087 3075 1218 3111; x_wconf 85' lang='lat' dir='ltr'>marge,</span> <span class='ocrx_word' id='word_1_289' title='bbox 1241 3064 1348 3099; x_wconf 82' lang='lat' dir='ltr'>d&#39;une</span> <span class='ocrx_word' id='word_1_290' title='bbox 1365 3065 1512 3098; x_wconf 78' lang='lat' dir='ltr'>ecriture</span> <span class='ocrx_word' id='word_1_291' title='bbox 1527 3063 1708 3098; x_wconf 77' lang='lat' dir='ltr'>differente</span> <span class='ocrx_word' id='word_1_292' title='bbox 1729 3063 1770 3097; x_wconf 85' lang='lat' dir='ltr'>de</span> <span class='ocrx_word' id='word_1_293' title='bbox 1795 3061 1879 3097; x_wconf 89' lang='lat' dir='ltr'>celle</span> <span class='ocrx_word' id='word_1_294' title='bbox 1894 3063 1954 3097; x_wconf 88' lang='lat' dir='ltr'>des</span> 
     </span>
     <span class='ocr_line' id='line_1_33' title="bbox 319 3121 1953 3171; baseline -0.002 -9"><span class='ocrx_word' id='word_1_295' title='bbox 319 3137 433 3162; x_wconf 84' lang='lat' dir='ltr'>autres</span> <span class='ocrx_word' id='word_1_296' title='bbox 461 3137 560 3162; x_wconf 82' lang='lat' dir='ltr'>notes</span> <span class='ocrx_word' id='word_1_297' title='bbox 581 3140 587 3161; x_wconf 90' lang='lat'>:</span> <span class='ocrx_word' id='word_1_298' title='bbox 614 3128 667 3161; x_wconf 72' lang='lat' dir='ltr'>[bi</span> <span class='ocrx_word' id='word_1_299' title='bbox 685 3128 842 3160; x_wconf 72' lang='lat' dir='ltr'>invenies.</span> <span class='ocrx_word' id='word_1_300' title='bbox 858 3147 901 3150; x_wconf 83' lang='lat'>—</span> <span class='ocrx_word' id='word_1_301' title='bbox 926 3136 955 3170; x_wconf 80' lang='lat'>3.</span> <span class='ocrx_word' id='word_1_302' title='bbox 976 3125 1042 3159; x_wconf 72' lang='lat' dir='ltr'>AC</span> <span class='ocrx_word' id='word_1_303' title='bbox 1058 3125 1215 3171; x_wconf 87' lang='lat' dir='ltr'>ajoutent</span> <span class='ocrx_word' id='word_1_304' title='bbox 1234 3136 1309 3158; x_wconf 82' lang='lat' dir='ltr'>une.</span> <span class='ocrx_word' id='word_1_305' title='bbox 1331 3144 1376 3149; x_wconf 91' lang='lat'>-—</span> <span class='ocrx_word' id='word_1_306' title='bbox 1395 3133 1429 3165; x_wconf 83' lang='grc'>4.</span> <span class='ocrx_word' id='word_1_307' title='bbox 1453 3123 1505 3157; x_wconf 86' lang='lat' dir='ltr'>En</span> <span class='ocrx_word' id='word_1_308' title='bbox 1525 3134 1647 3168; x_wconf 82' lang='lat' dir='ltr'>marge</span> <span class='ocrx_word' id='word_1_309' title='bbox 1667 3123 1711 3158; x_wconf 89' lang='lat' dir='ltr'>de</span> <span class='ocrx_word' id='word_1_310' title='bbox 1735 3121 1832 3156; x_wconf 69' lang='grc' dir='ltr'>ΑΒΘ</span> <span class='ocrx_word' id='word_1_311' title='bbox 1853 3134 1865 3162; x_wconf 86' lang='lat'><em>;</em></span> <span class='ocrx_word' id='word_1_312' title='bbox 1892 3122 1923 3156; x_wconf 87' lang='lat' dir='ltr'><em>A</em></span> <span class='ocrx_word' id='word_1_313' title='bbox 1943 3134 1953 3158; x_wconf 85' lang='lat'><em>:</em></span> 
     </span>
     <span class='ocr_line' id='line_1_34' title="bbox 327 3188 553 3224; baseline -0.009 -1"><span class='ocrx_word' id='word_1_314' title='bbox 327 3189 426 3224; x_wconf 75' lang='lat' dir='ltr'>tertia</span> <span class='ocrx_word' id='word_1_315' title='bbox 445 3188 553 3221; x_wconf 70' lang='lat' dir='ltr'>sessio.</span> 
     </span>
    </p>
   </div>
  </div>
 </body>
</html>
