2099 3356
284 509 582 575 PROCES
664 520 761 571 DE
844 517 1516 572 CONDAMNATION

876 659 940 688 DE

554 767 594 840 J
604 765 935 833 EANNE
978 734 1262 836 D’ARC

235 1129 586 1190 [PROCESSUS
620 1129 1131 1175 PRAEPARATORIUS
1163 1129 1273 1172 VEL
1305 1125 1582 1187 OFFICIO.]

592 1283 634 1312 IN
668 1282 838 1313 NOMINE
877 1281 1052 1321 Domni,
1089 1282 1225 1311 AMEN.

146 1368 305 1398 INCIPIT
338 1367 572 1397 PROCEssus
606 1367 647 1396 m
682 1366 820 1395 CAUSA
849 1366 961 1395 FIDEI
995 1365 1168 1395 CONTRA
1195 1365 1416 1399 QUONDAM
1450 1365 1675 1400 QUAMDAM

168 1436 171 1437 ⁷
239 1452 479 1491 MULIEREM,
512 1451 770 1492 JOHANNAM,
807 1439 1085 1479 vuLGARITER
1117 1449 1280 1478 DICTAM
1317 1435 1358 1479 la
1391 1436 1584 1479 Pucellen

147 1600 381 1643 UNIVERSIS
420 1610 648 1656 praesentes
682 1597 843 1641 litteras
872 1613 947 1641 seu
991 1612 1174 1656 praesens
1208 1595 1432 1655 publicum
1468 1598 1739 1641 instrumen-

87 1696 182 1727 tum
199 1691 212 1708 2
238 1683 510 1741 inspecturis,
534 1683 725 1735 PETRUS,
748 1681 1024 1725 miseratione
1048 1679 1193 1724 divina
1204 1680 1474 1724 Belvacensis
1489 1682 1732 1739 episcopus,

88 1779 129 1811 et
166 1766 291 1810 frater
327 1767 556 1822 JOHANNEs
590 1766 826 1815 MAGisTm,
872 1764 1036 1809 ordinis
1087 1766 1287 1808 Fratrum
1320 1764 1672 1819 Praedicatorum,
1717 1782 1739 1809 a

85 1867 253 1909 magnae
280 1849 500 1908 religionis
543 1862 673 1908 atque
721 1850 1118 1907 circumspectionis
1152 1850 1260 1901 viro,
1292 1849 1497 1906 magistro
1536 1848 1738 1905 Johanne

84 1935 372 1987 GRAVERENT,
420 1935 465 1977 in
504 1949 617 1977 sacra
645 1934 798 1992 pagina
837 1932 1076 1991 professore
1106 1934 1268 1977 eximio
1314 1932 1508 1991 ejusdem
1554 1932 1733 1987 ordinis,

79 2019 339 2077 Inquisitore
366 2017 465 2062 fidei
486 2030 529 2061 et
556 2017 745 2061 heriticce
766 2018 982 2075 pravitatis
1009 2018 1054 2060 in
1088 2029 1183 2061 toto
1211 2032 1345 2075 regno
1373 2017 1560 2060 Franciae
1585 2029 1736 2061 aucto-

83 2103 203 2146 ritate
225 2101 458 2161 apostolica
479 2100 700 2158 deputato,
742 2102 787 2144 in
821 2099 996 2145 dioecesi
1024 2101 1368 2158 Rothomagensi
1405 2113 1445 2144 et
1493 2101 1732 2158 specialiter

86 2185 229 2245 quoad
258 2197 512 2244 praesentem
541 2200 787 2244 processum
818 2200 890 2243 per
914 2184 1118 2229 eumdem
1160 2184 1395 2229 dominum
1429 2185 1740 2244 Inquisitorem

88 2269 316 2329 deputatus
343 2282 384 2313 et
407 2270 681 2324 commissus,
711 2269 895 2313 salutem
912 2270 955 2312 in
974 2281 1148 2314 auctore
1169 2281 1210 2312 et
1236 2283 1592 2314 consummatore
1619 2270 1737 2326 fidei,

91 2355 288 2398 Domino
337 2366 488 2397 nostro
541 2353 674 2409 Jhesu
729 2353 922 2398 Christo.
973 2353 1140 2397 Placuit
1193 2368 1391 2411 supernae
1455 2353 1738 2411 providentiae

90 2437 319 2482 mulierem
337 2436 588 2495 quamdam,
615 2437 862 2493 Johannam
889 2438 1084 2490 nomine,
1112 2453 1207 2495 quae
1231 2437 1363 2494 vulgo
1392 2437 1538 2482 Puella
1573 2454 1743 2484 nuncu-

87 2534 228 2580 patur,
254 2523 389 2565 intra3
415 2522 627 2564 terminos
657 2537 702 2565 ac
734 2521 894 2565 limites
925 2520 1123 2565 dioecesis
1147 2532 1187 2564 et
1219 2520 1528 2577 jurisdictionis
1566 2536 1742 2577 nostrae,

84 2606 272 2664 episcopi
301 2603 508 2663 praedicti,
541 2620 616 2662 per
645 2605 818 2649 inclitos
850 2604 1055 2648 militares
1088 2605 1203 2649 viros
1242 2606 1334 2663 capi
1379 2617 1421 2649 et
1460 2605 1740 2664 deprehendi.

90 2690 217 2733 Fama
236 2705 338 2733 vero
367 2690 451 2746 jam
475 2688 626 2732 multis
650 2690 694 2732 in
724 2689 826 2733 locis
854 2688 1147 2747 percrebuerat
1175 2689 1405 2733 mulierem
1432 2690 1587 2748 ipsam,
1629 2691 1745 2734 illius

91 2772 327 2817 honestatis
369 2789 466 2831 quae
506 2773 765 2817 muliebrem
803 2788 954 2817 sexum
1006 2772 1142 2826 decet,
1199 2789 1370 2831 prorsus
1414 2774 1741 2828 immemorem,

95 2855 284 2915 abruptis
303 2856 571 2901 verecundiae
592 2856 738 2911 frenis,
762 2858 894 2901 totius
908 2856 1106 2901 foeminei
1123 2856 1300 2915 pudoris
1320 2857 1515 2908 oblitam,
1533 2857 1746 2902 deformes

152 3070 181 3094 1.
210 3059 238 3093 B
258 3068 356 3094 omet
386 3059 615 3095 l’invocation
640 3069 672 3095 et
694 3060 724 3095 la
745 3060 922 3107 rubrique.
951 3081 997 3085 —
1026 3071 1058 3094 2.
1088 3060 1154 3095 AC
1177 3072 1186 3094 :
1214 3061 1475 3095 instrzmtentum
1493 3060 1673 3108 publicum.
1706 3081 1742 3085 —

106 3129 136 3163 3.
168 3117 245 3152 BC:
273 3119 378 3164 infra.

227 3197 354 3226 Pnotts
380 3206 420 3226 DE
440 3197 568 3236 JEANNE
591 3197 707 3227 D'ARc.
1622 3207 1633 3226 1
