2099 3356
322 200 374 254 58
599 202 757 244 PRocsss
790 215 847 244 DE
879 216 1230 247 CONDAMNATION
1266 218 1321 247 DE
1356 218 1517 258 JEANNE
1549 205 1675 249 D’ARc

375 313 638 370 Interrogata
659 330 712 357 an
736 313 916 359 habebat
943 332 1090 360 ensem
1112 333 1257 370 suum,
1286 316 1460 375 quando
1480 331 1600 376 capta
1634 317 1715 362 fuit
1746 335 1754 362 :
1785 334 1960 377 respon-

317 395 378 440 dit
395 396 513 454 quod
533 412 640 452 non,
669 397 742 442 sed
764 398 944 444 habebat
961 400 1199 459 quemdam
1223 416 1371 445 ensem
1397 402 1471 459 qui
1498 400 1635 446 fuerat
1662 414 1809 460 captus
1833 419 1960 461 supra

317 495 458 523 unum
480 480 780 538 Burgundum.

374 563 634 621 Interrogata
652 564 726 608 ubi
755 568 959 611 remansit
985 566 1056 610 ille
1078 568 1190 610 ensis
1211 580 1255 611 et
1275 569 1318 611 in
1343 584 1427 626 qua
1449 568 1572 612 villa:
1598 567 1818 627 respondit
1838 568 1956 627 quod

315 645 474 690 obtulit
502 662 642 692 unum
666 663 815 692 ensem
843 650 887 692 in
916 649 1073 694 Sancto
1093 651 1309 709 Dionysio
1340 664 1381 695 et
1407 668 1538 706 arma,
1563 651 1635 696 sed
1663 668 1752 696 non
1779 651 1860 696 fuit
1887 652 1957 696 ille

316 730 443 773 ensis.
481 731 588 774 Item
626 730 728 776 dicit
751 732 869 791 quod
907 733 1086 777 habebat
1119 734 1244 778 illum
1284 751 1430 779 ensem
1471 736 1515 779 in
1546 736 1808 793 Ladgniaco,
1837 749 1878 780 et
1905 735 1957 780 de

313 813 557 872 Latigniaco
594 817 778 872 portavit
821 832 969 861 ensem
1002 817 1116 861 illius
1147 818 1369 876 Burgundi
1400 818 1630 877 supradicti
1658 819 1708 863 ad
1737 820 1955 878 Compen-

314 895 451 950 dium,
477 899 576 955 quia
605 911 691 943 erat
711 899 851 944 bonus
879 902 990 945 ensis
1010 917 1174 959 guerrae
1198 915 1238 945 et
1266 901 1405 946 bonus
1423 902 1473 947 ad
1501 902 1695 947 dandum
1715 902 1848 947 bonas
1869 903 1956 948 ala-

314 984 386 1037 pas
407 992 447 1024 et
470 980 604 1025 bonos
631 983 754 1036 ictus,
781 984 928 1041 gallice
949 985 993 1028 de
1011 985 1149 1029 bonnes
1166 985 1285 1043 buffes
1307 995 1341 1029 et
1363 986 1407 1030 de
1426 987 1516 1030 bons
1541 987 1728 1030 torchons.
1761 985 1841 1031 Sed
1857 986 1958 1032 dicit

313 1063 431 1121 quod
458 1063 596 1109 dicere
622 1065 694 1109 ubi
723 1065 902 1121 dimisit,
939 1084 1026 1112 non
1054 1070 1238 1126 pertinet
1271 1069 1320 1114 ad
1356 1086 1618 1128 processum,
1659 1083 1700 1114 et
1739 1086 1828 1114 non
1870 1086 1959 1114 res-

314 1146 521 1204 pondebit
542 1148 592 1192 de
619 1149 698 1193 hoc
714 1166 790 1207 pro
816 1168 945 1196 nunc.
968 1152 1082 1196 Dicit
1112 1153 1218 1196 ultra
1233 1153 1350 1212 quod
1373 1152 1518 1197 fratres
1545 1155 1637 1210 ejus
1661 1153 1817 1198 habent
1845 1153 1957 1197 bona

315 1247 403 1282 sua,
431 1247 581 1289 equos,
608 1248 773 1288 ensem,
798 1249 926 1293 prout
950 1234 1097 1289 credit,
1125 1249 1165 1279 et
1204 1237 1282 1280 alia
1310 1253 1407 1295 quae
1443 1237 1586 1281 Valent
1620 1237 1848 1295 plusquam
1876 1237 1957 1280 XII

316 1315 451 1360 millia
471 1329 710 1361 scutorum.

374 1400 636 1457 Interrogata
662 1413 826 1455 utrum,
855 1402 1030 1461 quando
1056 1404 1131 1447 ivit
1152 1405 1394 1448 Aurelianis
1423 1403 1602 1448 habebat
1620 1404 1842 1458 vexillum,
1870 1404 1955 1463 gal-

314 1483 390 1527 lice
409 1484 611 1528 estmldart
637 1501 683 1528 on
705 1486 871 1533 hanidre,
898 1499 938 1530 et
959 1488 1081 1542 cujus
1098 1487 1254 1531 coloris
1269 1501 1354 1531 erat
1379 1505 1385 1531 :
1412 1488 1631 1546 respondit
1643 1488 1760 1546 quod
1779 1487 1958 1532 babebat

312 1567 520 1611 vexillum
540 1570 661 1625 cujus
686 1585 862 1626 campus
889 1583 977 1613 erat
998 1571 1347 1614 seminatusliliis
1365 1589 1374 1625 ;
1395 1585 1436 1615 et
1454 1584 1541 1616 erat
1558 1572 1613 1614 ibi
1635 1571 1827 1616 mundus
1848 1571 1956 1630 figu-

315 1663 429 1694 ratus
456 1664 497 1694 et
519 1650 606 1695 duo
635 1652 790 1709 Angeli
813 1669 833 1696 a
863 1653 1091 1707 lateribus;
1113 1668 1285 1712 eratque
1307 1655 1462 1699 coloris
1487 1654 1585 1708 albi,
1612 1653 1662 1699 de
1681 1656 1763 1699 tela
1783 1655 1875 1700 alba
1889 1656 1956 1699 vel

313 1733 583 1789 boucassino,
612 1749 816 1794 erantque
838 1739 988 1794 scripta
1017 1737 1073 1781 ibi
1103 1739 1178 1781 ista
1207 1740 1385 1782 nomina
1406 1740 1564 1795 Jffisssus
1584 1740 1751 1794 MAR1A‚
1777 1740 1885 1783 sicut
1918 1741 1956 1783 ei

313 1817 507 1872 videtur3
537 1833 577 1863 et
605 1833 690 1863 erat
714 1819 978 1864 fimbriatum
1006 1820 1057 1865 de
1081 1823 1229 1866 serico.

370 1902 628 1960 Interrogata
650 1919 702 1946 an
734 1903 821 1947 haec
846 1906 1025 1949 nomina
1045 1906 1202 1961 JHESUS
1239 1907 1388 1950 MARIA
1410 1906 1536 1964 {erant
1563 1907 1715 1964 scripta
1740 1907 1952 1964 superius,

313 1999 384 2029 aut
412 1995 420 2012 ¹
446 1985 638 2040 inferius,
668 1988 732 2030 xel
760 1996 772 2013 ²
795 2004 817 2032 a
842 1988 969 2033 latere
993 2003 1000 2032 :
1037 1989 1256 2046 respondit
1278 1989 1394 2048 quod
1417 2006 1438 2033 a
1466 1990 1610 2041 latere,
1636 1991 1743 2033 sicut
1770 1991 1806 2033 ei
1834 1988 1956 2034 vide-

313 2081 396 2112 tur.

370 2148 632 2203 Interrogata
650 2148 766 2206 quod
789 2149 1078 2207 praediligebat
1097 2151 1161 2194 vel
1186 2151 1390 2195 vexillum
1416 2167 1564 2204 suum,
1586 2150 1651 2194 vel
1667 2167 1814 2195 ensem
1835 2168 1842 2194 :
1867 2167 1954 2194 res-

311 2229 464 2287 pondit
497 2230 612 2288 quod
649 2232 805 2285 multO,
845 2233 1041 2277 videlicet
1077 2234 1388 2293 quadragesies,
1418 2233 1714 2293 'praediligebat
1746 2234 1954 2278 vexillum

313 2329 444 2371 quam
475 2330 638 2357 ensem.
1477 2371 1479 2373 ,

371 2397 633 2455 Interrogata
655 2400 750 2456 quis
780 2399 875 2443 fecit
911 2400 988 2443 sibi
1015 2400 1147 2445 facere
1170 2401 1284 2444 illam
1318 2402 1527 2458 picturam
1566 2401 1609 2444 in
1637 2400 1795 2444 vexillo
1826 2418 1834 2444 ;
1865 2416 1953 2444 res-

314 2480 467 2538 pondit
505 2498 512 2523 :
559 2501 577 2521 «
611 2482 698 2539 Ego
734 2482 856 2526 vobis
885 2485 982 2527 satis
1012 2483 1098 2527 dixi
1131 2484 1248 2542 quod
1277 2484 1385 2527 nihil
1427 2483 1505 2528 feci
1544 2485 1624 2527 nisi
1655 2483 1706 2528 de
1744 2496 1954 2542 praecepto

313 2564 408 2607 Dei.
455 2583 474 2603 ›>
514 2565 632 2608 Dicit
674 2567 801 2609 etiarn
839 2567 955 2624 quod
1004 2569 1181 2625 ipsamet
1222 2567 1412 2626 portabat
1443 2567 1648 2611 vexillum
1683 2567 1951 2625 praedictum,

281 2659 286 2665 ·
311 2647 486 2704 quando
525 2648 845 2705 aggrediebatur
876 2651 1153 2704 adversarios,
1178 2668 1254 2709 pro
1290 2651 1493 2696 evitando
1527 2668 1579 2695 ne
1602 2651 1858 2695 interficeret
1881 2651 1953 2694 ali-

312 2746 467 2788 quem,
494 2744 534 2773 et
555 2731 656 2775 dicit
677 2732 793 2790 quod
820 2750 1047 2792 nunquam
1070 2734 1277 2778 interfecit
1304 2735 1544 2778 hominem.

370 2815 633 2871 Interrogata
671 2816 839 2874 qualem
881 2819 1127 2861 comitivam
1167 2817 1339 2863 tradidit
1387 2817 1465 2861 sibi
1500 2834 1570 2861 rex
1615 2834 1732 2868 suuS‚
1777 2817 1952 2875 quando
2006 2840 2010 2845 -

314 2899 457 2954 posuit
479 2914 571 2941 eam
595 2900 638 2941 in
661 2915 769 2956 opus
798 2917 805 2942 :
835 2900 1053 2958 respondit
1077 2900 1192 2959 quod
1210 2900 1379 2944 tradidit
1407 2902 1447 2944 X
1467 2900 1534 2944 vel
1556 2901 1635 2943 XII
1653 2900 1789 2944 millia
1811 2900 1954 2944 homi-

364 3110 392 3133 Ι.
414 3100 442 3133 C
464 3113 473 3133 .·
494 3101 556 3134 vel.
581 3121 626 3125 -
653 3111 685 3135 2.
708 3101 737 3135 C
759 3107 854 3135 saut.
