2099 3356
336 172 391 227 84
611 162 769 214 PRociss
802 186 857 214 DE
889 184 1238 214 CONDAMNATION
1273 185 1328 213 DE
1359 184 1526 226 JEANNE
1558 168 1687 213 D’ARc

336 299 380 327 se
398 284 493 328 Deo
517 297 558 328 et
578 285 716 329 Beatae
744 285 906 337 Mariae,
931 297 971 328 et
1004 284 1087 329 fuit
1113 284 1209 328 laesa
1233 299 1285 327 ex
1309 283 1383 327 illo
1411 282 1519 327 saltu
1533 300 1544 338 ;
1569 295 1610 326 et
1637 294 1867 342 postquam
1891 283 1980 341 ipsa

333 367 515 421 saltavit,
541 383 626 412 vox
649 380 805 412 sanctae
829 368 1074 412 Katharinae
1091 367 1197 411 dixit
1217 369 1256 411 ei
1279 366 1398 425 quod
1423 365 1577 410 faceret
1597 365 1764 411 bonum
1790 366 1978 421 vultum,

334 462 375 494 et
401 450 521 509 quod
543 451 602 495 illi
632 450 683 495 de
717 451 994 510 Compendio
1028 450 1233 495 haberent
1265 467 1534 495 succursum.
1575 451 1684 494 Item
1723 448 1831 494 dixit
1860 448 1979 507 quod

333 550 501 592 semper
521 534 667 578 orabat
686 551 763 594 pro
791 535 874 578 illis
897 534 948 579 de
971 533 1263 593 Compendio,
1291 550 1378 579 una
1405 550 1506 578 cum
1522 535 1611 591 ejus
1644 534 1842 578 consilio.

392 618 655 675 Interrogata
689 618 792 677 quid
824 620 911 677 ipsa
947 617 1070 672 dixit,
1108 631 1336 676 postquam
1372 618 1560 661 saltavit:
1597 616 1819 675 respondit
1857 615 1975 675 quod

336 700 467 758 aliqui
510 701 707 746 dicebant
752 703 885 760 ipsam
929 718 1018 746 esse
1057 714 1275 746 mortuam
1300 719 1310 755 3
1340 714 1397 754 et,
1420 702 1562 745 statim
1589 712 1819 759 postquam
1852 715 1978 758 appa—

335 786 421 829 ruit
447 785 689 843 Burgundis
710 784 830 844 quod
851 786 946 829 viva
971 797 1075 839 erat,
1096 786 1174 844 ipsi
1197 784 1396 829 dixerunt
1423 786 1461 828 ei
1490 783 1607 843 quod
1633 784 1872 828 saltaverat.

395 870 657 928 Interrogata
679 882 828 914 utrum
855 870 942 928 ipsa
961 868 1114 913 dixerit
1146 881 1250 913 tunc
1270 867 1389 927 quod
1418 867 1563 912 mallet
1591 869 1701 912 mori
1726 883 1857 926 quarn
1888 882 1978 911 esse

336 954 380 996 in
400 969 532 997 manu
552 953 837 1011 Anglicorum
858 970 866 997 :
891 952 1112 1012 respondit
1129 951 1246 1012 quod
1262 952 1369 996 dixit
1390 951 1508 1011 quod
1527 953 1615 1010 ipsa
1636 951 1781 995 mallet
1802 950 1977 995 reddere

332 1038 525 1080 animam
548 1038 642 1081 Deo
667 1053 795 1095 quam
817 1053 905 1081 esse
930 1038 977 1094 ,in
1007 1053 1138 1081 manu
1166 1036 1468 1095 Anglicorum.

392 1121 654 1179 Interrogata
702 1134 850 1164 utrum
887 1122 976 1179 ipsa
997 1129 1006 1146 ¹
1046 1133 1149 1165 tunc
1177 1120 1303 1164 fuerit
1330 1121 1446 1173 irata,
1479 1132 1521 1163 et
1556 1135 1609 1163 an
1656 1118 1978 1178 blasphemave-

333 1204 443 1248 ritne
469 1220 630 1248 nomen
650 1205 755 1248 Dei:
781 1203 1001 1262 respondit
1021 1203 1138 1263 quod
1158 1205 1244 1262 ipsa
1269 1219 1493 1262 nunquam
1523 1202 1744 1248 maledixit
1771 1204 1978 1248 Sanctum

331 1288 398 1331 vel
425 1288 639 1341 Sanctam,
670 1301 710 1331 et
729 1287 845 1347 quod
875 1289 961 1345 ipsa
983 1303 1209 1346 nunquam
1238 1288 1465 1331 consuevit
1484 1288 1644 1344 jurare.

393 1371 672 1429 Interrogata,
711 1371 762 1415 de
798 1371 907 1416 facto
952 1372 1064 1415 villae
1107 1372 1425 1415 Suessionensis
1461 1383 1503 1414 et
1530 1371 1738 1428 capitanei
1763 1372 1837 1429 qui
1880 1369 1978 1415 red-

340 1454 502 1499 diderat
544 1471 636 1499 eam
661 1463 692 1509 2,
736 1468 885 1499 utrum
932 1456 1019 1513 ipsa
1058 1454 1329 1513 denegaverit
1364 1455 1509 1498 Deum
1549 1454 1689 1512 quod,
1739 1455 1772 1498 si
1813 1466 1978 1499 teneret

337 1538 560 1597 praefatum
585 1540 872 1596 capitaneum,
911 1538 1061 1583 faceret
1096 1555 1196 1583 eum
1234 1537 1457 1582 abscindi³
1500 1539 1542 1582 in
1589 1551 1777 1596 quatuor
1809 1550 1972 1596 partes:

332 1742 431 1781 sailli
454 1752 548 1781 etse
574 1743 811 1782 commenda
833 1743 853 1781 a
876 1743 977 1781 Dieu
1000 1752 1036 1781 et
1058 1742 1077 1780 a
1113 1743 1257 1780 Nostre
1293 1743 1433 1788 Danie,
1462 1750 1500 1780 et
1526 1740 1584 1780 fut
1608 1740 1755 1780 blecee.
1782 1742 1830 1780 Et
1854 1750 1976 1795 quant

331 1813 405 1852 elle
427 1823 512 1853 eust
537 1813 652 1863 sailli,
673 1813 707 1852 la
725 1815 816 1852 voix
836 1814 982 1852 saincte
1002 1814 1213 1852 Katherine
1239 1813 1307 1865 luy
1328 1813 1404 1852 dist
1428 1812 1571 1866 qu’elle
1589 1812 1652 1851 fist
1674 1812 1806 1851 bonne
1825 1812 1973 1861 chiere,

331 1895 368 1924 et
389 1884 533 1938 qu'elle
554 1886 732 1938 gariroit,
752 1894 791 1924 et
814 1898 889 1938 que
908 1885 1020 1924 ceulx
1047 1885 1093 1923 de
1109 1885 1361 1937 Coinpiegne
1383 1884 1550 1922 airoient
1571 1897 1744 1922 secours.

383 1958 491 2003 Item,
516 1956 573 1995 dit
597 1956 742 2009 qu’elle
767 1957 886 2010 prioit
909 1958 1108 2008 tousjours
1127 1970 1229 2009 pour
1253 1955 1365 1995 ceulx
1391 1956 1438 1994 de
1464 1955 1730 2008 Conipiegnc,
1763 1968 1857 1994 avec
1894 1969 1966 1995 son

333 2028 500 2067 conseil.

386 2100 640 2152 Interroguee
675 2099 817 2152 qu'elle
854 2099 946 2146 dist,
974 2108 1095 2153 quant
1116 2098 1190 2137 elle
1220 2107 1307 2137 eust
1328 2097 1442 2151 sailly
1467 2112 1474 2136 :
1522 2097 1694 2151 respond
1722 2111 1799 2151 que
1820 2111 1970 2137 aucuns

331 2170 504 2209 disoient
529 2169 658 2223 quelle
677 2171 793 2209 estoit
810 2180 937 2209 morte
957 2185 966 2218 3
993 2180 1029 2209 et
1053 2179 1229 2209 tantoust
1245 2169 1338 2223 qu'il
1358 2179 1524 2223 apparut
1549 2183 1623 2208 aux
1653 2170 1972 2222 Bourguegnons

331 2241 473 2294 qu'elle
494 2242 611 2280 estoit
632 2255 680 2280 en
712 2242 789 2289 vie,
815 2241 862 2280 ilz
882 2242 950 2295 luy
972 2242 1121 2281 disrent
1142 2241 1286 2296 qu'elle
1305 2242 1423 2280 estoit
1448 2240 1586 2280 saillie.

388 2314 643 2365 Interroguee
666 2313 773 2352 s'elle
798 2313 874 2352 dist
899 2314 1014 2366 point
1029 2313 1172 2366 qu'elle
1185 2314 1324 2352 aimast
1346 2312 1495 2352 mieulx
1514 2312 1533 2350 ἓι
1556 2313 1709 2351 mourir
1732 2326 1807 2366 que
1829 2312 1969 2352 d’estre

335 2399 383 2423 en
422 2385 457 2423 la
492 2387 597 2424 main
626 2386 693 2424 des
728 2385 907 2437 Angloys
926 2395 938 2417 >⁸
960 2399 967 2422 :
1012 2385 1183 2437 respond
1221 2384 1364 2438 qu'elle
1407 2386 1601 2437 aymeroit
1641 2384 1788 2424 mieulx
1830 2385 1970 2424 rendre

330 2455 445 2495 l'ame
468 2457 487 2494 a
515 2457 614 2495 Dieu
639 2469 716 2509 que
735 2455 875 2494 d'estre
896 2468 944 2494 en
968 2455 1001 2493 la
1027 2456 1131 2494 main
1153 2455 1218 2494 des
1239 2455 1421 2509 AngloiS.

382 2528 636 2581 Interroguee
661 2527 768 2566 s’elle
790 2540 829 2566 se
854 2540 1055 2575 courouca
1084 2527 1214 2579 point,
1241 2536 1278 2565 et
1303 2526 1409 2565 s'elle
1429 2526 1660 2580 blasphema
1682 2527 1796 2581 point
1817 2527 1852 2566 le
1875 2541 1971 2566 nom

333 2598 378 2636 de
403 2599 503 2637 Dieu
524 2613 531 2636 :
556 2598 729 2651 respond
751 2597 893 2651 qu’elle
915 2597 1003 2636 n'en
1029 2599 1215 2650 maugrea
1243 2611 1419 2651 oncques
1445 2611 1492 2636 ne
1516 2599 1640 2637 sainct
1665 2612 1713 2637 ne
1744 2598 1909 2647 saincte,
1936 2607 1973 2637 et

327 2669 472 2722 qu’elle
495 2669 556 2708 n’a
573 2670 687 2722 point
711 2670 967 2708 accoustume}
986 2669 1006 2707 a
1030 2670 1146 2721 jurer.

382 2742 636 2794 Interrogue'e
659 2740 710 2778 du
730 2739 798 2779 fait
819 2740 865 2779 de
885 2741 1095 2789 Suessons,
1119 2754 1221 2793 pour
1246 2754 1290 2780 ce
1314 2754 1391 2794 que
1413 2739 1448 2779 le
1469 2740 1693 2794 cappitaine
1717 2741 1823 2780 avoit
1845 2740 1969 2779 rendu

325 2812 360 2851 la
382 2812 493 2860 ville,
516 2821 552 2850 et
573 2825 649 2865 que
674 2825 713 2850 se
733 2811 807 2850 elle
837 2812 944 2850 avoir
965 2812 1130 2863 regnoie
1154 2812 1270 2858 Dieu,
1312 2812 1420 2850 s'elle
1460 2811 1495 2850 le
1517 2812 1660 2860 tenoit,
1681 2811 1755 2851 elle
1780 2811 1814 2851 le
1853 2811 1971 2851 feroit

341 3061 352 3073 ⁶
382 3032 411 3055 1.
440 3021 686 3067 Qometipsa.
713 3029 803 3054 -⁴2.
828 3020 857 3054 C
880 3032 889 3053 :
911 3020 1042 3054 villam.
1079 3040 1122 3045 ——
1147 3030 1181 3065 3.
1214 3020 1248 3063 Q
1269 3032 1280 3054 .·
1303 3020 1438 3055 abscidi.
1458 3041 1501 3046 —
1518 3030 1552 3063 4.
1576 3021 1643 3055 Ms.
1667 3032 1712 3055 en
1730 3031 1851 3067 marge
1874 3031 1967 3055 :une

338 3091 447 3114 main.
