2099 3356
557 80 598 133 ἔνι
615 99 667 129 &A
681 107 694 125 t
716 90 766 117 ε

382 191 540 234 paoct-:s
575 205 628 234 DE
662 204 1016 234 CONDAMNArton
1050 205 1105 233 DE
1137 205 1301 246 JEANNF.
1336 191 1461 234 n'ARc
1556 187 1559 192 ”
1666 206 1744 247 137

109 306 232 350 scivit
273 304 421 355 facere,
466 303 716 362 adimplevit
758 319 834 362 pro
868 319 1006 361 posse.
1049 304 1099 347 Et
1137 316 1350 362 quantum
1393 316 1454 347 est
1492 303 1543 348 de
1579 304 1688 348 saltu
1728 320 1749 347 a

110 390 215 434 turri
241 387 291 432 de
312 389 566 442 Beaurevoir,
591 403 722 446 quem
757 386 855 431 fecit
881 399 1031 431 contra
1053 400 1312 446 praeceptum
1341 403 1503 440 earum,
1533 388 1622 445 ipsa
1662 404 1751 431 non

110 473 251 531 potuit
277 488 319 515 se
347 470 399 515 de
425 471 506 515 hoc
532 470 768 524 abstinere3
802 483 844 514 et
870 469 1047 528 quando
1076 486 1200 514 voces
1227 470 1310 514 illae
1347 470 1549 514 viderunt
1574 473 1753 515 necessi·

109 569 239 600 tatem
269 571 407 609 suam,
431 553 549 613 quod
571 571 660 598 non
703 553 857 598 sciebat
884 571 961 598 nec
988 566 1152 612 poterat
1176 570 1219 597 se
1246 553 1298 598 de
1329 554 1409 598 hoc
1456 566 1617 604 tenere,
1652 555 1751 613 ipsae

108 651 414 684 succurrerunt
449 640 546 682 vitae
571 640 662 695 ejus
690 651 730 682 et
759 650 1125 696 praeservaverunt
1156 654 1250 682 eam
1295 654 1347 681 ne
1371 653 1413 681 se
1448 638 1583 695 ipsam
1623 639 1753 681 inter-

109 723 271 767 ficeret.
314 723 435 765 Dixit
462 721 570 765 ultra
611 721 745 780 quod,
779 720 993 780 quidquid
1020 738 1217 780 unquam
1250 721 1347 765 fecit
1384 723 1426 764 in
1452 723 1539 766 suis
1581 724 1751 779 magnis

109 805 299 864 agendis,
345 807 446 864 ipsae
483 821 606 849 voces
632 821 800 863 semper
837 818 1139 850 succurrerunt
1163 806 1231 860 ei3
1267 817 1308 848 et
1340 805 1419 849 hoc
1465 818 1527 849 est
1574 806 1746 864 signum

108 890 225 950 quod
249 903 351 934 sunt
372 889 474 934 boni
502 891 692 948 spiritus.

167 976 431 1032 Interrogata
469 989 522 1017 an
551 972 702 1017 habeat
732 972 848 1017 aliud
887 975 1063 1031 signum
1100 972 1216 1031 quod
1245 973 1327 1016 illae
1362 989 1486 1017 voces
1513 985 1615 1017 sunt
1645 972 1748 1017 bom

106 1058 278 1116 spiritus
306 1075 313 1101 ι
352 1055 571 1116 respondit
590 1056 708 1115 quod
727 1069 898 1101 sanctus
919 1056 1106 1100 Michael
1128 1056 1210 1101 hoc
1235 1056 1483 1100 certificavit
1503 1056 1599 1111 sibi,
1628 1070 1750 1101 ante-

109 1157 239 1200 quam
262 1141 345 1184 illae
378 1157 503 1184 voces
528 1142 740 1184 venirent.
900 1137 905 1142 ⁴

165 1225 428 1281 Interrogata
473 1224 654 1283 qualiter
708 1225 797 1282 ipsa
839 1225 1044 1282 cognovit
1095 1223 1213 1282 quod
1258 1225 1345 1282 ipse
1376 1233 1385 1249 ¹
1450 1238 1537 1268 erat
1583 1237 1754 1268 sanctus

109 1307 295 1352 Michael
323 1326 330 1352 :
361 1307 582 1366 respondit
605 1307 723 1366 quod
744 1324 816 1366 per
840 1307 1056 1366 loquelam
1089 1324 1211 1351 suam
1252 1320 1293 1351 et
1320 1324 1392 1365 per
1427 1307 1588 1351 idioma
1627 1324 1753 1365 ange-

108 1393 253 1436 lorum
274 1409 285 1445 ;
310 1405 351 1435 et
369 1391 501 1435 credit
522 1391 704 1435 firmiter
722 1390 839 1449 quod
865 1404 983 1435 erant
1001 1392 1156 1449 angeli.
1683 1391 1686 1395 ’

166 1477 431 1533 Interrogata
454 1476 639 1534 qualiter
661 1477 867 1533 cognovit
894 1474 1011 1532 quod
1041 1487 1159 1519 erant
1192 1476 1357 1533 angeli:
1390 1475 1611 1533 respondit
1630 1475 1750 1534 quod

106 1558 287 1603 credidit
320 1558 401 1603 hoc
429 1560 528 1602 satis
560 1560 661 1613 cito,
697 1571 737 1603 et
764 1558 914 1602 habuit
944 1561 1069 1602 istam
1095 1559 1364 1602 voluntatem
1401 1560 1482 1603 hoc
1515 1558 1738 1603 credendi.

107 1643 157 1686 Et
177 1641 284 1686 dixit
316 1642 427 1686 ultra
460 1642 578 1701 quod
611 1655 782 1686 sanctus
811 1642 1010 1695 MichaeL
1041 1641 1218 1701 quando
1252 1644 1369 1687 venit
1397 1642 1447 1686 ad
1485 1659 1597 1693 eam,
1642 1643 1752 1687 dixit

108 1821 174 1861 fait
197 1832 234 1861 et
267 1821 477 1876 accomply
499 1822 518 1860 a
546 1835 617 1860 son
653 1823 822 1875 povoir3
853 1831 891 1861 et
933 1831 1056 1875 quant
1091 1831 1149 1860 est
1192 1821 1244 1860 du
1278 1821 1380 1861 sault
1415 1822 1467 1861 du
1512 1822 1677 1875 dongon
1707 1822 1755 1861 de

108 1894 348 1932 Beaurevoir
387 1893 532 1947 qu'elle
563 1893 626 1932 fist
658 1902 795 1932 contre
820 1892 906 1932 leur
926 1893 1295 1940 commandement‚
1326 1893 1401 1932 elle
1437 1907 1485 1932 ne
1517 1893 1598 1932 s’en
1642 1905 1759 1947 peust

106 1965 235 2011 teni1·;
268 1973 306 2003 et
339 1973 462 2017 quant
485 1964 580 2003 elles
604 1965 758 2003 veirent
786 1978 825 2003 sa
858 1964 1068 2011 necessite'‚
1095 1973 1132 2003 et
1153 1964 1297 2017 qu'elle
1334 1978 1382 2003 ne
1414 1964 1496 2003 s'en
1534 1965 1684 2012 scavoit
1720 1975 1757 2004 et

107 2037 246 2089 povoit
267 2037 382 2081 tenir,
412 2035 505 2075 elles
537 2035 603 2087 luy
625 2037 874 2075 secourirent
898 2050 937 2075 sa
966 2036 1028 2080 vie
1073 2045 1110 2075 et
1134 2036 1169 2075 la
1193 2036 1405 2089 garderent
1435 2036 1483 2075 de
1520 2049 1560 2075 se
1584 2046 1684 2077 tuer.
1710 2038 1758 2076 Et

106 2108 161 2147 dit
187 2107 316 2147 oultre
341 2121 433 2162 que,
466 2108 639 2161 quelque
661 2109 783 2147 chose
808 2108 952 2162 qu'elle
973 2108 1063 2147 feist
1084 2122 1264 2162 oncques
1293 2122 1340 2147 en
1367 2122 1427 2147 ses
1448 2122 1566 2161 grans
1601 2108 1753 2157 afaires‚

106 2180 200 2218 elles
240 2180 339 2218 l'ont
380 2181 582 2233 tousjours
622 2193 843 2230 secourue3
876 2189 922 2237 et
957 2194 1000 2219 ce
1038 2190 1095 2219 est
1129 2182 1241 2233 signe
1280 2195 1357 2233 que
1398 2194 1441 2219 ce
1482 2181 1611 2219 soient
1653 2180 1753 2219 bons

107 2252 270 2304 esperiS.

162 2325 415 2376 Interrogue'e
441 2323 549 2362 s'elle
585 2337 605 2362 a
633 2324 748 2376 point
786 2323 932 2362 d'autre
964 2325 1076 2376 signe
1110 2337 1186 2378 que
1212 2338 1255 2363 ce
1283 2325 1413 2363 soient
1447 2324 1546 2362 bons
1571 2325 1719 2377 esperis
1742 2338 1748 2364 :

108 2395 277 2448 respond
318 2409 324 2432 :
369 2411 386 2431 «
434 2395 545 2433 Saint
585 2395 747 2434 Michiel
786 2394 821 2433 le
864 2408 927 2434 me
964 2394 1145 2443 certiffie,
1193 2404 1309 2433 avant
1342 2409 1418 2448 que
1460 2395 1514 2434 les
1556 2396 1648 2434 voix
1689 2409 1752 2434 me

108 2467 325 2505 venissent.
355 2484 371 2501 υ

161 2539 416 2591 Interroguee
442 2552 600 2577 comme
634 2537 708 2577 elle
745 2549 967 2591 congneust
1004 2552 1081 2592 que
1103 2538 1258 2577 c'estoit
1284 2539 1384 2577 saint
1432 2538 1594 2577 Michiel
1623 2553 1630 2576 :
1674 2552 1755 2577 res—

108 2609 213 2661 pond
234 2624 241 2647 :
270 2626 287 2645 <‹
315 2611 386 2648 Par
406 2609 441 2648 le
461 2610 590 2663 parler
608 2619 645 2649 et
663 2609 699 2648 le
722 2609 904 2663 langaige
926 2610 993 2648 des
1019 2609 1156 2662 angles
1184 2627 1201 2645 ³>
1224 2625 1232 2655 3
1254 2620 1291 2648 et
1317 2609 1351 2648 le
1376 2611 1497 2648 croist
1518 2609 1756 2649 fermenieiit

113 2694 188 2734 que
212 2681 420 2720 c’estoient
441 2681 591 2734 angles.

162 2754 419 2805 Interroguee
450 2767 607 2792 comme
641 2753 716 2792 elle
749 2763 973 2806 congneust
1016 2767 1093 2805 que
1124 2752 1278 2792 c'estoit
1325 2753 1506 2806 langaige
1547 2753 1754 2805 d'angles:

107 2824 275 2877 respond
298 2837 375 2878 que
399 2824 474 2863 elle
497 2824 531 2863 le
558 2834 688 2864 creust
711 2826 815 2864 asses
840 2835 898 2864 tot
921 2840 930 2873 3
961 2834 998 2863 et
1019 2834 1106 2863 eust
1137 2835 1242 2864 ceste
1262 2825 1450 2864 voulente
1476 2825 1523 2863 de
1549 2825 1582 2863 le
1611 2825 1753 2863 croire.

110 2896 153 2933 Et
174 2895 229 2934 dit
253 2896 381 2935 oultre
404 2910 480 2949 que
506 2897 607 2935 saint
626 2896 807 2945 Michiel,
828 2905 951 2950 quant
977 2896 1002 2934 il
1026 2897 1111 2935 vint
1142 2897 1162 2935 a
1183 2896 1274 2943 elle,
1302 2896 1370 2949 luy
1391 2897 1467 2935 dist
1485 2910 1562 2950 que
1587 2898 1754 2935 sainctes

162 3107 189 3129 1.
215 3096 269 3130 C:
290 3097 347 3131 ilii.
