2099 3356
322 176 401 218 140
584 161 740 204 PRoci-:s
783 175 837 204 DE
875 176 1228 205 CONDAMNATION
1270 177 1325 205 DE
1357 177 1522 218 JEANNE
1556 163 1682 206 D'ARc

314 274 469 318 dictam
489 273 755 333 corporalem
783 290 860 332 pro
881 273 951 318 illa
978 274 1166 319 offensa:
1196 274 1414 333 respondit
1440 275 1558 334 quod
1584 276 1732 329 nescit,
1759 287 1800 320 et
1832 275 1950 334 quod

314 373 403 402 non
432 359 584 416 petivit
604 356 654 401 ab
679 359 751 401 eis.

372 441 652 498 Interrogata,
687 441 787 499 quia
811 441 911 485 alias
938 441 1100 485 dixerat
1117 441 1234 500 quod
1257 457 1333 500 pro
1355 419 1539 486 dicendo
1559 443 1785 486 veritatem
1823 443 1935 486 inter

313 523 422 568 dum
450 523 652 568 homines
683 523 1019 582 suspenduntur,
1060 537 1210 569 utrum
1237 527 1326 583 ipsa
1351 526 1456 569 sciat
1485 524 1662 584 aliquod
1686 527 1848 571 crimen
1886 525 1952 568 vel

318 606 506 665 aliquem
549 606 780 660 defectum,
826 620 997 666 propter
1038 607 1155 666 quod
1190 608 1256 652 vel
1303 621 1475 667 propter
1509 625 1640 668 quern
1687 609 1774 667 ipsa
1814 620 1955 666 posset

320 690 386 734 vel
426 689 596 735 deberet
632 691 761 745 mori,
796 692 829 735 si
864 691 1065 736 fateretur
1097 691 1203 736 illud
1234 709 1242 735 :
1298 691 1517 751 respondit
1542 691 1661 751 quod
1692 707 1798 735 non.

889 883 1049 910 SABBATI
1080 883 1179 909 XVII.
1207 883 1339 910 MARTII
1365 881 1391 910 ¹.

376 1003 506 1056 Item;
527 1001 594 1046 die
628 1002 806 1057 sabbati,
831 1017 937 1047 xvll.
972 1002 1072 1047 dicti
1095 1004 1254 1046 mensis
1283 1005 1440 1053 martii,
1471 1002 1718 1047 immediate
1742 1004 1953 1061 sequenti,

325 1087 528 1143 magistro
563 1086 761 1143 Johanne
790 1086 842 1130 de
881 1087 1033 1142 Fonte,
1085 1102 1157 1143 per
1204 1103 1300 1141 nos,
1338 1088 1586 1146 episcopum
1649 1086 1896 1145 praedictum
1925 1099 1955 1140 2,

324 1170 575 1224 commisso,
606 1182 646 1214 et
667 1170 809 1224 nobis,
837 1170 1036 1226 Johanne
1064 1171 1271 1228 Magistri,
1307 1171 1465 1214 vicario
1490 1171 1778 1228 Inquisstoris,
1807 1152 1959 1227 supra-

325 1253 448 1297 dictis
484 1253 824 1312 praesidentibus,
872 1255 915 1297 in
955 1252 1068 1298 dicto
1098 1253 1195 1298 loco
1237 1255 1411 1298 carceris
1449 1253 1661 1312 praedictae
1707 1253 1954 1310 Johannae;

322 1336 587 1381 adstantibus
617 1345 626 1369 ³
664 1336 977 1381 venerabilibus
1004 1350 1044 1381 et
1080 1337 1268 1381 discretis
1303 1338 1420 1391 viris,
1451 1336 1640 1381 dominis
1679 1349 1720 1380 et
1749 1337 1958 1394 magistris

321 1423 517 1479 superius
548 1423 798 1475 nominatis,
826 1421 1007 1465 Nicolao
1034 1422 1148 1465 Midi
1171 1433 1211 1464 et
1238 1420 1427 1466 Gerardo
1464 1421 1678 1474 Fueilleti,
1709 1418 1957 1464 doctoribus

321 1506 364 1547 in
411 1504 657 1562 theologia3
693 1504 972 1562 praesentibus
996 1504 1264 1548 Ysambardo
1300 1504 1351 1548 de
1388 1505 1512 1548 Petra
1540 1519 1581 1548 et
1611 1503 1810 1560 Johanne
1835 1504 1954 1548 Mas-

320 1589 417 1641 sien,
461 1589 656 1646 superius
706 1589 981 1641 nominatis;
1041 1589 1247 1646 requisita
1282 1587 1363 1632 fuit
1415 1587 1613 1645 praedicta
1659 1586 1857 1644 Johanna
1905 1585 1956 1629 de

324 1670 562 1729 praestando
588 1673 896 1728 juramentum,
922 1671 1038 1730 quod
1068 1684 1107 1715 et
1126 1672 1214 1729 ipsa
1242 1672 1453 1729 praestitit.

381 1754 627 1813 *Deinceps
660 1757 918 1812 interrogata
946 1756 988 1798 in
1020 1755 1177 1813 quibus
1204 1755 1356 1807 forma,
1388 1753 1701 1811 magnitudine,
1742 1754 1879 1811 specie
1915 1765 1956 1796 et

325 1838 468 1882 habitu
490 1849 659 1882 sanetus
689 1839 870 1882 Michael
895 1841 1015 1883 venit
1042 1837 1091 1882 ad
1121 1853 1213 1882 eam
1236 1856 1246 1897 ς
1271 1837 1489 1896 respondit
1515 1836 1631 1896 quod
1673 1839 1759 1896 ipse
1793 1849 1880 1880 erat
1916 1837 1956 1879 in

323 2072 526 2111 vengmrce
554 2059 773 2111 corporellc
800 2073 899 2111 pour
924 2058 1106 2097 l’offence
1129 2073 1135 2097 :
1161 2058 1332 2111 respond
1361 2057 1505 2111 qu’elle
1536 2071 1583 2096 ne
1609 2058 1717 2105 seait,
1754 2067 1791 2096 et
1815 2057 1958 2110 qu'elle

325 2144 371 2168 ne
396 2130 480 2168 leur
509 2144 528 2168 a
553 2131 665 2182 point
690 2130 898 2168 demande.

379 2203 632 2254 Interroguec
656 2215 756 2253 pour
789 2215 831 2239 ce
863 2201 1005 2254 qu'elle
1039 2215 1058 2239 a
1091 2201 1147 2239 dit
1172 2215 1263 2254 que,
1287 2214 1388 2253 pour
1407 2200 1490 2239 dire
1518 2201 1652 2246 verite,
1685 2213 1859 2238 aucunes
1880 2198 1957 2238 fois

323 2272 397 2310 l'en
423 2282 479 2310 est
502 2273 633 2325 pendu
659 2287 668 2320 ;
689 2282 725 2311 et
751 2286 851 2324 pour
881 2286 940 2319 ce,
970 2272 1075 2311 s’elle
1100 2273 1195 2316 scait
1220 2286 1267 2310 en
1291 2271 1364 2310 elle
1389 2271 1560 2325 quelque
1595 2272 1715 2310 crime
1739 2284 1791 2309 ou
1819 2269 1957 2317 fauste,

325 2357 425 2396 pour
445 2357 553 2396 quoy
577 2343 651 2382 elle
677 2353 791 2396 peust
821 2357 872 2381 ou
899 2343 1011 2382 deust
1037 2344 1202 2391 mourir,
1223 2343 1329 2382 s'elle
1348 2343 1382 2381 le
1405 2342 1622 2382 confessoit
1646 2357 1653 2380 :
1681 2342 1851 2395 respond
1883 2354 1958 2395 que

326 2427 421 2452 non.

660 2522 674 2537 *
712 2522 779 2560 Die
801 2521 955 2568 sabbati,
972 2521 1108 2559 decima
1137 2520 1287 2574 septima
1307 2521 1436 2559 mensis
1460 2521 1585 2558 marm
1602 2531 1616 2553 ⁴

540 2611 647 2649 Dicta
668 2610 831 2648 [ohanna
854 2610 934 2663 fnit
963 2609 1136 2663 requisita
1152 2609 1193 2648 de
1210 2590 1432 2662 pra’slczndo,
1453 2609 1655 2661 eljnravit,
1679 2613 1741 2647 etc.

386 2718 643 2766 Interrogue‘e
659 2717 704 2754 de
730 2717 883 2755 donner
902 2729 1090 2769 response
1106 2729 1154 2754 en
1177 2715 1307 2768 quelle
1339 2715 1495 2754 fourme
1523 2725 1561 2754 et
1592 2717 1747 2767 espece,
1769 2715 1966 2767 grandeur

331 2798 367 2826 et
384 2787 505 2835 habit,
533 2788 642 2825 vient
663 2789 786 2825 sainct
809 2787 999 2825 Michicl:
1028 2786 1200 2839 respond
1233 2801 1238 2824 :
1270 2803 1288 2823 «
1329 2786 1357 2824 Il
1391 2787 1507 2825 estoit
1539 2786 1653 2836 en-la
1689 2785 1843 2824 fourme
1871 2785 1962 2824 d'un

383 3011 411 3034 1.
443 3000 495 3034 En
518 3010 639 3045 marge
657 2999 699 3033 de
717 2999 813 3042 ABG
829 2999 914 3044 (AC
930 2999 1089 3045 ajoutent
1109 3000 1229 3033 mensis
1249 3000 1377 3033 devant
1405 3000 1553 3043 martii).
1579 3019 1624 3024 ——
1655 3009 1686 3033 2.
1714 2999 1744 3033 C
1761 3007 1859 3033 omet
1872 3005 1963 3045 prae—

331 3058 466 3093 dictum.
493 3080 535 3083 -
562 3069 589 3102 3.
613 3058 647 3101 Q
665 3071 674 3092 .·
703 3058 940 3092 assistentibus.
963 3078 1006 3083 —
1030 3069 1062 3099 4.
1095 3058 1134 3095 U,
1157 3057 1219 3092 fol.
1242 3068 1296 3099 24,
1329 3067 1372 3091 r0.
