2099 3356
363 161 446 205 262
641 156 799 219 PRocizs
832 169 888 201 DE
919 167 1277 201 CONDAMNATION
1309 168 1366 199 DE
1395 168 1560 210 JEANNE
1592 153 1722 199 n’ARc

365 271 453 316 haec
478 270 634 316 mulier
671 285 715 314 se
755 269 889 314 erexit
919 280 960 313 et
987 269 1118 326 coepit
1151 266 1362 327 populum
1391 266 1674 313 christianum
1703 266 2003 322 scandalizare,

364 368 404 400 et
425 371 501 400 sua
528 354 733 413 figmenta
761 351 996 411 propalare.
1029 369 1049 392 »

423 439 441 459 *
464 437 529 482 Ad
575 437 691 482 hunc
717 445 726 461 ‘
757 435 1006 490 articulum,
1034 434 1102 481 die
1130 435 1346 486 mercurii,
1375 448 1527 479 xxviii.
1556 435 1714 490 martii,
1742 432 1963 494 respondit
1989 442 2003 461 ²

364 521 497 579 quod,
528 521 727 579 proximo
753 519 915 564 sabbati
931 520 1146 578 sequenti,
1171 517 1224 563 de
1252 518 1334 563 hoc
1358 516 1636 577 respondebit
1660 526 1688 561 3.

424 664 574 707 LXIII.
607 681 625 701 «
658 664 782 717 ITEM,
805 661 923 723 quod
963 661 1075 706 dicta
1094 662 1295 721 Johanna
1313 663 1357 705 in
1379 661 1540 720 judicio
1564 678 1653 706 non
1682 674 1854 706 veretur
1879 678 2005 707 men-

364 749 448 801 tiri,
476 763 573 790 cum
603 747 839 790 violatione
868 747 1027 806 proprii
1049 747 1298 804 juramenti,
1329 745 1380 790 de
1407 745 1740 790 revelationibus
1757 747 1844 789 suis
1869 745 2026 802 multa*

363 831 441 875 sibi
466 832 651 875 invicem
679 831 890 875 contraria
920 843 961 874 et
1002 831 1283 890 repugnantia
1322 829 1574 883 asserend03
1614 828 1937 874 maledictiones
1960 830 2005 872 in

364 914 569 958 dominos
601 927 641 958 et
682 913 892 957 notabiles
919 929 1120 972 personas
1159 929 1204 957 ac
1248 925 1382 958 totam
1419 929 1551 958 unam
1577 926 1754 971 gentem
1783 912 2003 973 proferre3

366 998 499 1042 multa
544 997 740 1043 trufatica
767 1010 807 1041 et
842 996 1060 1045 derisoria,
1086 1013 1182 1056 quae
1211 1013 1300 1042 non
1343 996 1494 1042 decent
1539 997 1766 1041 mulierem
1799 1009 2006 1053 sanctam,

367 1080 656 1126 inverecunde
683 1081 961 1141 proloquens,
990 1097 1086 1139 quae
1129 1079 1367 1128 ostendunt
1393 1082 1526 1139 ipsam
1576 1082 1662 1140 regi
1698 1093 1740 1124 et
1780 1079 2009 1138 gubernari

367 1168 409 1209 in
438 1164 613 1223 agendis
640 1167 727 1209 suis
754 1181 828 1222 per
859 1165 994 1209 malos
1019 1165 1210 1225 spiritus,
1235 1179 1275 1208 et
1319 1180 1408 1209 non
1447 1180 1520 1224 per
1553 1164 1785 1209 consilium
1839 1164 1920 1208 Dei
1955 1170 2010 1208 'et

367 1249 639 1307 angelorum,
669 1250 778 1295 sicut
806 1250 894 1309 ipsa
935 1265 978 1292 se
1009 1251 1164 1307 jactat;
1206 1247 1373 1292 dicente
1408 1248 1584 1293 Christo
1609 1247 1660 1292 de
1688 1247 1800 1291 falsis
1825 1247 2009 1308 prophe-

371 1335 423 1377 tis
451 1350 457 1376 :
486 1350 504 1372 «
537 1332 802 1378 Af1·uctibus
828 1347 981 1376 eorum
1004 1334 1270 1391 cognoscetis
1297 1348 1387 1376 eos.
1419 1349 1438 1372 »

425 1410 463 1431 '¹⁰‘
492 1409 556 1453 Ad
587 1410 702 1453 liunc
726 1420 740 1443 ⁴
768 1410 1014 1463 articulum,
1036 1410 1144 1455 dicta
1165 1409 1251 1464 die,
1282 1409 1501 1466 respondit
1533 1419 1541 1442 ³
1574 1409 1692 1470 quod
1738 1426 1780 1454 se
1815 1408 1940 1453 refert
1958 1408 2008 1453 ad

371 1494 475 1538 illud
499 1493 616 1550 quod
648 1493 699 1537 de
729 1493 809 1537 hoc
837 1493 975 1548 dixit3
1009 1507 1065 1538 et.
1118 1493 1169 1539 de
1212 1493 1489 1538 conclusione
1527 1493 1707 1547 articuli,
1738 1509 1780 1537 se
1809 1492 1933 1538 refert
1953 1491 2005 1536 ad

372 1579 616 1621 Dominum
653 1578 813 1622 Deum.

430 1662 510 1705 Die
531 1663 692 1709 martis,
716 1676 853 1707 xxvll.
879 1661 1095 1714 februarii,
1119 1660 1224 1705 dixit
1248 1660 1367 1721 quod
1389 1662 1476 1719 ipsa
1496 1660 1674 1706 habebat
1697 1676 1845 1704 ensem
1879 1675 2008 1705 suum

371 1744 483 1804 apud
537 1745 831 1802 Latigniacum
857 1746 888 1798 ⁶,
929 1757 968 1788 et
1016 1744 1066 1788 de
1124 1745 1372 1803 Latigniaco
1395 1753 1408 1778 7
1459 1746 1642 1804 portavit
1692 1760 1839 1790 ensem
1879 1745 2011 1789 unius

370 1827 592 1886 Burgundi
636 1828 685 1872 ad
715 1828 1060 1886 Compendium,
1090 1842 1263 1887 propter
1305 1829 1385 1872 hoc
1430 1828 1547 1887 quod
1588 1841 1674 1872 erat
1716 1828 1856 1873 bonus
1899 1829 2012 1874 ensis

368 1929 548 1970 guerrae,
566 1925 606 1955 et
629 1911 768 1956 bonus
786 1912 837 1956 ad
860 1911 1054 1956 dandum
1084 1912 1217 1956 bonas
1245 1912 1397 1971 alapas,
1427 1912 1577 1971 gallice
1594 1913 1640 1956 de
1660 1912 1799 1956 bonnes
1819 1910 1938 1969 buffes
1959 1928 2008 1956 ou

369 1997 413 2041 de
432 1997 522 2040 bons
541 1997 746 2050 torchons;
771 2010 811 2040 et
835 1995 941 2040 dixit
963 1995 1098 2054 quod,
1130 1996 1202 2041 ubi
1229 1995 1394 2040 dimisit
1429 1996 1554 2040 illum
1601 2011 1764 2046 ensem,
1803 1995 1884 2041 hoc
1921 2011 2011 2040 non

371 2093 432 2124 est
454 2079 504 2123 de
539 2096 755 2138 processu,
786 2093 827 2124 et
857 2096 971 2124 nunc
998 2079 1049 2124 de
1078 2080 1159 2124 hoc
1185 2096 1272 2125 non
1301 2079 1593 2138 respondebit.

431 2164 555 2217 Item,
579 2165 702 2220 jovis,
735 2165 870 2222 prima
892 2163 1170 2217 martii,dixit
1195 2163 1313 2221 quod
1342 2163 1490 2209 fuisset
1519 2175 1705 2214 mortua,
1731 2163 1812 2207 nisi
1860 2162 2009 2208 fuisset

373 2246 572 2290 revelatio
611 2263 706 2304 quae
755 2246 968 2290 confortat
1008 2262 1102 2290 eam
1147 2245 1343 2304 quotidie
1369 2250 1399 2289 δ’.
1428 2271 1484 2278 —-
1506 2247 1771 2303 Interrogata
1790 2247 1822 2289 si
1841 2258 2011 2290 sanctus

376 2329 558 2373 Michael
587 2329 737 2373 habeat
779 2329 991 2387 capillos:
1051 2329 1307 2388 respondit:
1359 2346 1379 2370 «
1421 2330 1567 2383 Quare
1610 2329 1825 2375 habuisset
1871 2328 2014 2375 absci-

425 2537 643 2589 *Respond
669 2550 744 2590 que
766 2537 915 2576 samedi
938 2537 1012 2576 elle
1034 2550 1081 2576 en
1105 2537 1321 2590 respondra
1341 2545 1371 2575 9.

427 2608 461 2625 **
479 2609 662 2660 Respond
690 2621 697 2647 :
729 2625 746 2644 ‹<
773 2610 816 2657 Je
839 2608 940 2647 rn’en
963 2618 1118 2661 raporte
1142 2609 1188 2647 ad
1214 2622 1257 2646 ce
1279 2621 1355 2661 que
1379 2607 1454 2660 j’en
1475 2621 1523 2660 ay
1539 2607 1607 2646 dit.
1638 2625 1652 2643 ι)
1679 2609 1724 2646 Et
1744 2607 1843 2646 dela
1869 2608 2012 2660 charge

374 2688 411 2718 et
434 2679 671 2717 conclusion
691 2680 737 2718 de
753 2680 928 2727 l'article‚
954 2680 1033 2718 s’en
1054 2689 1210 2732 raporte
1229 2679 1247 2717 a
1271 2690 1402 2719 nostre
1428 2680 1512 2718 Sire
1534 2688 1578 2717 ¹0.

427 2881 500 2916 1.A
526 2894 535 2915 :
557 2884 793 2927 satagesirnunz
809 2883 1001 2919 secundum,
1031 2904 1076 2907 —
1108 2894 1143 2919 2.
1171 2883 1202 2916 A
1228 2884 1344 2928 ajoute
1365 2883 1453 2916 dicta
1475 2882 1640 2926 johanna.
1664 2903 1707 2906 —-
1735 2892 1765 2926 3.
1790 2883 1821 2916 A
1843 2893 1854 2916 .·
1881 2888 2011 2928 respon-

376 2941 475 2975 deret.
496 2962 538 2965 —
568 2952 601 2983 4.
641 2942 671 2975 A
701 2944 968 2987 :sexagesimum
1006 2944 1155 2976 tertium.
1197 2963 1239 2967 —
1288 2953 1317 2985 ς.
1346 2942 1377 2975 Α
1415 2942 1532 2987 ajoute
1570 2941 1735 2984 johanna.
1771 2962 1814 2965 —-
1845 2941 1878 2975 6.
1918 2941 2009 2976 BC:

377 3000 622 3035 Lathimamm.
646 3022 687 3026 —
710 3002 786 3045 7.st
802 3014 812 3035 .·
834 3001 1038 3036 Lathiniaco.
1059 3022 1103 3029 —-
1121 3002 1153 3036 8.
1185 3003 1214 3037 A
1237 3014 1246 3035 .·
1284 3001 1421 3036 colhidie
1439 3014 1448 3037 :
1469 3000 1499 3038 C
1520 3012 1530 3036 .·
1549 3000 1730 3046 quothidie.
1759 3021 1803 3027 -v-
1828 3011 1861 3046 9.
1885 3001 1923 3043 U,
1946 2999 2009 3035 fol.

379 3068 434 3101 29).
453 3069 508 3095 VO.
536 3080 577 3084 —
602 3070 652 3093 10.
679 3060 780 3100 Ibid„
803 3060 900 3094 idem.
