2099 3356
342 188 425 221 222
624 174 779 221 mocks
811 190 868 220 DE
900 189 1253 221 coNDAMNAwoN
1286 189 1344 220 DE
1374 189 1539 233 JEANNE
1571 175 1699 220 D'Anc

338 288 640 350 amplexando,
671 289 879 334 sentiebat
900 288 956 333 ibi
984 289 1169 334 calorem
1209 288 1275 334 vel
1302 287 1417 334 aliud
1446 301 1455 330 t
1486 286 1707 348 respondit
1740 288 1858 349 quod
1889 303 1979 333 non

337 386 502 434 poterat
529 389 596 419 eas
621 372 867 432 amplexari,
892 372 1041 432 gallice
1066 374 1206 428 acoler,
1233 373 1325 417 sine
1343 371 1570 418 sentiendo
1594 385 1635 418 et
1652 371 1869 431 tangendo
1890 387 1977 418 eas.

335 458 599 517 Interrogata
640 471 713 515 per
750 471 882 516 quam
923 469 1083 516 partem
1131 458 1219 516 ipsa
1255 472 1323 501 eas
1358 456 1693 515 amplexabatur,
1730 468 1876 501 utrum
1908 470 1982 514 per

336 540 513 585 inferius
540 540 605 585 vel
635 555 706 599 per
727 540 947 599 superius:
975 538 1196 599 respondit
1223 539 1343 599 quod
1365 539 1522 585 melius
1545 539 1667 584 decet
1689 540 1798 599 ipsas
1819 539 1980 598 ample-

337 625 423 669 xari
450 640 522 683 per
541 623 719 669 inferius
746 639 878 684 quam
902 639 976 683 per
992 624 1202 684 superius.

395 757 546 801 XLIII.
579 773 599 796 «
634 757 760 810 ITEM,
794 755 912 815 quod
946 758 1033 814 ipsa
1058 755 1259 813 Johanna
1290 755 1399 800 dixit
1432 768 1560 814 atque
1596 754 1830 814 publicavit
1861 753 1981 813 quod

336 841 481 884 Sancti
503 853 544 884 et
565 841 746 893 Sanctae,
787 839 945 898 Angeli
973 852 1014 884 et
1042 839 1296 897 Archangeli
1324 839 1566 898 loquuntur
1590 838 1753 882 idioma
1776 837 1980 896 gallicum

337 936 378 967 et
406 939 494 967 non
528 923 764 980 anglicum,
797 938 849 967 eo
890 922 1008 982 quod
1032 923 1190 976 Sancti,
1217 923 1398 976 Sanctae,
1444 922 1600 981 Angeli
1645 934 1686 965 et
1724 920 1982 980 Archangeli

339 1023 427 1051 non
454 1019 556 1051 sunt
582 1005 633 1051 de
661 1019 777 1065 parte
799 1007 1102 1065 Anglicorum‚
1131 1005 1204 1050 sed
1231 1006 1527 1060 Gallicorum3
1556 1004 1782 1050 asserendo
1803 1005 1982 1049 Sanctos

337 1101 377 1134 et
401 1091 588 1143 Sanctas,
621 1091 696 1148 qui
735 1103 836 1134 sunt
887 1091 931 1133 in
979 1090 1131 1148 gloria,
1178 1091 1223 1133 in
1271 1104 1425 1134 eorum
1461 1089 1791 1142 contumeliam,
1835 1104 1975 1132 unum

336 1189 521 1231 regnum
548 1173 811 1218 catholicum
853 1186 893 1217 et
933 1185 1108 1231 gentem
1153 1175 1358 1217 omnium
1392 1173 1648 1217 Sanctorum
1690 1172 1977 1226 venerationi,

335 1257 576 1302 secundum
599 1257 922 1301 ordinationem
950 1257 1162 1311 Ecclesiae,
1187 1257 1392 1311 deditam,
1424 1256 1528 1301 odio
1558 1256 1723 1314 capitali
1751 1255 1920 1300 habere.
1953 1271 1975 1295 »

395 1341 414 1361 *
436 1341 501 1386 Ad
536 1341 652 1385 hunc
685 1350 693 1366 ¹
731 1341 980 1394 articulum,
1015 1341 1094 1385 sibi
1118 1349 1131 1366 ²
1160 1340 1211 1384 de
1247 1340 1377 1384 verbo
1416 1339 1467 1384 ad
1507 1340 1688 1384 verbum
1713 1340 1976 1398 expositum,

339 1424 446 1468 nihil
481 1423 743 1483 respondet3
779 1424 896 1468 aliud
931 1439 1063 1483 quam
1094 1440 1136 1468 se
1162 1423 1286 1467 refert
1311 1425 1406 1467 Deo
1429 1436 1470 1467 et
1504 1423 1554 1467 ad
1589 1423 1695 1467 illud
1734 1422 1853 1481 quod
1880 1422 1982 1466 alias

340 1524 467 1566 super
509 1508 591 1552 hoc
612 1507 848 1566 respondit.

400 1592 484 1635 Die
512 1593 637 1647 jovis,
658 1592 794 1649 prima
820 1592 978 1644 martii,
1004 1590 1111 1634 dixit
1134 1590 1252 1649 quod
1278 1607 1360 1634 vox
1379 1602 1442 1635 est
1468 1589 1660 1647 pulchra,
1679 1588 1815 1634 dulcis
1835 1600 1877 1633 et
1898 1588 1983 1632 hu-

341 1681 471 1735 milis,
495 1694 534 1724 et
562 1681 754 1739 loquitur
781 1680 944 1724 idioma
965 1681 1165 1724 Franciae.
1192 1681 1459 1737 Interrogata
1487 1681 1521 1724 si
1555 1679 1625 1725 illa
1660 1695 1760 1731 vox,
1785 1676 1983 1722 videlicet

339 1778 479 1808 sancta
514 1766 763 1822 Margareta,
807 1764 1042 1822 loquatur⁴
1081 1764 1332 1821 anglicum:
1371 1762 1616 1821 respondit:
1675 1779 1694 1802 «
1737 1761 1981 1814 Quomodo

337 1849 586 1907 loqueretur
606 1847 823 1905 anglicum
848 1849 865 1891 ?
887 1847 979 1905 Ipsa
998 1861 1086 1891 non
1115 1859 1177 1891 est
1202 1847 1253 1892 de
1277 1847 1405 1890 latere
1430 1845 1728 1904 Anglicorum.
1763 1862 1782 1885 >›

396 1987 545 2030 XLIV.
579 2004 599 2026 α
630 1987 755 2040 ITEM,
783 1985 893 2029 dicta
913 1986 1112 2041 johanna
1139 2001 1182 2029 se
1211 1986 1378 2043 jactavit
1401 1998 1442 2028 et
1470 1986 1606 2042 jactat,
1636 1983 1869 2042 publicavit
1901 1995 1942 2027 et
1966 1991 1976 2017 5

339 2070 523 2128 publicat
551 2070 668 2128 quod
693 2083 847 2113 sanctae
874 2068 1106 2113 Katharina
1139 2081 1179 2112 et
1207 2070 1440 2126 Margareta
1464 2068 1544 2112 sibi
1568 2069 1859 2125 promiserunt
1885 2082 1980 2110 eam

338 2152 577 2197 conducere
602 2154 645 2195 in
674 2152 933 2210 paradisum,
960 2166 1000 2196 et
1032 2151 1375 2196 certificaverunt
1402 2167 1498 2195 eam
1525 2150 1643 2209 quod
1669 2148 1980 2195 beatitudinem

339 2249 640 2295 consequetur,
683 2238 716 2279 si
756 2248 895 2280 servet
933 2237 1226 2292 virginitatem
1258 2251 1411 2288 suam3
1456 2247 1497 2278 et
1536 2233 1655 2293 quod
1700 2233 1751 2278 de
1799 2233 1882 2277 hoc
1921 2244 1982 2276 est

338 2336 498 2364 secura.
525 2338 544 2360 >›

396 2403 447 2424 ²³*
469 2403 536 2447 Ad
563 2403 678 2446 hunc
702 2404 716 2428 ⁶
744 2403 991 2455 articulum,
1039 2401 1260 2460 respondit
1283 2410 1295 2435 7
1324 2400 1442 2460 quod
1475 2417 1517 2445 se
1548 2395 1694 2453 refert,
1725 2415 1851 2457 super
1879 2398 1977 2453 hoc,

337 2487 534 2531 Domino
559 2501 705 2530 nostro
727 2499 769 2530 et
796 2485 846 2529 ad
874 2503 921 2530 ea
947 2501 1043 2544 quae
1071 2501 1198 2543 super
1223 2485 1304 2529 hoc
1321 2485 1423 2529 alias
1448 2482 1686 2542 respondit.

388 2629 404 2646 ⁷⁸
428 2629 615 2682 Respond
639 2643 646 2667 ε
670 2645 689 2665 ε(
705 2630 749 2677 Je
781 2627 885 2667 m’en
915 2628 1056 2667 actend
1088 2628 1108 2666 a
1132 2637 1266 2666 nostre
1288 2626 1498 2680 Seigneur,
1521 2636 1558 2665 et
1582 2626 1629 2665 ad
1663 2638 1706 2664 ce
1730 2638 1806 2678 que
1831 2621 1905 2677 j'en
1931 2637 1979 2677 ay

336 2701 538 2753 respondu
560 2702 593 2739 3.
620 2717 638 2736 »

390 2771 435 2790 **
458 2771 646 2825 Respond
665 2785 672 2809 :
700 2787 718 2807 ‹<
742 2773 788 2821 Je
809 2771 915 2810 m'en
929 2771 1067 2810 actend
1099 2771 1119 2809 a
1139 2780 1272 2810 nostre
1294 2771 1505 2823 Seigneur,
1531 2777 1569 2809 et
1590 2768 1637 2808 ad
1659 2780 1702 2807 ce
1725 2780 1804 2822 que
1834 2766 1910 2820 j'en
1931 2779 1979 2819 ay

337 2843 539 2896 respondu
559 2851 590 2881 9.
616 2859 635 2878 »

392 2992 420 3015 1.
448 2981 513 3014 A:
539 2980 827 3026 qmzdragesimzmz
858 2981 1006 3014 tertium.
1029 3000 1075 3004 —
1093 2990 1126 3014 2.
1154 2980 1215 3014 A:
1247 2980 1323 3025 ipsi.
1354 2999 1399 3003 —
1436 2988 1464 3023 3.
1494 2979 1525 3012 A
1558 2978 1675 3024 ajoute
1704 2976 1790 3011 dicta
1811 2974 1975 3020 johanna.

341 3061 378 3064 —
397 3051 430 3081 4.
460 3040 490 3073 A
508 3052 517 3073 .·
540 3040 697 3085 loquitur.
724 3036 766 3064 ὲ
789 3050 819 3082 5.
840 3039 926 3074 BC:
946 3044 1052 3085 atquc.
1075 3059 1120 3064 —-
1137 3040 1169 3073 6.
1191 3039 1223 3072 A
1245 3051 1255 3071 .·
1275 3038 1565 3084 quadragesimum
1579 3042 1805 3083 quartum.—
1829 3046 1861 3080 7.
1883 3033 1974 3069 AC:

341 3099 503 3144 tcspomlel
518 3111 529 3137 ,·
547 3099 576 3131 A
602 3100 718 3143 ajoutc
739 3098 898 3144 praedicta
913 3098 1075 3141 johanna.
1100 3119 1141 3122 —
1162 3098 1194 3131 8.
1218 3097 1259 3139 U,
1277 3097 1337 3131 sol.
1370 3107 1425 3142 29,
1449 3108 1492 3130 rw.
1517 3117 1561 3121 -
1578 3108 1610 3141 9.
1629 3095 1717 3130 [bid.
1735 3095 1831 3129 idem.
