<?xml version="1.0" encoding="UTF-8"?>
<!DOCTYPE html PUBLIC "-//W3C//DTD XHTML 1.0 Transitional//EN"
    "http://www.w3.org/TR/xhtml1/DTD/xhtml1-transitional.dtd">
<html xmlns="http://www.w3.org/1999/xhtml" xml:lang="en" lang="en">
 <head>
  <title>
</title>
<meta http-equiv="Content-Type" content="text/html;charset=utf-8" />
  <meta name='ocr-system' content='tesseract 3.04.00' />
  <meta name='ocr-capabilities' content='ocr_page ocr_carea ocr_par ocr_line ocrx_word'/>
</head>
<body>
  <div class='ocr_page' id='page_1' title='image "./procsdecondamn01cham_0282.png"; bbox 0 0 2099 3356; ppageno 0'>
   <div class='ocr_carea' id='block_1_1' title="bbox 341 158 1699 217">
    <p class='ocr_par' dir='ltr' id='par_1_1' title="bbox 341 158 1699 217">
     <span class='ocr_line' id='line_1_1' title="bbox 341 158 1699 217; baseline 0.002 -15"><span class='ocrx_word' id='word_1_1' title='bbox 341 173 423 216; x_wconf 73' lang='lat'>232</span> <span class='ocrx_word' id='word_1_2' title='bbox 619 158 778 202; x_wconf 69' lang='lat' dir='ltr'>PROCIES</span> <span class='ocrx_word' id='word_1_3' title='bbox 811 173 866 202; x_wconf 90' lang='lat' dir='ltr'>DE</span> <span class='ocrx_word' id='word_1_4' title='bbox 899 173 1252 204; x_wconf 84' lang='lat' dir='ltr'>CONDAMNATION</span> <span class='ocrx_word' id='word_1_5' title='bbox 1286 174 1342 204; x_wconf 93' lang='lat' dir='ltr'>DE</span> <span class='ocrx_word' id='word_1_6' title='bbox 1373 175 1540 217; x_wconf 87' lang='lat' dir='ltr'>JEANNE</span> <span class='ocrx_word' id='word_1_7' title='bbox 1573 163 1699 205; x_wconf 85' lang='lat' dir='ltr'>D&#39;ARC</span> 
     </span>
    </p>
   </div>
   <div class='ocr_carea' id='block_1_2' title="bbox 340 271 2007 2838">
    <p class='ocr_par' dir='ltr' id='par_1_2' title="bbox 340 271 1988 1251">
     <span class='ocr_line' id='line_1_2' title="bbox 399 271 1977 333; baseline 0.003 -17"><span class='ocrx_word' id='word_1_8' title='bbox 399 274 524 327; x_wconf 90' lang='lat' dir='ltr'>Item,</span> <span class='ocrx_word' id='word_1_9' title='bbox 563 273 725 325; x_wconf 83' lang='lat' dir='ltr'>martis,</span> <span class='ocrx_word' id='word_1_10' title='bbox 765 286 902 315; x_wconf 83' lang='lat' dir='ltr'>XXVII.</span> <span class='ocrx_word' id='word_1_11' title='bbox 933 271 1148 327; x_wconf 89' lang='lat' dir='ltr'>februarii,</span> <span class='ocrx_word' id='word_1_12' title='bbox 1175 274 1431 332; x_wconf 89' lang='lat' dir='ltr'>interrogata</span> <span class='ocrx_word' id='word_1_13' title='bbox 1466 274 1571 333; x_wconf 90' lang='lat' dir='ltr'>quid</span> <span class='ocrx_word' id='word_1_14' title='bbox 1608 291 1693 319; x_wconf 86' lang='lat' dir='ltr'>vox</span> <span class='ocrx_word' id='word_1_15' title='bbox 1729 274 1890 320; x_wconf 83' lang='lat' dir='ltr'>dixerat</span> <span class='ocrx_word' id='word_1_16' title='bbox 1923 277 1977 331; x_wconf 91' lang='lat' dir='ltr'>ei,</span> 
     </span>
     <span class='ocr_line' id='line_1_3' title="bbox 341 354 1981 418; baseline 0.002 -18"><span class='ocrx_word' id='word_1_17' title='bbox 341 370 436 415; x_wconf 90' lang='lat' dir='ltr'>post</span> <span class='ocrx_word' id='word_1_18' title='bbox 459 356 573 400; x_wconf 89' lang='lat' dir='ltr'>diem</span> <span class='ocrx_word' id='word_1_19' title='bbox 595 354 755 399; x_wconf 89' lang='lat' dir='ltr'>sabbati</span> <span class='ocrx_word' id='word_1_20' title='bbox 776 355 973 400; x_wconf 80' lang='lat' dir='ltr'>ultimate</span> <span class='ocrx_word' id='word_1_21' title='bbox 995 357 1260 415; x_wconf 88' lang='lat' dir='ltr'>praeteritum</span> <span class='ocrx_word' id='word_1_22' title='bbox 1292 373 1301 401; x_wconf 77' lang='grc' dir='ltr'>ε</span> <span class='ocrx_word' id='word_1_23' title='bbox 1326 357 1548 416; x_wconf 85' lang='lat' dir='ltr'>respondit</span> <span class='ocrx_word' id='word_1_24' title='bbox 1569 358 1687 418; x_wconf 92' lang='lat' dir='ltr'>quod</span> <span class='ocrx_word' id='word_1_25' title='bbox 1706 360 1795 418; x_wconf 92' lang='lat' dir='ltr'>ipsa</span> <span class='ocrx_word' id='word_1_26' title='bbox 1813 358 1981 418; x_wconf 85' lang='lat' dir='ltr'>petebat</span> 
     </span>
     <span class='ocr_line' id='line_1_4' title="bbox 340 438 1981 501; baseline 0.002 -17"><span class='ocrx_word' id='word_1_27' title='bbox 340 440 400 484; x_wconf 92' lang='lat' dir='ltr'>illi</span> <span class='ocrx_word' id='word_1_28' title='bbox 416 441 509 484; x_wconf 83' lang='lat' dir='ltr'>voci</span> <span class='ocrx_word' id='word_1_29' title='bbox 525 439 773 493; x_wconf 90' lang='lat' dir='ltr'>consilium,</span> <span class='ocrx_word' id='word_1_30' title='bbox 791 438 842 483; x_wconf 90' lang='lat' dir='ltr'>de</span> <span class='ocrx_word' id='word_1_31' title='bbox 857 438 1074 498; x_wconf 81' lang='lat' dir='ltr'>aliquibus</span> <span class='ocrx_word' id='word_1_32' title='bbox 1089 456 1186 499; x_wconf 83' lang='lat' dir='ltr'>quae</span> <span class='ocrx_word' id='word_1_33' title='bbox 1211 440 1291 485; x_wconf 85' lang='lat' dir='ltr'>sibi</span> <span class='ocrx_word' id='word_1_34' title='bbox 1308 440 1475 486; x_wconf 88' lang='lat' dir='ltr'>fuerant</span> <span class='ocrx_word' id='word_1_35' title='bbox 1502 443 1632 500; x_wconf 90' lang='lat' dir='ltr'>petita</span> <span class='ocrx_word' id='word_1_36' title='bbox 1658 444 1702 486; x_wconf 93' lang='lat' dir='ltr'>in</span> <span class='ocrx_word' id='word_1_37' title='bbox 1730 442 1906 501; x_wconf 80' lang='lat' dir='ltr'>judicio.</span> <span class='ocrx_word' id='word_1_38' title='bbox 1922 470 1981 475; x_wconf 96' lang='lat'>—</span> 
     </span>
     <span class='ocr_line' id='line_1_5' title="bbox 341 521 1981 585; baseline 0.002 -17"><span class='ocrx_word' id='word_1_39' title='bbox 341 527 601 581; x_wconf 83' lang='lat' dir='ltr'>Interrogata</span> <span class='ocrx_word' id='word_1_40' title='bbox 633 524 667 566; x_wconf 93' lang='lat' dir='ltr'>si</span> <span class='ocrx_word' id='word_1_41' title='bbox 700 521 820 582; x_wconf 81' lang='lat' dir='ltr'>[vox]</span> <span class='ocrx_word' id='word_1_42' title='bbox 855 522 973 568; x_wconf 83' lang='lat' dir='ltr'>dedit</span> <span class='ocrx_word' id='word_1_43' title='bbox 1005 523 1083 567; x_wconf 84' lang='lat' dir='ltr'>sibi</span> <span class='ocrx_word' id='word_1_44' title='bbox 1121 524 1355 569; x_wconf 91' lang='lat' dir='ltr'>consilium</span> <span class='ocrx_word' id='word_1_45' title='bbox 1383 524 1434 569; x_wconf 90' lang='lat' dir='ltr'>de</span> <span class='ocrx_word' id='word_1_46' title='bbox 1461 525 1676 584; x_wconf 87' lang='lat' dir='ltr'>aliquibus</span> <span class='ocrx_word' id='word_1_47' title='bbox 1712 543 1722 570; x_wconf 74' lang='grc' dir='ltr'><strong>ε</strong></span> <span class='ocrx_word' id='word_1_48' title='bbox 1759 526 1981 585; x_wconf 87' lang='lat' dir='ltr'>respondit</span> 
     </span>
     <span class='ocr_line' id='line_1_6' title="bbox 342 606 1981 669; baseline 0.002 -18"><span class='ocrx_word' id='word_1_49' title='bbox 342 606 476 666; x_wconf 86' lang='lat' dir='ltr'>quod,</span> <span class='ocrx_word' id='word_1_50' title='bbox 499 607 550 651; x_wconf 92' lang='lat' dir='ltr'>de</span> <span class='ocrx_word' id='word_1_51' title='bbox 576 606 790 665; x_wconf 87' lang='lat' dir='ltr'>aliquibus</span> <span class='ocrx_word' id='word_1_52' title='bbox 817 609 1002 665; x_wconf 87' lang='lat' dir='ltr'>punctis,</span> <span class='ocrx_word' id='word_1_53' title='bbox 1032 607 1182 652; x_wconf 86' lang='lat' dir='ltr'>habuit</span> <span class='ocrx_word' id='word_1_54' title='bbox 1210 608 1461 653; x_wconf 89' lang='lat' dir='ltr'>consilium.</span> <span class='ocrx_word' id='word_1_55' title='bbox 1492 610 1601 654; x_wconf 89' lang='lat' dir='ltr'>Item</span> <span class='ocrx_word' id='word_1_56' title='bbox 1628 611 1758 654; x_wconf 87' lang='lat' dir='ltr'>etiam</span> <span class='ocrx_word' id='word_1_57' title='bbox 1785 610 1902 669; x_wconf 88' lang='lat' dir='ltr'>quod</span> <span class='ocrx_word' id='word_1_58' title='bbox 1929 609 1981 655; x_wconf 90' lang='lat' dir='ltr'>de</span> 
     </span>
     <span class='ocr_line' id='line_1_7' title="bbox 341 683 1982 751; baseline 0.002 -16"><span class='ocrx_word' id='word_1_59' title='bbox 341 689 556 749; x_wconf 88' lang='lat' dir='ltr'>aliquibus</span> <span class='ocrx_word' id='word_1_60' title='bbox 582 703 723 749; x_wconf 90' lang='lat' dir='ltr'>posset</span> <span class='ocrx_word' id='word_1_61' title='bbox 745 689 824 734; x_wconf 90' lang='lat' dir='ltr'>sibi</span> <span class='ocrx_word' id='word_1_62' title='bbox 852 692 936 748; x_wconf 89' lang='lat' dir='ltr'>peti</span> <span class='ocrx_word' id='word_1_63' title='bbox 956 692 1195 749; x_wconf 87' lang='lat' dir='ltr'>responsio,</span> <span class='ocrx_word' id='word_1_64' title='bbox 1216 691 1268 736; x_wconf 90' lang='lat' dir='ltr'>de</span> <span class='ocrx_word' id='word_1_65' title='bbox 1285 692 1443 751; x_wconf 90' lang='lat' dir='ltr'>quibus</span> <span class='ocrx_word' id='word_1_66' title='bbox 1470 709 1561 738; x_wconf 95' lang='lat' dir='ltr'>non</span> <span class='ocrx_word' id='word_1_67' title='bbox 1588 692 1706 737; x_wconf 89' lang='lat' dir='ltr'>daret</span> <span class='ocrx_word' id='word_1_68' title='bbox 1731 683 1822 738; x_wconf 86' lang='lat' dir='ltr'>sine</span> <span class='ocrx_word' id='word_1_69' title='bbox 1855 694 1982 738; x_wconf 90' lang='lat' dir='ltr'>licen-</span> 
     </span>
     <span class='ocr_line' id='line_1_8' title="bbox 342 773 1983 835; baseline 0.002 -18"><span class='ocrx_word' id='word_1_70' title='bbox 342 776 414 818; x_wconf 90' lang='lat' dir='ltr'>tia.</span> <span class='ocrx_word' id='word_1_71' title='bbox 442 775 508 828; x_wconf 90' lang='lat' dir='ltr'>Et,</span> <span class='ocrx_word' id='word_1_72' title='bbox 527 775 560 818; x_wconf 89' lang='lat' dir='ltr'>si</span> <span class='ocrx_word' id='word_1_73' title='bbox 579 773 854 832; x_wconf 88' lang='lat' dir='ltr'>responderet</span> <span class='ocrx_word' id='word_1_74' title='bbox 871 776 962 818; x_wconf 91' lang='lat' dir='ltr'>sine</span> <span class='ocrx_word' id='word_1_75' title='bbox 987 774 1169 829; x_wconf 90' lang='lat' dir='ltr'>licentia,</span> <span class='ocrx_word' id='word_1_76' title='bbox 1194 775 1335 819; x_wconf 89' lang='lat' dir='ltr'>forsan</span> <span class='ocrx_word' id='word_1_77' title='bbox 1358 792 1447 820; x_wconf 91' lang='lat' dir='ltr'>non</span> <span class='ocrx_word' id='word_1_78' title='bbox 1476 776 1648 820; x_wconf 89' lang='lat' dir='ltr'>haberet</span> <span class='ocrx_word' id='word_1_79' title='bbox 1671 792 1739 821; x_wconf 91' lang='lat' dir='ltr'>eas</span> <span class='ocrx_word' id='word_1_80' title='bbox 1766 778 1810 821; x_wconf 91' lang='lat' dir='ltr'>in</span> <span class='ocrx_word' id='word_1_81' title='bbox 1835 793 1983 835; x_wconf 89' lang='lat' dir='ltr'>garan-</span> 
     </span>
     <span class='ocr_line' id='line_1_9' title="bbox 342 857 1985 915; baseline 0.001 -13"><span class='ocrx_word' id='word_1_82' title='bbox 342 859 617 912; x_wconf 83' lang='lat' dir='ltr'>tizationem3</span> <span class='ocrx_word' id='word_1_83' title='bbox 639 870 698 911; x_wconf 91' lang='lat' dir='ltr'>et,</span> <span class='ocrx_word' id='word_1_84' title='bbox 723 857 897 915; x_wconf 88' lang='lat' dir='ltr'>quando</span> <span class='ocrx_word' id='word_1_85' title='bbox 922 857 1094 902; x_wconf 89' lang='lat' dir='ltr'>habebit</span> <span class='ocrx_word' id='word_1_86' title='bbox 1113 858 1329 903; x_wconf 86' lang='lat' dir='ltr'>licentiam</span> <span class='ocrx_word' id='word_1_87' title='bbox 1348 875 1371 903; x_wconf 91' lang='lat' dir='ltr'>a</span> <span class='ocrx_word' id='word_1_88' title='bbox 1390 860 1601 914; x_wconf 90' lang='lat' dir='ltr'>Domino,</span> <span class='ocrx_word' id='word_1_89' title='bbox 1624 876 1713 905; x_wconf 92' lang='lat' dir='ltr'>non</span> <span class='ocrx_word' id='word_1_90' title='bbox 1734 859 1985 905; x_wconf 87' lang='lat' dir='ltr'>formidabit</span> 
     </span>
     <span class='ocr_line' id='line_1_10' title="bbox 343 940 1986 1002; baseline 0.001 -16"><span class='ocrx_word' id='word_1_91' title='bbox 343 942 480 986; x_wconf 88' lang='lat' dir='ltr'>dicere</span> <span class='ocrx_word' id='word_1_92' title='bbox 508 942 607 1000; x_wconf 90' lang='lat' dir='ltr'>quia</span> <span class='ocrx_word' id='word_1_93' title='bbox 634 941 742 985; x_wconf 92' lang='lat' dir='ltr'>bene</span> <span class='ocrx_word' id='word_1_94' title='bbox 769 940 943 986; x_wconf 86' lang='lat' dir='ltr'>habebit</span> <span class='ocrx_word' id='word_1_95' title='bbox 969 943 1370 1000; x_wconf 88' lang='lat' dir='ltr'>garantizationem.</span> <span class='ocrx_word' id='word_1_96' title='bbox 1402 969 1460 974; x_wconf 87' lang='lat'>—-</span> <span class='ocrx_word' id='word_1_97' title='bbox 1486 944 1595 987; x_wconf 89' lang='lat' dir='ltr'>Item</span> <span class='ocrx_word' id='word_1_98' title='bbox 1630 945 1904 1002; x_wconf 89' lang='lat' dir='ltr'>interrogata,</span> <span class='ocrx_word' id='word_1_99' title='bbox 1938 960 1986 988; x_wconf 90' lang='lat' dir='ltr'>ea</span> 
     </span>
     <span class='ocr_line' id='line_1_11' title="bbox 344 1024 1986 1086; baseline 0.001 -16"><span class='ocrx_word' id='word_1_100' title='bbox 344 1025 427 1080; x_wconf 88' lang='lat' dir='ltr'>die,</span> <span class='ocrx_word' id='word_1_101' title='bbox 447 1024 674 1084; x_wconf 90' lang='lat' dir='ltr'>quomodo</span> <span class='ocrx_word' id='word_1_102' title='bbox 694 1026 772 1069; x_wconf 89' lang='lat' dir='ltr'>scit</span> <span class='ocrx_word' id='word_1_103' title='bbox 792 1024 926 1069; x_wconf 91' lang='lat' dir='ltr'>facere</span> <span class='ocrx_word' id='word_1_104' title='bbox 944 1024 1269 1070; x_wconf 89' lang='lat' dir='ltr'>distinctionem</span> <span class='ocrx_word' id='word_1_105' title='bbox 1290 1026 1341 1071; x_wconf 93' lang='lat' dir='ltr'>de</span> <span class='ocrx_word' id='word_1_106' title='bbox 1362 1027 1665 1085; x_wconf 88' lang='lat' dir='ltr'>respondendo</span> <span class='ocrx_word' id='word_1_107' title='bbox 1692 1027 1743 1072; x_wconf 93' lang='lat' dir='ltr'>de</span> <span class='ocrx_word' id='word_1_108' title='bbox 1766 1027 1986 1086; x_wconf 85' lang='lat' dir='ltr'>aliquibus</span> 
     </span>
     <span class='ocr_line' id='line_1_12' title="bbox 347 1108 1988 1170; baseline 0.001 -17"><span class='ocrx_word' id='word_1_109' title='bbox 347 1111 530 1168; x_wconf 79' lang='lat' dir='ltr'>punctiS,</span> <span class='ocrx_word' id='word_1_110' title='bbox 557 1122 598 1153; x_wconf 85' lang='lat' dir='ltr'>et</span> <span class='ocrx_word' id='word_1_111' title='bbox 619 1108 670 1153; x_wconf 92' lang='lat' dir='ltr'>de</span> <span class='ocrx_word' id='word_1_112' title='bbox 697 1109 788 1152; x_wconf 90' lang='lat' dir='ltr'>aliis</span> <span class='ocrx_word' id='word_1_113' title='bbox 807 1125 897 1152; x_wconf 92' lang='lat' dir='ltr'>non</span> <span class='ocrx_word' id='word_1_114' title='bbox 928 1127 935 1153; x_wconf 86' lang='lat'><strong>:</strong></span> <span class='ocrx_word' id='word_1_115' title='bbox 959 1109 1179 1168; x_wconf 88' lang='lat' dir='ltr'>respondit</span> <span class='ocrx_word' id='word_1_116' title='bbox 1202 1109 1336 1169; x_wconf 89' lang='lat' dir='ltr'>quod,</span> <span class='ocrx_word' id='word_1_117' title='bbox 1366 1109 1417 1154; x_wconf 91' lang='lat' dir='ltr'>de</span> <span class='ocrx_word' id='word_1_118' title='bbox 1438 1110 1652 1169; x_wconf 86' lang='lat' dir='ltr'>aliquibus</span> <span class='ocrx_word' id='word_1_119' title='bbox 1672 1112 1857 1169; x_wconf 88' lang='lat' dir='ltr'>punctis,</span> <span class='ocrx_word' id='word_1_120' title='bbox 1883 1112 1988 1170; x_wconf 91' lang='lat' dir='ltr'>peti-</span> 
     </span>
     <span class='ocr_line' id='line_1_13' title="bbox 346 1192 1245 1251; baseline 0 -14"><span class='ocrx_word' id='word_1_121' title='bbox 346 1195 407 1238; x_wconf 87' lang='lat' dir='ltr'>vit</span> <span class='ocrx_word' id='word_1_122' title='bbox 427 1193 663 1246; x_wconf 86' lang='lat' dir='ltr'>licentiam,</span> <span class='ocrx_word' id='word_1_123' title='bbox 693 1206 733 1236; x_wconf 91' lang='lat' dir='ltr'>et</span> <span class='ocrx_word' id='word_1_124' title='bbox 759 1192 812 1237; x_wconf 91' lang='lat' dir='ltr'>de</span> <span class='ocrx_word' id='word_1_125' title='bbox 837 1192 1053 1251; x_wconf 87' lang='lat' dir='ltr'>aliquibus</span> <span class='ocrx_word' id='word_1_126' title='bbox 1080 1192 1245 1238; x_wconf 88' lang='lat' dir='ltr'>habuit.</span> 
     </span>
    </p>

    <p class='ocr_par' dir='ltr' id='par_1_3' title="bbox 348 1277 2007 2258">
     <span class='ocr_line' id='line_1_14' title="bbox 406 1277 1985 1336; baseline 0.001 -15"><span class='ocrx_word' id='word_1_127' title='bbox 406 1279 532 1331; x_wconf 90' lang='lat' dir='ltr'>Item,</span> <span class='ocrx_word' id='word_1_128' title='bbox 563 1277 694 1329; x_wconf 81' lang='lat' dir='ltr'>lunae,</span> <span class='ocrx_word' id='word_1_129' title='bbox 725 1291 801 1320; x_wconf 70' lang='grc' dir='ltr'>ΧΠ.</span> <span class='ocrx_word' id='word_1_130' title='bbox 839 1278 996 1330; x_wconf 83' lang='lat' dir='ltr'>martii,</span> <span class='ocrx_word' id='word_1_131' title='bbox 1027 1279 1285 1335; x_wconf 88' lang='lat' dir='ltr'>interrogata</span> <span class='ocrx_word' id='word_1_132' title='bbox 1310 1279 1343 1321; x_wconf 90' lang='lat' dir='ltr'>si</span> <span class='ocrx_word' id='word_1_133' title='bbox 1378 1278 1570 1336; x_wconf 85' lang='lat' dir='ltr'>Angelus</span> <span class='ocrx_word' id='word_1_134' title='bbox 1597 1277 1856 1323; x_wconf 87' lang='lat' dir='ltr'>defeceritne</span> <span class='ocrx_word' id='word_1_135' title='bbox 1890 1277 1985 1333; x_wconf 91' lang='lat' dir='ltr'>sibi,</span> 
     </span>
     <span class='ocr_line' id='line_1_15' title="bbox 348 1360 1989 1421; baseline 0 -15"><span class='ocrx_word' id='word_1_136' title='bbox 348 1374 561 1420; x_wconf 88' lang='lat' dir='ltr'>quantum</span> <span class='ocrx_word' id='word_1_137' title='bbox 576 1360 761 1404; x_wconf 88' lang='lat' dir='ltr'>ad&#39;bona</span> <span class='ocrx_word' id='word_1_138' title='bbox 779 1360 978 1415; x_wconf 78' lang='lat' dir='ltr'>fortunae,</span> <span class='ocrx_word' id='word_1_139' title='bbox 996 1360 1046 1404; x_wconf 83' lang='lat' dir='ltr'>de</span> <span class='ocrx_word' id='word_1_140' title='bbox 1065 1360 1145 1405; x_wconf 91' lang='lat' dir='ltr'>hoc</span> <span class='ocrx_word' id='word_1_141' title='bbox 1169 1361 1285 1420; x_wconf 90' lang='lat' dir='ltr'>quod</span> <span class='ocrx_word' id='word_1_142' title='bbox 1312 1370 1320 1387; x_wconf 92' lang='lat'>¹</span> <span class='ocrx_word' id='word_1_143' title='bbox 1351 1360 1431 1405; x_wconf 89' lang='lat' dir='ltr'>fuit</span> <span class='ocrx_word' id='word_1_144' title='bbox 1451 1375 1571 1419; x_wconf 88' lang='lat' dir='ltr'>capta</span> <span class='ocrx_word' id='word_1_145' title='bbox 1601 1379 1609 1405; x_wconf 91' lang='lat'><strong>:</strong></span> <span class='ocrx_word' id='word_1_146' title='bbox 1637 1361 1856 1420; x_wconf 92' lang='lat' dir='ltr'>respondit</span> <span class='ocrx_word' id='word_1_147' title='bbox 1870 1362 1989 1421; x_wconf 92' lang='lat' dir='ltr'>quod</span> 
     </span>
     <span class='ocr_line' id='line_1_16' title="bbox 348 1444 1988 1504; baseline 0 -14"><span class='ocrx_word' id='word_1_148' title='bbox 348 1445 497 1499; x_wconf 87' lang='lat' dir='ltr'>credit,</span> <span class='ocrx_word' id='word_1_149' title='bbox 527 1458 758 1504; x_wconf 87' lang='lat' dir='ltr'>postquam</span> <span class='ocrx_word' id='word_1_150' title='bbox 793 1444 928 1503; x_wconf 89' lang='lat' dir='ltr'>placet</span> <span class='ocrx_word' id='word_1_151' title='bbox 960 1445 1070 1498; x_wconf 90' lang='lat' dir='ltr'>Deo,</span> <span class='ocrx_word' id='word_1_152' title='bbox 1100 1445 1216 1503; x_wconf 91' lang='lat' dir='ltr'>quod</span> <span class='ocrx_word' id='word_1_153' title='bbox 1246 1458 1309 1489; x_wconf 91' lang='lat' dir='ltr'>est</span> <span class='ocrx_word' id='word_1_154' title='bbox 1336 1461 1412 1502; x_wconf 86' lang='lat' dir='ltr'>pro</span> <span class='ocrx_word' id='word_1_155' title='bbox 1441 1445 1607 1489; x_wconf 90' lang='lat' dir='ltr'>meliori</span> <span class='ocrx_word' id='word_1_156' title='bbox 1635 1445 1752 1504; x_wconf 92' lang='lat' dir='ltr'>quod</span> <span class='ocrx_word' id='word_1_157' title='bbox 1781 1447 1868 1504; x_wconf 89' lang='lat' dir='ltr'>ipsa</span> <span class='ocrx_word' id='word_1_158' title='bbox 1895 1447 1949 1490; x_wconf 92' lang='lat' dir='ltr'>sit</span> <span class='ocrx_word' id='word_1_159' title='bbox 1974 1454 1988 1472; x_wconf 84' lang='lat'>²</span> 
     </span>
     <span class='ocr_line' id='line_1_17' title="bbox 348 1527 1986 1588; baseline -0.001 -14"><span class='ocrx_word' id='word_1_160' title='bbox 348 1542 481 1588; x_wconf 87' lang='lat' dir='ltr'>capta.</span> <span class='ocrx_word' id='word_1_161' title='bbox 515 1529 853 1586; x_wconf 88' lang='lat' dir='ltr'>—Interrogata</span> <span class='ocrx_word' id='word_1_162' title='bbox 876 1541 1020 1572; x_wconf 84' lang='lat' dir='ltr'>utrum</span> <span class='ocrx_word' id='word_1_163' title='bbox 1039 1529 1271 1585; x_wconf 88' lang='lat' dir='ltr'>angelusne</span> <span class='ocrx_word' id='word_1_164' title='bbox 1292 1528 1370 1572; x_wconf 91' lang='lat' dir='ltr'>sibi</span> <span class='ocrx_word' id='word_1_165' title='bbox 1389 1527 1586 1573; x_wconf 90' lang='lat' dir='ltr'>defecerit</span> <span class='ocrx_word' id='word_1_166' title='bbox 1605 1531 1649 1572; x_wconf 90' lang='lat' dir='ltr'>in</span> <span class='ocrx_word' id='word_1_167' title='bbox 1668 1528 1793 1573; x_wconf 91' lang='lat' dir='ltr'>bonis</span> <span class='ocrx_word' id='word_1_168' title='bbox 1814 1530 1959 1587; x_wconf 75' lang='lat' dir='ltr'>gratiae</span> <span class='ocrx_word' id='word_1_169' title='bbox 1977 1546 1986 1572; x_wconf 71' lang='grc' dir='ltr'>ς</span> 
     </span>
     <span class='ocr_line' id='line_1_18' title="bbox 351 1611 1998 1672; baseline -0.001 -14"><span class='ocrx_word' id='word_1_170' title='bbox 351 1612 570 1672; x_wconf 87' lang='lat' dir='ltr'>respondit</span> <span class='ocrx_word' id='word_1_171' title='bbox 595 1629 603 1656; x_wconf 91' lang='lat'>:</span> <span class='ocrx_word' id='word_1_172' title='bbox 639 1629 659 1652; x_wconf 89' lang='lat'>«</span> <span class='ocrx_word' id='word_1_173' title='bbox 690 1612 887 1664; x_wconf 87' lang='lat' dir='ltr'>Qualiter</span> <span class='ocrx_word' id='word_1_174' title='bbox 913 1611 1021 1655; x_wconf 87' lang='lat' dir='ltr'>mihi</span> <span class='ocrx_word' id='word_1_175' title='bbox 1043 1611 1257 1665; x_wconf 86' lang='lat' dir='ltr'>deficeret,</span> <span class='ocrx_word' id='word_1_176' title='bbox 1290 1612 1465 1670; x_wconf 90' lang='lat' dir='ltr'>quando</span> <span class='ocrx_word' id='word_1_177' title='bbox 1496 1628 1564 1655; x_wconf 88' lang='lat' dir='ltr'>me</span> <span class='ocrx_word' id='word_1_178' title='bbox 1595 1612 1809 1656; x_wconf 88' lang='lat' dir='ltr'>confortat</span> <span class='ocrx_word' id='word_1_179' title='bbox 1843 1614 1998 1672; x_wconf 79' lang='lat' dir='ltr'>quoti-·</span> 
     </span>
     <span class='ocr_line' id='line_1_19' title="bbox 352 1695 1990 1754; baseline 0 -14"><span class='ocrx_word' id='word_1_180' title='bbox 352 1696 418 1740; x_wconf 88' lang='lat' dir='ltr'>die</span> <span class='ocrx_word' id='word_1_181' title='bbox 437 1704 447 1728; x_wconf 82' lang='lat'>³</span> <span class='ocrx_word' id='word_1_182' title='bbox 468 1697 483 1739; x_wconf 86' lang='lat'>?</span> <span class='ocrx_word' id='word_1_183' title='bbox 504 1714 524 1736; x_wconf 86' lang='lat'>»</span> <span class='ocrx_word' id='word_1_184' title='bbox 545 1697 593 1740; x_wconf 86' lang='lat' dir='ltr'>Et</span> <span class='ocrx_word' id='word_1_185' title='bbox 616 1695 815 1752; x_wconf 83' lang='lat' dir='ltr'>intelligit</span> <span class='ocrx_word' id='word_1_186' title='bbox 837 1697 961 1739; x_wconf 86' lang='lat' dir='ltr'>istam</span> <span class='ocrx_word' id='word_1_187' title='bbox 984 1695 1366 1749; x_wconf 86' lang='lat' dir='ltr'>confortationem,</span> <span class='ocrx_word' id='word_1_188' title='bbox 1384 1695 1501 1754; x_wconf 91' lang='lat' dir='ltr'>quod</span> <span class='ocrx_word' id='word_1_189' title='bbox 1517 1708 1578 1739; x_wconf 90' lang='lat' dir='ltr'>est</span> <span class='ocrx_word' id='word_1_190' title='bbox 1597 1695 1649 1740; x_wconf 86' lang='lat' dir='ltr'>de</span> <span class='ocrx_word' id='word_1_191' title='bbox 1664 1709 1806 1740; x_wconf 89' lang='lat' dir='ltr'>sancta</span> <span class='ocrx_word' id='word_1_192' title='bbox 1830 1695 1990 1740; x_wconf 86' lang='lat' dir='ltr'>Katha-</span> 
     </span>
     <span class='ocr_line' id='line_1_20' title="bbox 352 1779 1990 1837; baseline -0.001 -14"><span class='ocrx_word' id='word_1_193' title='bbox 352 1782 443 1824; x_wconf 85' lang='lat' dir='ltr'>rina</span> <span class='ocrx_word' id='word_1_194' title='bbox 479 1792 519 1823; x_wconf 90' lang='lat' dir='ltr'>et</span> <span class='ocrx_word' id='word_1_195' title='bbox 552 1793 693 1823; x_wconf 89' lang='lat' dir='ltr'>sancta</span> <span class='ocrx_word' id='word_1_196' title='bbox 727 1780 979 1837; x_wconf 87' lang='lat' dir='ltr'>Margareta.</span> <span class='ocrx_word' id='word_1_197' title='bbox 1022 1805 1081 1810; x_wconf 96' lang='lat'><strong>—</strong></span> <span class='ocrx_word' id='word_1_198' title='bbox 1108 1780 1369 1837; x_wconf 82' lang='lat' dir='ltr'>Interrogata</span> <span class='ocrx_word' id='word_1_199' title='bbox 1403 1793 1553 1824; x_wconf 90' lang='lat' dir='ltr'>utrum</span> <span class='ocrx_word' id='word_1_200' title='bbox 1580 1796 1646 1824; x_wconf 89' lang='lat' dir='ltr'>eas</span> <span class='ocrx_word' id='word_1_201' title='bbox 1676 1792 1817 1833; x_wconf 89' lang='lat' dir='ltr'>vocet,</span> <span class='ocrx_word' id='word_1_202' title='bbox 1857 1779 1923 1823; x_wconf 79' lang='lat' dir='ltr'>vel</span> <span class='ocrx_word' id='word_1_203' title='bbox 1957 1780 1990 1823; x_wconf 93' lang='lat' dir='ltr'>si</span> 
     </span>
     <span class='ocr_line' id='line_1_21' title="bbox 352 1862 1984 1921; baseline -0.001 -14"><span class='ocrx_word' id='word_1_204' title='bbox 352 1865 533 1907; x_wconf 79' lang='lat' dir='ltr'>veniunt</span> <span class='ocrx_word' id='word_1_205' title='bbox 546 1880 635 1907; x_wconf 90' lang='lat' dir='ltr'>non</span> <span class='ocrx_word' id='word_1_206' title='bbox 652 1876 812 1907; x_wconf 67' lang='lat' dir='ltr'>vocatae</span> <span class='ocrx_word' id='word_1_207' title='bbox 828 1880 836 1906; x_wconf 93' lang='lat'>:</span> <span class='ocrx_word' id='word_1_208' title='bbox 853 1862 1072 1920; x_wconf 83' lang='lat' dir='ltr'>respondit</span> <span class='ocrx_word' id='word_1_209' title='bbox 1084 1862 1202 1921; x_wconf 90' lang='lat' dir='ltr'>quod</span> <span class='ocrx_word' id='word_1_210' title='bbox 1216 1864 1397 1907; x_wconf 85' lang='lat' dir='ltr'>veniunt</span> <span class='ocrx_word' id='word_1_211' title='bbox 1411 1863 1654 1921; x_wconf 88' lang='lat' dir='ltr'>frequenter</span> <span class='ocrx_word' id='word_1_212' title='bbox 1669 1865 1760 1907; x_wconf 88' lang='lat' dir='ltr'>sine</span> <span class='ocrx_word' id='word_1_213' title='bbox 1772 1862 1984 1917; x_wconf 84' lang='lat' dir='ltr'>vocando;</span> 
     </span>
     <span class='ocr_line' id='line_1_22' title="bbox 353 1935 1991 2005; baseline 0 -15"><span class='ocrx_word' id='word_1_214' title='bbox 353 1961 407 2001; x_wconf 90' lang='lat' dir='ltr'>et,</span> <span class='ocrx_word' id='word_1_215' title='bbox 434 1948 525 1991; x_wconf 89' lang='lat' dir='ltr'>aliis</span> <span class='ocrx_word' id='word_1_216' title='bbox 553 1947 730 1996; x_wconf 82' lang='lat' dir='ltr'>vicibus,</span> <span class='ocrx_word' id='word_1_217' title='bbox 755 1948 835 1990; x_wconf 88' lang='lat' dir='ltr'>nisi</span> <span class='ocrx_word' id='word_1_218' title='bbox 859 1935 1054 1991; x_wconf 83' lang='lat' dir='ltr'>venirent</span> <span class='ocrx_word' id='word_1_219' title='bbox 1076 1946 1181 1991; x_wconf 89' lang='lat' dir='ltr'>bene</span> <span class='ocrx_word' id='word_1_220' title='bbox 1203 1948 1304 1999; x_wconf 90' lang='lat' dir='ltr'>cito,</span> <span class='ocrx_word' id='word_1_221' title='bbox 1330 1948 1417 2005; x_wconf 86' lang='lat' dir='ltr'>ipsa</span> <span class='ocrx_word' id='word_1_222' title='bbox 1445 1948 1677 2005; x_wconf 88' lang='lat' dir='ltr'>requireret</span> <span class='ocrx_word' id='word_1_223' title='bbox 1704 1947 1848 1991; x_wconf 89' lang='lat' dir='ltr'>Deum</span> <span class='ocrx_word' id='word_1_224' title='bbox 1874 1945 1991 2005; x_wconf 92' lang='lat' dir='ltr'>quod</span> 
     </span>
     <span class='ocr_line' id='line_1_23' title="bbox 353 2030 1991 2088; baseline -0.001 -13"><span class='ocrx_word' id='word_1_225' title='bbox 353 2047 420 2075; x_wconf 88' lang='lat' dir='ltr'>eas</span> <span class='ocrx_word' id='word_1_226' title='bbox 448 2032 652 2075; x_wconf 88' lang='lat' dir='ltr'>mitteret.</span> <span class='ocrx_word' id='word_1_227' title='bbox 681 2057 737 2062; x_wconf 98' lang='lat'>—</span> <span class='ocrx_word' id='word_1_228' title='bbox 765 2031 889 2083; x_wconf 90' lang='lat' dir='ltr'>Item,</span> <span class='ocrx_word' id='word_1_229' title='bbox 916 2032 1172 2087; x_wconf 87' lang='lat' dir='ltr'>interrogata</span> <span class='ocrx_word' id='word_1_230' title='bbox 1199 2031 1231 2073; x_wconf 94' lang='lat' dir='ltr'>si</span> <span class='ocrx_word' id='word_1_231' title='bbox 1260 2030 1493 2088; x_wconf 88' lang='lat' dir='ltr'>aliquando</span> <span class='ocrx_word' id='word_1_232' title='bbox 1526 2032 1694 2074; x_wconf 87' lang='lat' dir='ltr'>vocavit</span> <span class='ocrx_word' id='word_1_233' title='bbox 1721 2047 1804 2083; x_wconf 91' lang='lat' dir='ltr'>eas,</span> <span class='ocrx_word' id='word_1_234' title='bbox 1833 2043 1874 2074; x_wconf 80' lang='lat' dir='ltr'>ct</span> <span class='ocrx_word' id='word_1_235' title='bbox 1902 2046 1991 2074; x_wconf 88' lang='lat' dir='ltr'>non</span> 
     </span>
     <span class='ocr_line' id='line_1_24' title="bbox 353 2113 1992 2172; baseline 0 -15"><span class='ocrx_word' id='word_1_236' title='bbox 353 2116 549 2159; x_wconf 79' lang='lat' dir='ltr'>venerint</span> <span class='ocrx_word' id='word_1_237' title='bbox 573 2132 581 2157; x_wconf 89' lang='grc'>;</span> <span class='ocrx_word' id='word_1_238' title='bbox 611 2113 831 2172; x_wconf 88' lang='lat' dir='ltr'>respondit</span> <span class='ocrx_word' id='word_1_239' title='bbox 857 2113 972 2171; x_wconf 88' lang='lat' dir='ltr'>quod</span> <span class='ocrx_word' id='word_1_240' title='bbox 996 2129 1221 2172; x_wconf 85' lang='lat' dir='ltr'>nunquam</span> <span class='ocrx_word' id='word_1_241' title='bbox 1252 2113 1396 2157; x_wconf 83' lang='lat' dir='ltr'>habuit</span> <span class='ocrx_word' id='word_1_242' title='bbox 1424 2113 1705 2172; x_wconf 85' lang='lat' dir='ltr'>indigentiam</span> <span class='ocrx_word' id='word_1_243' title='bbox 1735 2114 1797 2157; x_wconf 73' lang='lat' dir='ltr'>vel</span> <span class='ocrx_word' id='word_1_244' title='bbox 1826 2129 1992 2171; x_wconf 87' lang='lat' dir='ltr'>parum,</span> 
     </span>
     <span class='ocr_line' id='line_1_25' title="bbox 355 2197 2007 2258; baseline -0.003 -17"><span class='ocrx_word' id='word_1_245' title='bbox 355 2199 460 2257; x_wconf 91' lang='lat' dir='ltr'>quin</span> <span class='ocrx_word' id='word_1_246' title='bbox 487 2197 682 2241; x_wconf 91' lang='lat' dir='ltr'>habuerit</span> <span class='ocrx_word' id='word_1_247' title='bbox 705 2212 787 2240; x_wconf 92' lang='lat' dir='ltr'>eas.</span> <span class='ocrx_word' id='word_1_248' title='bbox 2003 2254 2007 2258; x_wconf 26' lang='lat'>¹</span> 
     </span>
    </p>

    <p class='ocr_par' dir='ltr' id='par_1_4' title="bbox 355 2279 1996 2590">
     <span class='ocr_line' id='line_1_26' title="bbox 414 2279 1995 2339; baseline -0.001 -14"><span class='ocrx_word' id='word_1_249' title='bbox 414 2283 539 2334; x_wconf 87' lang='lat' dir='ltr'>Item,</span> <span class='ocrx_word' id='word_1_250' title='bbox 575 2282 736 2333; x_wconf 82' lang='lat' dir='ltr'>martis,</span> <span class='ocrx_word' id='word_1_251' title='bbox 775 2295 866 2323; x_wconf 81' lang='lat' dir='ltr'>xm.</span> <span class='ocrx_word' id='word_1_252' title='bbox 895 2281 1051 2334; x_wconf 86' lang='lat' dir='ltr'>martii,</span> <span class='ocrx_word' id='word_1_253' title='bbox 1077 2282 1334 2337; x_wconf 85' lang='lat' dir='ltr'>interrogata</span> <span class='ocrx_word' id='word_1_254' title='bbox 1354 2282 1404 2333; x_wconf 91' lang='lat' dir='ltr'>si,</span> <span class='ocrx_word' id='word_1_255' title='bbox 1429 2280 1579 2339; x_wconf 89' lang='lat' dir='ltr'>depost</span> <span class='ocrx_word' id='word_1_256' title='bbox 1609 2281 1714 2332; x_wconf 90' lang='lat' dir='ltr'>heri,</span> <span class='ocrx_word' id='word_1_257' title='bbox 1745 2280 1886 2324; x_wconf 87' lang='lat' dir='ltr'>locuta</span> <span class='ocrx_word' id='word_1_258' title='bbox 1913 2279 1995 2323; x_wconf 89' lang='lat' dir='ltr'>fuit</span> 
     </span>
     <span class='ocr_line' id='line_1_27' title="bbox 355 2362 1996 2422; baseline -0.002 -13"><span class='ocrx_word' id='word_1_259' title='bbox 355 2378 512 2409; x_wconf 85' lang='lat' dir='ltr'>sanctae</span> <span class='ocrx_word' id='word_1_260' title='bbox 525 2364 769 2408; x_wconf 85' lang='lat' dir='ltr'>Katharinae</span> <span class='ocrx_word' id='word_1_261' title='bbox 785 2381 792 2407; x_wconf 93' lang='lat'>:</span> <span class='ocrx_word' id='word_1_262' title='bbox 809 2362 1029 2422; x_wconf 85' lang='lat' dir='ltr'>respondit</span> <span class='ocrx_word' id='word_1_263' title='bbox 1044 2363 1161 2421; x_wconf 92' lang='lat' dir='ltr'>quod</span> <span class='ocrx_word' id='word_1_264' title='bbox 1175 2363 1324 2421; x_wconf 89' lang='lat' dir='ltr'>depost</span> <span class='ocrx_word' id='word_1_265' title='bbox 1336 2363 1498 2407; x_wconf 83' lang='lat' dir='ltr'>audivit</span> <span class='ocrx_word' id='word_1_266' title='bbox 1513 2380 1623 2416; x_wconf 90' lang='lat' dir='ltr'>eam,</span> <span class='ocrx_word' id='word_1_267' title='bbox 1641 2376 1681 2407; x_wconf 87' lang='lat' dir='ltr'>et</span> <span class='ocrx_word' id='word_1_268' title='bbox 1692 2362 1876 2422; x_wconf 68' lang='lat' dir='ltr'>[tamen]</span> <span class='ocrx_word' id='word_1_269' title='bbox 1889 2363 1996 2407; x_wconf 86' lang='lat' dir='ltr'>dixit</span> 
     </span>
     <span class='ocr_line' id='line_1_28' title="bbox 355 2445 1995 2506; baseline -0.001 -16"><span class='ocrx_word' id='word_1_270' title='bbox 355 2448 432 2491; x_wconf 90' lang='lat' dir='ltr'>sibi</span> <span class='ocrx_word' id='word_1_271' title='bbox 462 2448 620 2506; x_wconf 89' lang='lat' dir='ltr'>pluries</span> <span class='ocrx_word' id='word_1_272' title='bbox 656 2446 774 2505; x_wconf 91' lang='lat' dir='ltr'>quod</span> <span class='ocrx_word' id='word_1_273' title='bbox 802 2447 1055 2506; x_wconf 88' lang='lat' dir='ltr'>respondeat</span> <span class='ocrx_word' id='word_1_274' title='bbox 1081 2446 1278 2490; x_wconf 86' lang='lat' dir='ltr'>audacter</span> <span class='ocrx_word' id='word_1_275' title='bbox 1306 2446 1535 2503; x_wconf 85' lang='lat' dir='ltr'>judicibus,</span> <span class='ocrx_word' id='word_1_276' title='bbox 1567 2446 1617 2491; x_wconf 90' lang='lat' dir='ltr'>de</span> <span class='ocrx_word' id='word_1_277' title='bbox 1653 2447 1733 2490; x_wconf 92' lang='lat' dir='ltr'>hoc</span> <span class='ocrx_word' id='word_1_278' title='bbox 1765 2445 1882 2504; x_wconf 92' lang='lat' dir='ltr'>quod</span> <span class='ocrx_word' id='word_1_279' title='bbox 1916 2445 1995 2490; x_wconf 90' lang='lat' dir='ltr'>sibi</span> 
     </span>
     <span class='ocr_line' id='line_1_29' title="bbox 358 2543 1019 2590; baseline -0.003 -15"><span class='ocrx_word' id='word_1_280' title='bbox 358 2544 518 2590; x_wconf 85' lang='lat' dir='ltr'>petent,</span> <span class='ocrx_word' id='word_1_281' title='bbox 547 2543 726 2588; x_wconf 86' lang='lat' dir='ltr'>tangens</span> <span class='ocrx_word' id='word_1_282' title='bbox 755 2546 1019 2588; x_wconf 89' lang='lat' dir='ltr'>processum.</span> 
     </span>
    </p>

    <p class='ocr_par' dir='ltr' id='par_1_5' title="bbox 357 2612 2000 2838">
     <span class='ocr_line' id='line_1_30' title="bbox 416 2612 1995 2671; baseline -0.001 -14"><span class='ocrx_word' id='word_1_283' title='bbox 416 2615 540 2666; x_wconf 80' lang='lat' dir='ltr'>Item,</span> <span class='ocrx_word' id='word_1_284' title='bbox 566 2615 781 2666; x_wconf 88' lang='lat' dir='ltr'>mercurii,</span> <span class='ocrx_word' id='word_1_285' title='bbox 812 2628 921 2656; x_wconf 75' lang='lat' dir='ltr'>X1111.</span> <span class='ocrx_word' id='word_1_286' title='bbox 948 2615 1107 2666; x_wconf 87' lang='lat' dir='ltr'>martii,</span> <span class='ocrx_word' id='word_1_287' title='bbox 1138 2614 1395 2671; x_wconf 85' lang='lat' dir='ltr'>interrogata</span> <span class='ocrx_word' id='word_1_288' title='bbox 1416 2615 1448 2656; x_wconf 91' lang='lat' dir='ltr'>si</span> <span class='ocrx_word' id='word_1_289' title='bbox 1475 2629 1598 2656; x_wconf 82' lang='lat' dir='ltr'>voces</span> <span class='ocrx_word' id='word_1_290' title='bbox 1619 2628 1706 2657; x_wconf 73' lang='lat' dir='ltr'>suae</span> <span class='ocrx_word' id='word_1_291' title='bbox 1723 2625 1878 2670; x_wconf 87' lang='lat' dir='ltr'>petunt</span> <span class='ocrx_word' id='word_1_292' title='bbox 1894 2612 1995 2656; x_wconf 87' lang='lat' dir='ltr'>dila-</span> 
     </span>
     <span class='ocr_line' id='line_1_31' title="bbox 359 2695 1997 2754; baseline -0.001 -14"><span class='ocrx_word' id='word_1_293' title='bbox 359 2699 523 2741; x_wconf 89' lang='lat' dir='ltr'>tionem</span> <span class='ocrx_word' id='word_1_294' title='bbox 558 2696 609 2740; x_wconf 89' lang='lat' dir='ltr'>de</span> <span class='ocrx_word' id='word_1_295' title='bbox 637 2696 938 2754; x_wconf 89' lang='lat' dir='ltr'>respondendo</span> <span class='ocrx_word' id='word_1_296' title='bbox 970 2714 978 2740; x_wconf 88' lang='lat'>:</span> <span class='ocrx_word' id='word_1_297' title='bbox 1004 2696 1105 2740; x_wconf 88' lang='lat' dir='ltr'>dicit</span> <span class='ocrx_word' id='word_1_298' title='bbox 1129 2695 1245 2754; x_wconf 91' lang='lat' dir='ltr'>quod</span> <span class='ocrx_word' id='word_1_299' title='bbox 1275 2709 1419 2740; x_wconf 90' lang='lat' dir='ltr'>sancta</span> <span class='ocrx_word' id='word_1_300' title='bbox 1446 2696 1678 2739; x_wconf 80' lang='lat' dir='ltr'>Katharina</span> <span class='ocrx_word' id='word_1_301' title='bbox 1707 2695 1933 2753; x_wconf 87' lang='lat' dir='ltr'>respondet</span> <span class='ocrx_word' id='word_1_302' title='bbox 1960 2696 1997 2738; x_wconf 91' lang='lat' dir='ltr'>ei</span> 
     </span>
     <span class='ocr_line' id='line_1_32' title="bbox 357 2777 2000 2838; baseline -0.001 -14"><span class='ocrx_word' id='word_1_303' title='bbox 357 2780 604 2838; x_wconf 84' lang='lat' dir='ltr'>aliquando,</span> <span class='ocrx_word' id='word_1_304' title='bbox 632 2793 671 2823; x_wconf 92' lang='lat' dir='ltr'>et</span> <span class='ocrx_word' id='word_1_305' title='bbox 691 2779 924 2838; x_wconf 89' lang='lat' dir='ltr'>aliquando</span> <span class='ocrx_word' id='word_1_306' title='bbox 949 2781 1037 2838; x_wconf 89' lang='lat' dir='ltr'>ipsa</span> <span class='ocrx_word' id='word_1_307' title='bbox 1056 2780 1254 2835; x_wconf 88' lang='lat' dir='ltr'>Johanna</span> <span class='ocrx_word' id='word_1_308' title='bbox 1279 2779 1422 2823; x_wconf 84' lang='lat' dir='ltr'>deficit</span> <span class='ocrx_word' id='word_1_309' title='bbox 1441 2782 1484 2823; x_wconf 92' lang='lat' dir='ltr'>in</span> <span class='ocrx_word' id='word_1_310' title='bbox 1513 2777 1809 2836; x_wconf 89' lang='lat' dir='ltr'>intelligendo,</span> <span class='ocrx_word' id='word_1_311' title='bbox 1828 2791 2000 2837; x_wconf 89' lang='lat' dir='ltr'>propter</span> 
     </span>
    </p>
   </div>
   <div class='ocr_carea' id='block_1_3' title="bbox 359 2860 1997 2919">
    <p class='ocr_par' dir='ltr' id='par_1_6' title="bbox 359 2860 1997 2919">
     <span class='ocr_line' id='line_1_33' title="bbox 359 2860 1997 2919; baseline -0.001 -12"><span class='ocrx_word' id='word_1_312' title='bbox 359 2863 648 2907; x_wconf 88' lang='lat' dir='ltr'>turbationem</span> <span class='ocrx_word' id='word_1_313' title='bbox 679 2879 896 2907; x_wconf 88' lang='lat' dir='ltr'>carcerum</span> <span class='ocrx_word' id='word_1_314' title='bbox 930 2875 970 2906; x_wconf 90' lang='lat' dir='ltr'>et</span> <span class='ocrx_word' id='word_1_315' title='bbox 1000 2862 1206 2906; x_wconf 88' lang='lat' dir='ltr'>clamores</span> <span class='ocrx_word' id='word_1_316' title='bbox 1236 2862 1467 2906; x_wconf 89' lang='lat' dir='ltr'>custodum</span> <span class='ocrx_word' id='word_1_317' title='bbox 1509 2878 1720 2915; x_wconf 85' lang='lat' dir='ltr'>suorum3</span> <span class='ocrx_word' id='word_1_318' title='bbox 1750 2874 1791 2905; x_wconf 89' lang='lat' dir='ltr'>et</span> <span class='ocrx_word' id='word_1_319' title='bbox 1824 2860 1997 2919; x_wconf 90' lang='lat' dir='ltr'>quando</span> 
     </span>
    </p>
   </div>
   <div class='ocr_carea' id='block_1_4' title="bbox 415 3062 1811 3111">
    <p class='ocr_par' dir='ltr' id='par_1_7' title="bbox 415 3062 1811 3111">
     <span class='ocr_line' id='line_1_34' title="bbox 415 3062 1811 3111; baseline -0.002 -13"><span class='ocrx_word' id='word_1_320' title='bbox 415 3076 442 3098; x_wconf 89' lang='lat'>1.</span> <span class='ocrx_word' id='word_1_321' title='bbox 470 3064 536 3098; x_wconf 82' lang='lat' dir='ltr'>AC</span> <span class='ocrx_word' id='word_1_322' title='bbox 560 3065 717 3110; x_wconf 85' lang='lat' dir='ltr'>ajoutent</span> <span class='ocrx_word' id='word_1_323' title='bbox 739 3066 819 3111; x_wconf 64' lang='lat' dir='ltr'>ipsa.</span> <span class='ocrx_word' id='word_1_324' title='bbox 843 3085 887 3088; x_wconf 79' lang='lat'>-</span> <span class='ocrx_word' id='word_1_325' title='bbox 909 3075 941 3097; x_wconf 83' lang='lat'>2.</span> <span class='ocrx_word' id='word_1_326' title='bbox 972 3064 1070 3108; x_wconf 74' lang='lat' dir='ltr'>ABQ</span> <span class='ocrx_word' id='word_1_327' title='bbox 1094 3077 1103 3097; x_wconf 88' lang='lat'>.·</span> <span class='ocrx_word' id='word_1_328' title='bbox 1118 3070 1173 3098; x_wconf 69' lang='lat' dir='ltr'>esc.</span> <span class='ocrx_word' id='word_1_329' title='bbox 1192 3084 1235 3088; x_wconf 87' lang='lat'>—</span> <span class='ocrx_word' id='word_1_330' title='bbox 1258 3075 1287 3109; x_wconf 82' lang='lat'>3.</span> <span class='ocrx_word' id='word_1_331' title='bbox 1306 3064 1336 3097; x_wconf 88' lang='lat' dir='ltr'><em>A</em></span> <span class='ocrx_word' id='word_1_332' title='bbox 1363 3076 1372 3097; x_wconf 88' lang='lat'>.·</span> <span class='ocrx_word' id='word_1_333' title='bbox 1395 3063 1512 3097; x_wconf 73' lang='lat' dir='ltr'>colidie</span> <span class='ocrx_word' id='word_1_334' title='bbox 1528 3076 1539 3104; x_wconf 86' lang='lat'><em>;</em></span> <span class='ocrx_word' id='word_1_335' title='bbox 1564 3063 1615 3097; x_wconf 88' lang='lat' dir='ltr'>C:</span> <span class='ocrx_word' id='word_1_336' title='bbox 1630 3062 1811 3108; x_wconf 77' lang='lat' dir='ltr'>qnothidic,</span> 
     </span>
    </p>
   </div>
  </div>
 </body>
</html>
