2099 3356
350 182 404 237 46
498 208 501 211 v
630 178 787 223 PRocsss
820 193 876 222 DE
909 191 1260 222 CONDAMNATloN
1293 191 1350 221 DE
1381 192 1548 233 JEANNE
1579 175 1706 222 D'ARc

407 293 671 351 Interrogata
705 303 855 336 utrum
893 300 999 335 vox¹
1042 290 1122 334 sibi
1167 289 1349 335 dixerit2
1390 290 1532 349 aliqua
1572 289 1713 344 verba,
1755 301 1986 348 antequam

348 370 581 435 requireret
601 392 726 420 eam:
757 374 978 433 respondit
1005 373 1123 433 quod
1147 390 1230 419 vox
1263 373 1370 418 dixit
1411 374 1568 433 aliqua,
1607 372 1679 418 sed
1719 389 1808 418 non
1839 373 1988 418 omnia

348 459 571 504 intellexit.
595 461 926 512 Verumtamen,
953 470 1182 516 postquam
1208 457 1289 502 fuit
1313 459 1489 501 excitata
1512 473 1534 501 a
1563 472 1737 511 somno,
1759 472 1843 500 vox
1880 456 1985 500 dixit

347 545 383 588 ei
407 544 524 602 quod
543 542 741 587 audacter
768 541 1075 600 responderet.·

406 628 529 681 Item,
560 625 664 670 dixit
692 625 831 679 nobis,
876 627 1078 684 episcopo
1122 624 1324 684 praedicto
1353 641 1360 668 z
1400 641 1420 664 «
1447 626 1536 669 Vos
1564 623 1703 668 dicitis
1738 622 1856 682 quod
1885 624 1984 667 estis

347 695 474 769 judex
501 726 650 764 meus;
679 710 906 753 advertatis
933 708 985 752 de
1014 709 1095 753 hoc
1119 708 1236 767 quod
1267 708 1416 762 facitis,
1451 709 1567 767 quia,
1598 709 1641 752 in
1675 709 1868 762 veritate,
1903 722 1983 765 ego

344 812 441 840 sum
465 797 591 839 missa
612 810 660 837 ex
688 806 803 851 parte
830 793 928 846 Dei,
959 805 1002 836 et
1028 794 1186 851 ponitis
1207 808 1284 837 vos
1305 793 1445 851 ipsum
1481 793 1524 836 in
1553 808 1712 851 magno
1734 791 1981 850 periculo»,

345 879 494 937 gallice
524 895 544 918 «
567 895 610 922 en
631 878 934 935 gr'anldangier
959 894 996 920 ν).

404 964 664 1020 Interrogata
689 963 723 1004 si
743 977 826 1005 vox
847 961 918 1004 illa
946 961 1188 1004 mutavitne
1206 976 1327 1004 suam
1355 958 1707 1004 deliberationem
1723 957 1979 1017 aliquando:

345 1045 564 1104 respondit
585 1045 701 1104 quod
731 1060 957 1103 nunquam
981 1045 1133 1102 reperit
1158 1060 1250 1088 eam
1277 1045 1320 1087 in
1342 1043 1507 1087 duabus
1531 1043 1712 1101 loquelis
1732 1043 1974 1087 contrariis.

344 1131 462 1174 Dixit
488 1131 614 1174 etiam
632 1127 767 1187 quod,
800 1128 869 1171 illa
891 1140 1033 1181 nocte,
1058 1127 1222 1171 audivit
1249 1142 1342 1171 eam
1364 1126 1580 1171 dicentem
1596 1126 1674 1170 sibi
1695 1125 1813 1185 quod
1833 1124 1981 1170 audac—

344 1226 407 1257 ter
431 1212 720 1271 responderet.

403 1298 663 1355 Interrogata
683 1312 735 1339 an
758 1312 840 1339 vox
874 1294 1140 1353 prohibuerit
1168 1294 1246 1338 sibi
1276 1310 1327 1337 ne
1348 1293 1504 1338 diceret
1538 1306 1677 1338 totum
1707 1292 1825 1352 quod
1851 1292 1903 1337 ab
1935 1309 1981 1336 ea

343 1394 579 1438 peteretur:
606 1379 740 1423 dixit:
775 1396 794 1419 «
820 1380 909 1436 Ego
940 1395 1027 1422 non
1066 1377 1336 1436 respondebo
1365 1385 1374 1410 ³
1405 1377 1527 1421 vobis
1556 1376 1608 1421 de
1635 1376 1724 1421 illo.
1758 1377 1808 1421 Et
1845 1376 1982 1421 habeo

345 1465 623 1508 revelationes
647 1476 869 1520 tangentes
891 1478 1048 1520 regem,
1073 1477 1177 1520 quas
1204 1477 1283 1520 ego
1315 1477 1403 1505 non
1426 1460 1565 1504 dicam
1593 1460 1729 1504 vobis.
1759 1477 1779 1501 »

402 1550 665 1605 Interrogata
686 1549 718 1590 si
741 1564 825 1591 vox
847 1545 1117 1604 prohibuerit
1142 1544 1220 1589 sibi
1246 1561 1298 1588 ne
1333 1544 1441 1589 dicat
1466 1544 1769 1589 revelationes:
1803 1558 1977 1602 respon-

343 1632 426 1676 dit:
461 1650 480 1671 «
513 1632 599 1689 Ego
638 1647 726 1674 non
761 1646 856 1674 sum
894 1629 1087 1673 consulta
1111 1627 1162 1672 de
1206 1628 1302 1672 hoc.
1342 1629 1464 1672 Detis
1496 1627 1605 1671 mihi
1631 1626 1884 1671 dilationem
1923 1641 1980 1670 xv

341 1715 525 1767 dierum,
551 1728 591 1758 et
617 1730 695 1772 ego
720 1713 770 1758 de
799 1713 880 1757 hoc
905 1713 1025 1757 vobis
1060 1711 1342 1771 respondebo.
1386 1729 1404 1750 »
1443 1711 1508 1765 Et,
1537 1726 1635 1755 cum
1682 1712 1839 1755 iterum
1879 1709 1977 1755 dila-

340 1800 505 1843 tionem
527 1798 578 1842 de
601 1796 901 1856 respondendo
929 1797 1162 1854 petivisset,
1187 1795 1318 1839 dixit:
1346 1812 1365 1835 «
1396 1796 1437 1839 Si
1459 1810 1545 1838 vox
1567 1793 1836 1852 prohibuerit
1854 1793 1977 1843 mihi,

341 1882 445 1941 quid
472 1881 569 1925 inde
594 1899 618 1924 x
625 1881 722 1924 ultis
740 1897 816 1924 vos
838 1879 1005 1923 dicere?
1036 1895 1056 1917 >³

401 1964 555 2008 Adhuc
576 1967 831 2021 interrogata
864 1976 1010 2007 utrum
1042 1963 1123 2006 hoc
1155 1962 1232 2005 sibi
1255 1963 1307 2005 sit
1347 1930 1613 2020 prohibitum
1654 1959 1746 2019 [per
1779 1959 1975 2018 vocem]:

340 2048 587 2106 respondit:
616 2065 634 2087 <‹
661 2047 854 2091 Creditis
866 2046 983 2105 quod
1005 2046 1205 2089 homines
1224 2061 1312 2089 non
1334 2044 1784 2103 prohibueruntmihi.
1814 2060 1834 2084 »
1852 2043 1976 2097 Item,

343 2132 448 2176 dixit
469 2131 625 2190 quodi
632 2132 688 2175 llo
706 2131 772 2174 die
790 2146 877 2174 non
896 2129 1186 2188 respondebit,
1207 2142 1245 2172 et
1266 2130 1397 2172 nescit
1423 2130 1455 2173 si
1481 2128 1629 2172 debeat
1645 2127 1782 2171 dicere
1801 2143 1852 2171 an
1870 2142 1975 2179 non,

345 2231 574 2274 quousque
600 2217 654 2258 sit
680 2215 757 2258 sibi
780 2226 795 2247 ⁴
823 2214 1074 2258 revaelitum
1104 2214 1228 2266 Item,
1255 2212 1362 2257 dixit
1395 2211 1512 2270 quod
1540 2210 1671 2256 credit
1716 2210 1911 2264 firmiter,
1940 2222 1981 2254 et

343 2315 464 2357 aeque
482 2299 661 2342 firmiter
681 2300 789 2342 sicut
816 2296 947 2341 credit
968 2296 1098 2340 fidem
1126 2296 1402 2339 christianam
1432 2308 1473 2339 et
1499 2294 1616 2353 quod
1647 2295 1766 2338 Deus
1801 2293 1982 2338 redemit

341 2398 419 2426 nos
446 2398 467 2425 a
496 2383 636 2439 poenis
673 2381 843 2434 inferni,
873 2379 988 2438 quod
1026 2381 1102 2423 ista
1145 2395 1228 2423 vox
1267 2380 1384 2423 venit
1411 2395 1433 2422 a
1475 2380 1569 2422 Deo
1608 2391 1650 2421 et
1674 2393 1723 2421 ex
1750 2393 1826 2421 sua
1867 2375 1978 2420 ordi·

342 2468 529 2510 natione.
1666 2518 1670 2523 ·

400 2551 660 2605 Interrogata
688 2560 837 2591 utrum
885 2547 953 2590 illa
980 2561 1080 2599 voit,
1108 2561 1238 2603 quam
1267 2544 1372 2588 dixit
1410 2544 1485 2587 sibi
1523 2559 1734 2602 apparere,
1770 2545 1823 2587 sit
1861 2557 1975 2586 unus

339 2632 530 2690 angelus,
554 2632 618 2675 vel
646 2644 789 2675 utrum
812 2632 864 2673 sit
887 2646 908 2673 a
937 2631 1031 2673 Deo
1059 2628 1324 2681 immediate,
1347 2627 1412 2672 vel
1431 2644 1483 2671 an
1506 2630 1558 2671 sit
1576 2643 1659 2671 vox
1681 2628 1811 2671 unius
1835 2626 1976 2670 Sancti

342 2716 406 2758 vel
434 2716 596 2758 Sanctae
618 2732 625 2758 z
658 2713 876 2771 respondit
896 2727 902 2752 :
934 2730 954 2752 «
984 2713 1057 2755 Illa
1079 2728 1161 2755 vox
1183 2713 1301 2755 venit
1320 2728 1369 2754 ex
1395 2724 1510 2769 parte
1526 2711 1632 2764 Dei;
1656 2722 1695 2753 et
1714 2708 1839 2754 credo
1854 2707 1972 2767 quod

341 2814 420 2855 ego
449 2814 535 2841 non
556 2797 652 2840 dico
673 2797 797 2840 vobis
825 2796 947 2854 plane
972 2795 1077 2838 illud
1105 2793 1223 2853 quod
1247 2810 1326 2851 ego
1368 2795 1478 2847 scio3
1514 2806 1555 2837 et
1591 2791 1725 2836 habeo
1765 2793 1974 2849 majorem

339 2895 506 2926 metum
528 2879 768 2932 deficiendi,
823 2877 1006 2923 dicendo
1051 2876 1212 2936 aliquid
1254 2877 1371 2935 quod
1408 2876 1626 2935 displiceat
1672 2876 1753 2918 illis
1780 2874 1972 2946 vocibus,

387 3095 414 3118 1.
438 3084 470 3128 2
503 3093 601 3118 omet
626 3094 700 3116 vox.
725 3101 769 3106 —-
787 3092 818 3115 2.
847 3081 878 3114 A
903 3093 912 3113 .·
933 3081 1058 3113 dixerit
1078 3079 1154 3113 sibi.
1182 3099 1221 3104 —
1248 3089 1276 3123 3.
1308 3078 1372 3113 AC
1388 3090 1396 3111 :
1418 3077 1597 3124 respondeo.
1620 3097 1662 3102 —
1681 3087 1715 3119 4.
1739 3077 1770 3111 Α
1796 3089 1806 3111 .·
1824 3077 1889 3111 sibi
1907 3078 1962 3112 sit.
