2099 3356
1555 81 1573 89 κ

338 158 416 200 [66
611 154 769 199 moetas
801 169 858 199 DE
890 168 1237 200 coNDAMNAnoN
1278 170 1334 200 DE
1365 171 1531 212 JEANNE
1563 156 1693 201 D’ARc

328 269 526 322 Barberii,
555 268 793 314 licentiatus
830 269 873 312 in
916 269 1005 325 jure
1044 270 1253 314 canonico
1284 278 1292 294 ¹
1325 287 1335 323 ;
1376 295 1434 301 —
1465 269 1729 315 Guillelmus
1750 271 1907 315 Haiton
1933 277 1963 323 ²,

325 352 529 398 Nicolaus
552 352 793 410 Copequesne
820 359 848 404 3,
887 352 930 395 in
957 367 1070 395 sacra
1095 352 1314 409 theologia
1346 352 1571 398 bachalarii
1593 362 1633 407 43
1664 379 1720 384 -
1745 353 1966 409 johannes

328 437 530 488 Guerini,
581 436 860 493 Dionysius³
909 435 1148 489 Gastinelli,
1200 436 1420 492 Johannes
1448 436 1615 490 Dulcis,
1643 438 1686 481 in
1745 449 1966 495 utroque;

329 520 548 576 Johannes
568 519 758 572 Pinchon,
787 518 1008 574 Johannes
1030 520 1201 572 Basseti,
1231 519 1450 575 Johannes
1476 519 1527 565 de
1552 521 1702 574 Fonte,
1743 519 1968 565 Johannes

333 602 613 656 Columbelli,
642 602 861 659 Johannes
908 601 959 647 de
993 603 1236 657 Quemino,
1275 604 1318 646 in
1357 605 1567 648 canonico
1598 603 1825 657 ;Andreas
1852 604 1973 649 Mar-

328 689 476 746 guerie,
501 685 826 730 archidiaconus
862 686 983 730 Parvi
1007 686 1141 731 Caleti
1170 703 1181 741 ;
1224 686 1445 742 Joliannes
1469 686 1536 731 Ad
1561 688 1735 741 Emem,
1763 687 1970 732 Nicolaus

338 771 488 821 Caval,
512 769 760 815 Gauffridus
784 768 835 814 de
866 769 1076 827 Croteyo,
1111 771 1155 813 in
1183 771 1297 815 civili
1325 772 1416 828 jure
1437 770 1643 815 licentiati
1680 788 1690 825 ;
1719 797 1776 802 —
1794 770 1973 816 Guillel-

334 871 431 898 mus
466 853 517 897 de
545 852 763 906 Gardinis,
813 853 1032 909 Joliannes
1075 854 1234 911 Tifaine
1260 855 1292 908 ⁶,
1340 854 1564 909 doctores3
1615 854 1877 900 Guillelmus
1923 853 1975 899 de

334 939 531 990 Camera,
604 937 846 982 licentiatus
893 939 934 982 in
984 937 1196 983 medicina
1226 957 1236 992 ;
1274 964 1332 970 —-
1377 938 1640 983 Guillelmus
1684 938 1883 983 Brolbster
1933 951 1974 982 et

334 1022 553 1078 Johannes
579 1022 750 1066 Hanton
774 1029 807 1074 7,
836 1020 1084 1079 presbyteri.

394 1106 600 1158 Quorum
625 1103 839 1163 siquidem
864 1103 1166 1163 praedictorum
1202 1106 1483 1150 articulorum
1516 1104 1646 1150 libelli
1675 1108 1708 1159 ⁸,
1738 1107 1866 1150 etiam
1894 1120 1978 1149 res-

338 1190 604 1248 ponsionum
632 1188 753 1241 dictae
774 1189 985 1244 Johannae
1004 1202 1108 1234 tunc
1127 1188 1339 1243 datarum,
1358 1205 1442 1234 una
1467 1205 1564 1234 cum
1589 1190 1717 1234 etiam
1738 1190 1979 1247 responsio-

339 1272 463 1317 nibus
491 1272 590 1315 alias
617 1271 740 1324 datis,
768 1271 818 1315 ad
841 1288 946 1330 quas
973 1271 1085 1316 dicta
1105 1273 1302 1328 Jolianna
1329 1272 1380 1317 de
1405 1274 1602 1330 praesenti
1629 1290 1672 1316 se
1701 1272 1981 1326 refert,tenor

338 1358 531 1414 sequitur
552 1355 603 1399 de
625 1355 756 1400 verbo
783 1355 833 1399 ad
868 1355 1046 1401 verbum
1077 1365 1107 1401 ¹⁷.

401 1456 420 1478 «
445 1440 605 1483 Commi
628 1439 764 1493 vobis,
783 1439 1026 1483 venerando
1047 1448 1078 1465 ¹⁰
1106 1441 1149 1483 in
1174 1439 1349 1484 Christo
1379 1453 1492 1498 patre
1519 1453 1559 1484 et
1579 1439 1979 1503 domino,domino

339 1526 481 1577 Petro,
514 1525 788 1568 miseratione
815 1523 959 1567 divina
981 1523 1223 1567 Belvacensi
1247 1526 1463 1582 episcopo,
1493 1537 1697 1582 tanquam
1723 1523 1976 1577 Ordinatio,

341 1609 383 1651 in
407 1607 482 1651 hac
508 1609 675 1651 civitate
689 1620 728 1651 et
744 1607 916 1652 dioecesi
943 1608 1298 1664 Rotliomagensi‚
1314 1609 1578 1652 territorium
1601 1608 1866 1661 habente;et
1888 1607 1981 1650 reli-

338 1693 461 1748 gioso
487 1692 594 1743 viro,
637 1692 882 1748 magistro¹¹
912 1691 1109 1746 Johanne
1139 1692 1344 1749 Magistri,
1363 1691 1526 1735 ordinis
1549 1692 1741 1735 Fratrum
1773 1690 1982 1734 Praedica-

340 1788 502 1827 torum,
524 1774 762 1818 baclialario
799 1776 840 1817 in
870 1774 1106 1833 theologia,
1134 1790 1205 1832 per
1230 1775 1479 1831 religiosum
1509 1788 1548 1818 et
1577 1791 1744 1833 magnae
1772 1776 1980 1819 circums-

341 1860 549 1916 pectionis
577 1860 734 1911 virum,
768 1860 1020 1915 magistrum
1049 1858 1293 1914 Joliannem
1332 1859 1568 1909 Graverent‚
1613 1860 1655 1901 in
1687 1874 1799 1902 sacra
1827 1860 1979 1916 pagina

341 1941 563 1985 doctorem
607 1943 817 1985 eximium
851 1941 1044 1997 ejusdem
1085 1942 1265 1995 ordinis,
1298 1944 1338 1985 in
1385 1958 1518 1999 regno
1549 1943 1732 1986 Franciae
1774 1942 1980 1985 haereticae

343 2026 558 2083 pravitatis
579 2026 886 2083 Inquisitorem
929 2025 980 2068 ab
1001 2025 1233 2083 apostolica
1258 2024 1356 2069 sede
1383 2025 1653 2082 deputatum,
1693 2027 1735 2068 in
1772 2024 1981 2083 praedictis

343 2110 511 2152 civitate
547 2121 587 2151 et
611 2108 785 2152 dioecesi
829 2110 984 2152 vicario
1009 2122 1048 2151 et
1081 2108 1223 2166 quoad
1250 2121 1503 2165 praesentem
1532 2125 1703 2152 causam
1743 2109 1979 2167 specialiter

342 2193 576 2236 commisso
606 2209 616 2245 3
647 2190 861 2249 judicibus
904 2191 1252 2250 competentibus
1299 2193 1340 2235 in
1371 2191 1447 2236 hac
1487 2204 1617 2249 parte,
1645 2191 1696 2235 ad
1741 2191 1874 2235 finem
1905 2207 1978 2235 seu

343 2275 449 2320 lines
467 2274 583 2333 quod
600 2274 797 2333 quaedam
824 2274 1206 2330 mulier‚Johanna
1226 2276 1266 2318 la
1282 2276 1438 2319 Pncelle
1464 2277 1693 2332 vulgariter
1718 2287 1980 2332 nuncupata,

344 2375 480 2416 nuper
503 2358 607 2401 infra
650 2360 858 2402 terminos
895 2360 1110 2411 territorii,
1139 2358 1379 2402 venerande
1407 2371 1541 2417 pater,
1578 2375 1623 2402 ac
1651 2359 1807 2402 limites
1834 2371 1983 2402 vestrae

344 2442 610 2485 Belvacensis
637 2441 833 2486 dioecesis
884 2455 1059 2499 reperta,
1101 2455 1217 2501 capta
1246 2455 1287 2486 et
1308 2441 1495 2494 detenta,
1522 2441 1746 2502 vobisque,
1776 2454 1982 2500 tanquam

345 2525 627 2571 ecclesiastico
649 2538 688 2570 et
715 2524 932 2569 ordinario
952 2524 1097 2583 judici,
1112 2541 1183 2584 per
1206 2525 1611 2570 christianissimum
1631 2525 1862 2572 dominum
1889 2540 1986 2568 nos-

343 2621 458 2651 trum
487 2609 745 2651 Francorum
768 2621 808 2651 et
831 2608 998 2666 Angliae
1026 2624 1189 2666 regem,
1220 2621 1424 2667 tanquam
1448 2607 1633 2662 subdita,
1661 2608 1922 2664 justitiabilis
1944 2619 1986 2651 et

398 2832 431 2857 1,
460 2820 489 2855 C
510 2834 519 2854 .·
541 2822 574 2854 in
586 2823 738 2855 canonico
750 2825 828 2867 jure
844 2822 1045 2855 licentiatus.
1065 2843 1111 2846 —
1129 2833 1165 2859 2,
1195 2822 1224 2856 C
1251 2835 1260 2856 .·
1274 2822 1431 2856 Hailton.
1449 2843 1493 2847 —
1516 2833 1546 2866 3.
1567 2822 1598 2855 A
1627 2835 1636 2855 .·
1650 2822 1871 2868 Coppequesne
1893 2834 1904 2862 ;
1927 2822 1958 2857 C
1976 2834 1985 2855 .·

348 2879 604 2926 Couppequesne.
631 2901 676 2905 —
706 2891 739 2922 4.
765 2881 793 2914 C
818 2893 826 2913 .·
854 2881 1027 2915 bacularis.
1060 2902 1107 2906 ——
1143 2892 1175 2924 5.
1202 2881 1233 2915 A
1265 2894 1274 2915 .·
1306 2882 1497 2915 Dionisius.
1526 2902 1571 2906 —
1599 2881 1631 2915 6.
1655 2881 1685 2915 C
1709 2894 1718 2914 .·
1742 2880 1913 2926 Tiplmine.
1938 2901 1985 2905 -—

347 2950 380 2983 7.
400 2940 438 2974 B.
458 2939 571 2974 Halon
594 2939 625 2974 C
657 2952 666 2974 .·
696 2940 863 2975 Hontton.
892 2961 937 2965 -—
959 2944 990 2974 ὅ.
1017 2940 1047 2975 C
1063 2952 1107 2975 en
1126 2952 1245 2986 marge
1268 2953 1274 2976 :
1304 2941 1448 2975 Libellus
1469 2940 1563 2975 dolus
1584 2947 1644 2986 per
1663 2946 1881 2986 promotorem
1908 2951 1982 2975 cum

348 2999 606 3044 responsionibus
621 2999 779 3042 johannae
801 2999 843 3033 ad
859 3001 1027 3034 izi-titulos.
1044 3021 1086 3025 —
1101 3011 1133 3046 9.
1156 3000 1185 3035 C
1205 3000 1322 3046 aj0ute
1344 3002 1378 3034 in
1397 3000 1480 3034 hunc
1501 3000 1642 3034 modum.
1674 3021 1715 3025 —-
1735 3010 1786 3034 10.
1814 2999 1841 3033 B
1861 3012 1870 3033 :
1898 3011 1986 3033 reve-

349 3058 458 3092 rendo.
485 3079 523 3083 --
546 3069 598 3092 11.
617 3057 647 3092 C
671 3059 818 3102 ,ζῇ-ΜΝ.
