2099 3356
357 188 434 241 176
625 186 781 229 PROCES
814 199 882 233 DE,
902 197 1253 228 CONDAMNATION
1288 199 1344 227 DE
1375 198 1541 240 JEANNE
1573 187 1703 228 D’ARC

410 298 428 318 *
449 297 516 342 Ad
541 298 657 341 hunc
686 296 916 341 articulum
950 306 978 351 ¹,
1023 295 1253 355 respondet
1290 296 1489 352 Johanna
1510 305 1524 322 ²
1559 296 1678 356 quod
1711 313 1754 342 se
1790 296 1916 342 refert
1939 297 1990 343 ad

350 382 419 425 illa
444 398 539 440 quae
566 383 693 439 super
716 382 796 424 hoc
824 380 924 424 alias
953 379 1173 438 respondit
1193 398 1204 435 ;
1230 392 1378 424 caetera
1406 393 1548 438 negat.

408 466 488 509 Die
512 466 635 523 jovis,
669 479 775 508 xxn.
805 463 1022 517 februarii,
1069 463 1263 508 confessa
1297 462 1381 506 fuit
1407 462 1541 522 quod,
1581 475 1755 522 propter
1786 465 1990 523 Burgun-

349 549 441 603 dos,
470 549 635 592 recessit
659 547 835 592 adomo
864 548 1008 606 patris,
1035 560 1076 590 et
1100 549 1179 591 ivit
1210 546 1262 591 ad
1285 546 1432 590 villam
1459 563 1557 606 quae
1595 546 1753 590 dicitur
1786 549 1986 604 Novum-

347 645 550 685 castrum,
578 647 706 689 penes
727 631 961 689 quamdam
983 631 1137 674 dictam
1165 632 1228 674 La
1250 632 1413 684 Rousse,
1446 644 1487 674 et
1513 629 1570 674 ibi
1607 631 1724 674 stetit
1767 632 1887 690 quasi
1915 647 1989 690 per

348 730 404 758 xv
426 715 528 765 dies,
553 714 741 758 vacando
765 730 860 772 erga
886 722 895 744 ³
924 715 1095 772 negotia
1126 714 1310 767 domus,
1335 730 1410 757 nec
1433 713 1518 757 ibat
1544 713 1593 756 ad
1623 729 1812 771 campos.

404 800 528 852 Item,
573 798 640 842 die
692 797 872 852 sabbati,
913 812 1055 842 xx1111.
1087 797 1187 842 dicti
1227 798 1404 851 mensis,
1434 799 1693 856 interrogata
1727 798 1761 840 si
1810 796 1987 841 ducebat

346 899 492 940 greges
519 881 569 926 ad
597 898 772 941 campos
805 899 813 925 :
850 881 957 925 dixit
997 898 1039 925 se
1075 897 1203 939 super
1240 881 1321 925 hoc
1348 880 1632 939 respondisse.
1677 881 1727 924 Et
1769 880 1881 925 ultra
1905 880 1988 924 hoc

346 966 452 1010 dixit
479 964 615 1024 quod,
644 978 872 1023 postquam
898 964 979 1009 fuit
1007 963 1152 1008 adulta
1172 977 1212 1008 et
1248 964 1397 1008 habuit
1423 963 1743 1017 discretionem,
1788 979 1986 1008 commu-

347 1057 458 1099 niter
483 1071 571 1099 non
599 1054 867 1099 custodiebat
905 1053 1072 1108 bestias,
1101 1053 1173 1098 sed
1201 1054 1309 1098 bene
1349 1053 1521 1110 juvabat
1553 1052 1605 1097 ad
1639 1069 1706 1097 eas
1732 1052 1984 1098 conducen-

345 1138 448 1183 dum
480 1139 528 1182 ad
562 1152 677 1196 prata
705 1151 746 1182 et
784 1154 920 1182 unum
950 1151 1136 1182 castrum
1186 1137 1349 1182 dictum
1395 1137 1554 1191 Insula,
1596 1151 1771 1195 propter
1817 1150 1983 1182 metum

345 1224 543 1281 gentium
588 1238 827 1266 armorum.
869 1221 966 1275 Sed,
998 1223 1031 1265 si
1061 1223 1103 1265 in
1146 1221 1324 1279 juvenili
1352 1233 1475 1265 :etate
1505 1237 1580 1264 sua
1609 1220 1862 1265 custodierit
1892 1220 1983 1265 bes-

347 1308 423 1349 tias
444 1306 510 1350 vel
530 1322 634 1358 non,
658 1322 746 1349 non
769 1304 1033 1349 recordatur.

407 1445 480 1487 IX.
509 1460 528 1482 «
552 1444 676 1493 ITEM,
704 1442 813 1486 dicta
848 1442 1045 1498 johanna
1077 1443 1285 1485 exsistens
1323 1443 1364 1484 in
1401 1441 1516 1486 dicto
1542 1443 1733 1491 servitio,
1778 1442 1904 1484 traxit
1940 1442 1981 1484 in

348 1544 534 1573 causam,
587 1543 730 1571 coram
769 1526 957 1570 Officiali
1005 1525 1220 1574 Tullensi‚
1265 1541 1388 1568 causa
1435 1526 1720 1578 matrimonii,
1749 1524 1983 1583 quemdam

347 1613 547 1668 juvenem
572 1611 613 1653 in
641 1611 941 1668 prosecutione
965 1625 1116 1661 causae,
1143 1609 1300 1666 pluries
1327 1607 1472 1652 eundo
1507 1607 1558 1652 ad
1585 1607 1744 1652 dictam
1765 1610 1983 1652 civitatem

345 1694 599 1738 Tullensem
634 1707 674 1736 et
702 1692 976 1751 exponendo,
1008 1693 1231 1736 occasione
1266 1691 1536 1749 hujusmodi,
1564 1693 1682 1750 quasi
1711 1693 1859 1735 omnia
1886 1707 1983 1751 quie

347 1776 540 1820 habebat.
578 1778 668 1830 Qui
708 1776 884 1835 quidem
921 1777 1089 1833 juvenis
1125 1776 1262 1818 sciens
1295 1791 1390 1818 eam
1438 1788 1733 1820 conversatam
1767 1790 1854 1819 esse
1882 1791 1979 1819 cum

343 1861 465 1904 dictis
506 1860 773 1913 mulieribus,
825 1875 1008 1902 renuens
1045 1874 1138 1902 eam
1185 1857 1459 1917 desponsare,
1500 1857 1693 1910 decessit,
1763 1857 1976 1916 pendente

344 1960 540 2001 processu
570 1955 599 1984 ⁴.
627 1944 685 1987 Ex
709 1959 798 2001 quo
819 1942 928 1986 dicta
955 1942 1170 1998 Johanna,
1198 1958 1248 1984 ex
1281 1943 1563 1999 impatientia,
1602 1943 1771 1985 recessit
1796 1957 1818 1984 a
1865 1940 1981 1985 dicto

343 2029 532 2071 servitio.
562 2047 580 2069 »

399 2111 443 2132 **
460 2111 525 2154 Ad
550 2111 663 2154 hunc
682 2118 692 2142 '³
723 2109 967 2164 articulum,
984 2108 1035 2152 de
1051 2125 1173 2152 causa
1188 2109 1513 2162 matrimoniali,
1534 2108 1761 2166 respondet
1781 2108 1981 2164 Johanna

342 2194 460 2254 quod
487 2211 614 2252 super
659 2194 739 2238 hoc
771 2194 872 2237 alias
897 2198 911 2218 ⁶
951 2191 1185 2250 respondit,
1209 2205 1249 2235 et
1286 2208 1328 2235 se
1359 2192 1483 2236 refert
1528 2191 1579 2235 ad
1620 2194 1710 2249 ejus
1739 2193 1980 2250 responsio-

343 2295 443 2322 nem
464 2297 474 2332 3
498 2291 646 2322 caetera
675 2291 812 2335 negat.

403 2363 483 2406 Die
508 2362 637 2416 lunae,
660 2376 733 2404 ΧΠ.
765 2362 921 2414 martii,
956 2362 1212 2417 interrogata
1260 2358 1363 2417 quid
1401 2360 1538 2403 movit
1574 2375 1667 2402 eam
1703 2358 1836 2403 facere
1863 2359 1979 2402 citari

341 2445 574 2505 quemdam
604 2445 829 2489 hominem
859 2443 909 2487 ad
944 2444 1088 2488 villam
1125 2443 1396 2496 Tullensem,
1429 2444 1472 2486 in
1503 2459 1625 2486 causa
1671 2443 1936 2486 matrimonii
1967 2459 1976 2486 :

393 2631 409 2648 *
432 2630 563 2678 Quoad
583 2635 766 2676 octavum,
789 2643 822 2668 se
861 2629 970 2681 refert
991 2628 1038 2667 ad
1073 2627 1140 2667 illa
1165 2642 1246 2682 quae
1270 2634 1378 2682 super
1407 2628 1469 2667 hoc
1497 2627 1592 2667 alias
1617 2628 1796 2681 respondit
1813 2641 1826 2674 ,·
1850 2633 1978 2667 caetera

341 2702 447 2749 negat
468 2705 496 2734 7.

390 2768 433 2786 Η
456 2767 587 2815 Quoad
607 2780 760 2813 nonum,
780 2766 820 2804 de
852 2779 960 2805 causa
1001 2764 1283 2813 malrl'moniali,
1313 2765 1408 2804 alias
1426 2771 1534 2818 snper
1573 2764 1634 2803 hoc
1672 2764 1853 2818 respondit
1889 2769 1920 2803 et
1942 2778 1976 2803 se

342 2843 451 2893 rejert
472 2839 519 2877 ad
539 2839 615 2891 ejus
639 2837 898 2891 responsionem
911 2850 924 2883 ;
946 2841 1072 2875 (κίεν-[ι
1095 2841 1197 2889 negat
1219 2839 1247 2874 8.

394 3030 423 3053 1.
446 3019 476 3052 A
502 3030 511 3051 :
535 3022 702 3053 octavum.
731 3035 782 3042 ·-
803 3027 835 3050 2.
858 3016 889 3049 A
917 3028 926 3048 .·
948 3016 1100 3059 johanna
1124 3015 1299 3062 respondet.
1323 3036 1368 3039 —
1392 3025 1422 3059 3.
1447 3015 1477 3049 Α
1504 3027 1513 3048 .·
1536 3016 1637 3049 circa.
1658 3036 1705 3040 -—
1724 3025 1757 3057 4.
1772 3015 1808 3059 Q
1831 3027 1841 3048 :
1861 3026 1969 3050 causa.

342 3100 386 3103 —
410 3089 439 3122 5.
461 3078 491 3111 A
517 3089 526 3110 .·
542 3088 676 3110 nonum.
698 3095 741 3100 -
759 3074 792 3108 6.
811 3074 841 3109 C
857 3075 1066 3109 ometolias.
1088 3095 1131 3099 —
1154 3085 1184 3118 7.
1212 3073 1250 3107 U.
1272 3074 1333 3108 fol.
1352 3085 1410 3119 27,
1430 3084 1484 3110 νο.
1507 3095 1553 3099 -
1570 3075 1602 3108 8.
1628 3074 1670 3109 U.
1693 3074 1754 3109 fol.
1773 3085 1829 3118 27,
1847 3084 1898 3108 v0.

2089 3019 2098 3035 θ
