2099 3356
356 158 440 213 258
636 156 794 200 pnoces
827 170 882 200 DE
914 169 1265 200 CONDAMNATION
1299 170 1354 200 DE
1383 171 1550 213 JEANNE
1572 145 1713 202 ⁷D'ARC

356 284 445 314 non
462 267 669 314 habebitis
692 268 806 313 aliud
823 268 876 313 de
897 270 1112 327 praesenti,
1130 281 1282 327 praeter
1296 269 1403 314 illud
1421 269 1540 329 quod
1568 284 1648 328 ego
1674 270 1891 330 respondi.
1913 287 1998 311 »—

351 353 615 411 Interrogata
641 354 675 396 si
704 351 867 397 viderat
898 366 972 396 aut
999 354 1175 396 sciverat
1203 368 1275 411 per
1302 353 1609 398 revelationem
1643 353 1761 413 quod
1790 354 1879 412 ipsa
1905 369 1999 398 eva-

351 436 469 480 deret
491 448 498 479 :
529 435 749 494 respondit
773 453 782 480 ι
815 455 834 475 «
858 436 970 481 Illud
992 452 1080 480 non
1097 438 1237 494 tangit
1252 452 1503 494 processum
1525 450 1732 482 vestrum.
1763 437 1904 482 Vultis
1923 452 1999 482 vos

351 519 468 579 quod
487 520 638 579 loquar
651 533 801 564 contra
818 520 914 564 me?
934 534 955 558 >›
971 521 1307 579 ——Interrogata
1323 522 1371 574 si,
1390 520 1556 574 dehoc,
1575 537 1663 565 suae
1684 536 1810 565 voces
1832 519 1994 580 aliquid

351 603 430 647 sibi
463 603 693 648 dixerunt:
734 603 954 663 respondit
983 620 991 647 :
1027 620 1046 643 «
1078 605 1172 648 Hoc
1208 620 1296 648 non
1330 597 1465 663 tangit
1492 620 1740 662 processum
1771 616 1993 659 vestrum;

352 702 432 745 ego
453 702 523 731 me
542 687 678 732 refero
699 686 749 731 ad
774 688 1017 731 Dominum
1043 687 1187 732 Deum
1218 704 1238 727 ))
1265 702 1273 737 ;
1300 700 1341 732 et
1363 679 1389 728 «¹
1412 689 1446 732 si
1470 701 1612 733 totum
1640 689 1917 746 pertinuisset
1941 686 1993 732 ad

353 787 444 824 vos,
475 787 554 828 ego
575 770 697 815 vobis
717 770 915 815 dixissem
939 784 1081 815 totum
1111 788 1148 814 ».
1174 772 1224 815 Et
1239 770 1345 815 dixit
1370 771 1503 816 ultra:
1534 789 1553 812 «
1579 773 1658 816 Per
1683 771 1814 816 fidem
1837 787 1994 826 meam,

353 869 433 913 ego
467 856 610 898 nescio
647 855 796 899 horam
835 870 977 913 neque
1013 853 1142 899 diem.
1178 873 1197 893 υ
1227 880 1286 886 --
1315 855 1579 913 Interrogata
1615 869 1782 909 utrum,
1818 854 1994 914 quando

354 938 472 982 Deus
498 939 576 982 sibi
605 939 806 982 revelavit
827 937 944 997 quod
967 951 1152 983 mutaret
1174 938 1369 983 habitum
1391 954 1538 993 suum,
1563 940 1645 983 hoc
1672 939 1799 984 fuerit
1823 954 1898 998 per
1917 954 1997 983 vo-

352 1037 443 1066 cem
463 1024 596 1066 sancti
615 1022 853 1077 MichaeliS,
876 1035 1031 1066 sanctae
1054 1022 1299 1066 Katharinae
1320 1022 1387 1066 vel
1408 1036 1565 1067 sanctae
1590 1024 1839 1081 Margaretae
1869 1040 1877 1066 :
1909 1038 1998 1067 res—

352 1105 506 1164 pondit
535 1122 541 1148 :
582 1123 601 1144 «
631 1107 719 1150 Vos
741 1121 829 1150 non
859 1105 1068 1150 habebitis
1096 1105 1229 1150 modo
1251 1105 1381 1149 aliud.
1413 1122 1433 1145 »

408 1191 686 1247 Interrogata,
712 1190 842 1243 lunae,
873 1203 948 1233 xil.
981 1191 1137 1244 martii,
1154 1202 1300 1234 utrum
1322 1189 1584 1234 habueratne
1612 1177 1770 1234 litteras
1797 1205 1819 1234 a
1845 1201 1993 1234 sancto

354 1273 563 1318 Michaele
580 1274 644 1317 vel
660 1289 681 1317 a
697 1275 785 1318 suis
800 1273 977 1317 vocibus
1004 1291 1011 1317 :
1038 1273 1258 1332 respondit
1282 1281 1291 1299 ¹
1326 1290 1334 1317 τ
1361 1291 1379 1311 «
1410 1274 1500 1331 Ego
1518 1289 1606 1318 non
1624 1273 1753 1317 habui
1777 1274 1994 1318 licentiam

351 1357 403 1402 de
427 1356 549 1416 [hoc]
565 1356 748 1402 dicendo
771 1357 908 1411 vobis,
931 1369 988 1411 et,
1019 1357 1125 1401 infra
1150 1370 1249 1402 octo
1276 1357 1380 1412 dies,
1402 1373 1484 1416 ego
1510 1357 1779 1416 respondebo
1812 1357 1994 1402 libenter

354 1441 460 1486 illud
483 1439 599 1501 quod
627 1456 707 1500 ego
729 1442 876 1485 sciam.
907 1461 928 1483 »

411 1592 522 1635 LXI.
561 1609 580 1631 «
619 1592 746 1645 ITEM,
779 1590 892 1635 dicta
929 1591 1145 1647 johanna,
1176 1591 1343 1635 monita
1381 1591 1500 1650 quod
1529 1590 1805 1635 submitteret
1840 1592 1991 1635 omnia

352 1675 465 1719 dicta
487 1677 580 1732 ejus
600 1688 641 1718 et
665 1675 771 1718 facta
795 1674 1145 1718 determinationi
1176 1675 1370 1718 Ecclesiae
1398 1675 1640 1728 militantis,
1663 1688 1721 1728 et,
1745 1688 1887 1733 aperta
1914 1674 1993 1719 sibi

350 1757 628 1803 distinctione
655 1759 851 1802 Ecclesiae
883 1758 1111 1802 militantis
1134 1775 1156 1802 a
1178 1758 1494 1816 triumphante,
1532 1757 1639 1802 dixit
1671 1774 1713 1802 se
1744 1758 1993 1802 submittere

352 1843 545 1886 Ecclesiae
580 1842 884 1900 triumphanti,
927 1858 1123 1886 recusans
1160 1857 1204 1885 se
1241 1841 1436 1885 Ecclesiae
1472 1842 1673 1885 militanti
1714 1841 1986 1895 submittere,

346 1925 565 1970 declarans
584 1942 628 1970 se
642 1926 751 1970 male
765 1927 923 1969 sentire
948 1927 990 1968 in
1008 1925 1082 1969 illo
1102 1925 1299 1978 articulo,
1325 1925 1460 1969 Unam
1480 1935 1677 1979 sanctam,
1695 1938 1793 1979 etc„
1818 1938 1859 1969 et
1884 1926 1992 1969 circa

348 2011 491 2069 ipsum
519 2025 682 2063 errare;
703 2009 847 2053 dicens
864 2025 907 2053 se
928 2026 1015 2054 esse
1041 2009 1259 2053 subditam
1281 2007 1531 2053 immediate
1559 2010 1667 2063 Deo,
1694 2025 1736 2053 se
1765 2008 1992 2054 referendo

352 2093 402 2138 ad
428 2095 570 2151 ipsum
597 2107 637 2137 et
658 2094 834 2137 Sanctos
854 2092 906 2137 de
933 2092 1051 2136 factis
1077 2094 1180 2146 suis,
1209 2105 1250 2136 et
1279 2108 1369 2136 non
1396 2091 1447 2136 ad
1474 2092 1685 2149 judicium
1708 2093 1918 2137 Ecclesiae.
1943 2109 1963 2133 »

408 2176 427 2197 *
443 2177 511 2221 Ad
539 2178 654 2222 hunc
677 2186 692 2203 ²
730 2177 962 2221 articulum
986 2174 1214 2233 respondet
1246 2184 1254 2203 ³
1294 2175 1412 2234 quod
1435 2176 1562 2220 vellet
1590 2175 1755 2220 deferre
1778 2176 1992 2220 honorem

353 2274 396 2306 et
419 2262 702 2305 reverentiam
716 2261 911 2305 Ecclesiae
935 2260 1156 2312 militanti,
1179 2275 1256 2317 pro
1288 2274 1368 2303 suo
1387 2274 1524 2317 posse.
1555 2260 1604 2303 Et
1631 2259 1683 2303 de
1700 2275 1743 2303 se
1772 2258 1992 2304 referendo

353 2345 404 2390 de
432 2345 548 2390 factis
571 2346 658 2389 suis
682 2344 733 2389 ad
762 2343 1007 2403 praedictam
1036 2343 1265 2387 Ecclesiam
1289 2343 1566 2397 militantem,
1594 2343 1701 2387 dixit
1722 2360 1731 2386 :
1759 2360 1779 2383 «
1803 2343 1992 2402 Oportet

350 2429 469 2488 quod
503 2446 584 2488 ego
611 2445 679 2472 me
706 2429 883 2472 referam
919 2427 970 2472 ad
1005 2428 1251 2471 Dominum
1288 2427 1449 2481 Deum,
1479 2429 1554 2486 qui
1591 2427 1689 2471 fecit
1718 2438 1733 2460 ⁴
1766 2427 1848 2471 hoc
1881 2427 1990 2470 mihi

353 2513 499 2557 facere.
527 2532 545 2551 »

402 2655 419 2671 *
445 2655 631 2707 Respond
657 2667 732 2708 que
766 2655 785 2692 a
810 2653 972 2706 l'Eglise
1003 2652 1190 2698 militant,
1215 2651 1289 2690 elle
1321 2652 1391 2704 luy
1414 2651 1619 2690 vouldroit
1644 2661 1776 2705 portet
1806 2652 1992 2691 honneur

346 2736 384 2765 et
418 2727 628 2765 reverence
671 2725 718 2764 de
754 2739 826 2763 son
859 2724 1014 2777 povoir.
1049 2724 1095 2762 Et
1130 2723 1177 2761 de
1214 2737 1253 2762 se
1288 2733 1494 2776 rapporter
1525 2723 1571 2762 de
1603 2736 1663 2762 ses
1690 2723 1758 2761 fais
1781 2724 1801 2761 a
1825 2722 1985 2776 l’Einse

322 2844 325 2847 ¹
349 2797 536 2844 militant,
551 2797 628 2836 dit:
655 2814 670 2831 (ι
689 2796 716 2835 Il
739 2794 833 2834 fault
852 2808 928 2849 que
953 2796 988 2848 je
1012 2795 1116 2833 m’en
1139 2803 1323 2847 rapporte
1346 2793 1366 2832 a
1387 2803 1518 2833 nostre
1545 2794 1753 2847 Seigneur,
1769 2795 1836 2848 qui
1858 2793 1895 2841 le
1912 2793 1987 2832 m’a

351 2867 421 2907 fait
441 2868 550 2907 faire.
577 2883 596 2904 n

403 3023 430 3046 1.
454 3012 486 3046 A
514 3024 523 3045 .·
551 3010 735 3058 respondes.
748 3009 839 3045 —'2.
864 3009 896 3043 A
914 3021 923 3042 ,·
941 3009 1180 3053 sexagesimum
1196 3009 1358 3053 primum.
1374 3028 1422 3032 —
1451 3017 1480 3052 3.
1500 3007 1532 3041 A
1554 3019 1563 3041 :
1585 3007 1751 3054 respondit
1762 3007 1922 3052 johanna.
1946 3029 1987 3033 —

353 3082 386 3113 4.
404 3072 434 3105 :l
455 3084 463 3105 .·
476 3073 572 3116 jacit.

2072 2967 2087 3015 ’ἒ
