2099 3356
325 178 408 220 268
609 176 767 219 PRocl'ss
800 190 855 218 DE
889 189 1238 218 CONDAMNATION
1273 189 1330 218 DE
1360 190 1526 231 JEANNE
1558 175 1686 219 D'ARc

322 289 430 343 fieri,
457 291 499 332 in
523 289 788 333 contrarium
820 289 1016 347 praecepti
1044 287 1161 347 quod
1186 287 1292 332 dixit
1312 287 1393 332 sibi
1412 287 1572 332 factum
1598 304 1686 333 esse
1710 304 1733 332 a
1749 290 1860 341 Deo,
1878 291 1966 348 ipsa

324 389 412 416 non
434 371 585 416 faceret
607 387 684 430 pro
711 387 1006 430 quocumque.
1070 399 1074 404 ·

381 457 644 513 Interrogata
664 468 832 508 utrum,
865 456 898 498 si
923 454 1106 499 Ecclesia
1134 455 1324 500 militans
1353 455 1465 500 dicat
1494 455 1573 499 sibi
1593 455 1713 514 quod
1741 456 1967 500 revelatio—

325 532 400 582 nes
421 555 508 582 suae
536 548 544 564 ¹
573 551 675 582 sunt
694 538 917 582 illusiones
935 550 1008 582 aut
1030 554 1094 582 res
1110 537 1346 589 diabolicae,
1370 540 1457 597 ipsa
1473 554 1516 582 se
1537 537 1711 582 referret
1733 539 1936 582 Ecclesiae
1955 553 1963 582 :

324 621 548 680 respondit
573 621 691 680 quod
724 638 767 665 se
794 621 846 666 de
874 622 954 666 hoc
982 637 1150 680 semper
1180 621 1331 666 referet
1354 623 1465 677 Deo,
1493 624 1615 680 cujus
1647 637 1815 680 semper
1844 621 1967 666 faciet

324 718 583 764 praeceptum
612 722 622 759 3
651 718 693 750 et
720 704 837 764 quod
870 707 958 764 ipsa
986 704 1093 750 bene
1120 707 1197 750 scit
1223 706 1340 765 quod
1366 704 1471 750 illud
1494 705 1615 764 quod
1643 706 1894 750 continetur
1920 707 1963 749 in
2027 717 2038 723 “
2096 692 2099 696 ⁸

325 805 522 847 processu
546 805 626 832 suo
646 790 764 833 venit
779 805 853 847 per
868 802 1131 848 praeceptum
1154 789 1234 834 Dei
1251 807 1262 844 ;
1285 803 1325 833 et
1348 788 1454 833 illud
1475 788 1593 848 quod
1606 789 1790 833 affirmat
1817 791 1861 833 in
1881 788 1966 833 dic-

324 887 368 917 to
390 888 587 932 processu
603 889 646 916 se
670 874 801 931 egisse
826 889 899 931 per
920 887 1181 932 praeceptum
1207 873 1304 927 Dei,
1321 886 1428 917 esset
1451 872 1527 916 sibi
1555 872 1818 931 impossibile
1835 873 1966 917 facere

326 958 368 1000 in
389 965 403 982 ²
425 957 689 1000 contrarium
709 975 720 1011 3
747 970 788 1000 et
824 957 867 1000 in
897 972 994 1000 casu
1022 973 1111 1015 quo
1129 957 1313 1000 Ecclesia
1337 957 1415 1001 sibi
1445 958 1689 1015 praeciperet
1710 956 1843 1001 facere
1862 973 1969 1001 con—

326 1041 520 1093 trarium,
556 1040 727 1099 ipsa.de
765 1040 846 1084 hoc
872 1057 959 1084 non
994 1057 1037 1084 se
1066 1040 1234 1085 referret
1264 1041 1315 1085 ad
1344 1041 1572 1085 hominem
1600 1040 1770 1095 mundi,
1802 1042 1882 1085 nisi
1916 1040 1968 1085 ad

326 1124 488 1178 Deum,
511 1125 617 1182 quin
640 1140 809 1182 semper
831 1123 983 1168 faceret
1004 1123 1171 1168 bonum
1194 1137 1451 1183 praeceptum
1480 1126 1611 1183 ipsius
1638 1125 1734 1168 Dei.

386 1209 647 1266 Interrogata
680 1224 732 1251 an
760 1207 891 1252 credit
923 1224 966 1252 se
994 1224 1082 1252 esse
1109 1208 1342 1266 subjectam
1378 1207 1571 1252 Ecclesiae
1603 1208 1683 1252 Dei
1712 1224 1808 1267 quae
1840 1220 1900 1252 est
1925 1209 1968 1252 in

327 1293 463 1345 terris,
494 1291 691 1335 videlicet
725 1290 907 1336 domino
937 1305 1087 1336 nostro
1115 1293 1254 1350 Papae,
1286 1291 1587 1346 cardinalibus,
1624 1292 1966 1352 archiepiscopis,

326 1376 534 1433 episcopis
555 1388 595 1419 et
619 1375 710 1419 aliis
738 1376 918 1434 praelatis
946 1376 1141 1420 Ecclesiae
1168 1393 1175 1418 :
1202 1374 1423 1433 respondit
1449 1375 1566 1435 quod
1594 1377 1667 1429 sic,
1698 1377 1793 1420 Deo
1823 1377 1968 1434 primi-

326 1472 392 1504 tus
419 1460 593 1503 servito.

383 1543 646 1601 Interrogata
664 1559 715 1586 an
739 1543 889 1587 habeat
914 1556 1176 1602 praeceptum
1193 1559 1214 1587 a
1238 1544 1325 1587 suis
1340 1543 1518 1587 vocibus
1535 1543 1651 1603 quod
1675 1560 1762 1588 non
1785 1542 1966 1588 submit-

324 1722 420 1761 faire
445 1722 537 1761 faire
560 1732 669 1761 autre
691 1723 810 1762 chose
833 1736 880 1761 au
907 1724 1102 1762 contraire
1127 1723 1179 1762 du
1217 1724 1570 1763 commandement
1597 1723 1741 1777 qu’elle
1765 1724 1821 1762 dit
1858 1724 1878 1762 a
1898 1723 1967 1778 luy

328 1794 395 1833 fait
417 1794 464 1832 de
491 1795 608 1841 Dieu,
626 1794 701 1833 elle
720 1808 768 1833 ne
794 1794 829 1833 le
854 1794 971 1833 feroit
997 1809 1098 1847 pour
1123 1795 1294 1849 quelque
1319 1796 1455 1834 chose.

383 1867 655 1918 Interroguee,
684 1880 723 1904 se
746 1865 904 1920 l'Eglisc
927 1866 1096 1906 militant
1125 1866 1194 1919 luy
1223 1867 1281 1906 dit
1302 1881 1378 1921 que
1400 1880 1460 1906 ses
1482 1867 1727 1906 revelacions
1752 1877 1843 1906 sont
1875 1867 1968 1906 illu-

327 1938 438 1976 sions
460 1951 511 1976 ou
552 1938 692 1976 choses
730 1937 1013 1991 dyaboliques,·
1045 1952 1097 1977 ou
1137 1939 1440 1991 supersticions‚
1467 1952 1519 1977 ou
1551 1939 1772 1978 mauvaises
1810 1939 1967 1986 choses,

327 2009 438 2047 s'clle
463 2010 545 2048 s’en
568 2020 767 2062 raportera
800 2010 820 2047 ἱι
853 2009 1014 2061 l’Eglise
1040 2024 1046 2047 :
1072 2010 1244 2062 respond
1270 2009 1413 2062 qu'elle
1452 2012 1534 2049 s'en
1565 2021 1763 2063 raportera
1787 2011 1807 2049 a
1832 2020 1966 2049 nostre

329 2081 538 2133 δεῖς-ωηατ,
554 2080 700 2133 duquel
723 2080 797 2119 elle
819 2080 899 2119 fera
921 2082 1124 2134 tousjours
1146 2081 1184 2139 ,le
1206 2082 1584 2130 commandement;
1630 2092 1667 2121 et
1708 2081 1851 2135 qu'elle
1875 2083 1970 2130 scait

328 2152 417 2190 bien
440 2166 515 2204 que
541 2166 584 2190 ce
608 2153 675 2205 qui
701 2163 758 2191 est
775 2162 950 2191 contenu
973 2166 1021 2191 en
1042 2167 1112 2191 son
1139 2155 1294 2205 proces,
1316 2152 1413 2207 qu’il
1435 2163 1607 2192 estvenu
1630 2167 1698 2206 par
1714 2154 1748 2192 le
1764 2167 1969 2192 comman-

329 2223 489 2262 dement
505 2223 552 2261 de
573 2224 673 2262 Dieu
692 2238 701 2272 3
729 2233 766 2262 et
790 2237 834 2262 ce
853 2223 994 2277 qu'elle
1019 2238 1039 2262 a
1062 2223 1223 2263 afferme
1243 2238 1295 2263 ou
1317 2225 1373 2263 dit
1398 2225 1537 2278 proces
1554 2225 1665 2263 avoir
1685 2223 1753 2264 fait
1775 2225 1827 2263 du
1859 2238 1967 2263 com-

331 2295 588 2333 mandement
615 2295 662 2334 de
690 2295 805 2343 Dieu,
832 2295 899 2348 luy
921 2296 1039 2334 scroit
1062 2295 1293 2349 impossible
1330 2295 1425 2334 faire
1460 2296 1494 2335 le
1533 2297 1742 2335 contraire.
1772 2298 1817 2335 Et
1835 2311 1882 2335 en
1905 2310 1968 2335 cas

328 2378 406 2418 que
427 2365 585 2418 l'Eglise
611 2366 784 2406 militant
820 2366 887 2419 luy
911 2367 1230 2406 commanderoit
1255 2367 1348 2406 faire
1375 2367 1410 2405 le
1447 2368 1658 2414 contraire,
1694 2367 1767 2406 elle
1803 2381 1851 2406 ne
1886 2367 1968 2407 s'en

332 2438 624 2490 rapporteroita
650 2438 885 2481 hommedu
909 2438 1070 2485 monde,
1097 2438 1177 2477 fors
1201 2439 1221 2476 a
1244 2448 1378 2477 nostre
1402 2439 1611 2492 Seigneur,
1638 2438 1783 2493 qu'elle
1809 2452 1857 2478 ne
1881 2438 1969 2478 feist

330 2510 531 2561 tousjours
545 2523 616 2548 son
642 2510 722 2548 bon
745 2510 1111 2549 commandement.

388 2581 643 2632 Interroguee
665 2580 772 2619 s'elle
788 2582 908 2620 croist
927 2582 1040 2634 point
1071 2581 1214 2634 qu’elle
1228 2583 1306 2621 soit
1328 2581 1502 2634 subjecte
1522 2582 1541 2619 a
1566 2580 1724 2634 l’Eglise
1745 2582 1812 2635 qui
1837 2592 1894 2620 est
1919 2595 1967 2620 en

330 2662 444 2698 terre,
460 2651 551 2690 c’est
579 2653 767 2699 assavoir,
791 2653 810 2690 *a
842 2662 973 2690 nostre
995 2654 1095 2691 saint
1116 2654 1207 2705 pere
1231 2652 1264 2691 le
1290 2654 1409 2705 Pape,
1432 2652 1675 2700 cardinaulx‚
1696 2666 1969 2706 arcevesques,

331 2724 522 2775 evesques
544 2733 581 2761 et
605 2734 733 2762 autres
760 2723 884 2776 prelas
909 2723 1083 2775 d'Eglise
1109 2738 1116 2762 ε
1159 2724 1332 2777 respond
1367 2737 1444 2777 que
1466 2724 1565 2773 ouil,
1592 2734 1725 2763 nostre
1758 2724 1841 2763 Sire
1879 2737 1969 2777 pre-

333 2795 432 2832 mier
452 2794 568 2832 servi.

388 2866 641 2918 Interrogue'e
664 2864 805 2904 s’ellea
829 2865 1182 2905 commandement
1205 2867 1252 2905 de
1275 2879 1334 2905 ses
1359 2867 1452 2906 voix
1465 2866 1606 2920 qu'elle
1628 2880 1676 2905 ne
1697 2880 1736 2905 se
1764 2867 1966 2905 submecte

389 3085 414 3107 1.
440 3073 504 3107 AC
528 3086 536 3106 .·
557 3086 622 3108 51!ae
639 3074 858 3108 revelationes.
879 3095 923 3099 ——
946 3085 977 3108 2.
1000 3074 1067 3108 AC
1085 3083 1261 3109 omettent
1282 3075 1333 3111 in,
