2099 3356
367 202 415 243 16
643 198 801 242 PRocizs
833 213 890 242 DE
922 212 1277 242 cONDAMNATroN
1312 213 1368 242 DE
1398 213 1564 255 JEANNE
1597 199 1725 244 D'ARc

358 320 477 365 prout
498 312 584 350 Deo
603 310 765 365 placuit,
792 323 879 350 eam
905 311 945 349 in
967 311 1070 350 dicta
1094 311 1260 350 dioecesi
1277 324 1345 350 sua
1363 320 1401 350 et
1415 310 1515 350 infra
1531 311 1679 351 limites
1709 325 1789 352 suae
1814 313 1997 366 jurisdic-

356 383 478 422 tionis
511 382 724 436 spiritualis
755 382 856 435 capi,
886 382 1054 421 detineri
1086 391 1122 421 et
1152 382 1344 430 arrestari,
1365 391 1403 421 et
1426 382 1587 422 demum
1624 396 1711 422 eam
1743 384 1783 422 in
1816 383 1892 423 alia
1911 384 2000 424 loca

356 454 569 494 transferri.
596 455 692 500 Quo
705 453 752 492 ad
768 454 892 506 ipsius
916 454 1122 492 reverendi
1145 455 1263 507 patris
1286 454 1467 493 notitiam
1491 455 1663 494 deducto
1684 464 1712 502 ¹,
1737 464 1817 494 tam
1840 455 1878 494 in
1904 469 1993 508 pro-

353 526 437 578 pria
457 538 627 579 persona
648 538 767 578 quarn
786 524 895 572 alias,
920 525 1107 564 meritum
1127 533 1142 551 2
1168 525 1391 578 principem
1417 525 1629 565 dominum
1647 526 1789 565 ducem
1816 527 1997 580 Burgun-

352 597 444 645 diae,
459 610 501 636 ac
527 596 703 635 nobilem
725 597 854 635 virum
878 596 1091 635 dominum
1109 596 1336 645 Johannem
1357 596 1404 636 de
1427 596 1723 650 Luxemburgo,
1750 597 1934 646 militem,
1955 607 1993 638 et

352 677 516 707 caeteros
541 667 717 720 ejusdem
735 667 914 707 mulieris
938 667 1164 707 detentores
1186 668 1408 721 requisierit
1429 677 1466 707 et
1490 669 1708 717 monuerit,
1739 668 1995 709 deliberando

353 740 482 778 eidem
507 739 724 778 reverendo
745 740 858 792 patri,
882 748 1070 793 tanquam
1091 739 1213 792 judici
1235 739 1413 792 ejusdem
1440 740 1657 788 ordinario,
1696 741 1821 793 ipsam
1851 740 1996 780 mulie-

353 825 451 859 rem,
478 812 534 850 sic
551 820 594 850 ut
612 811 879 864 praemittitur,
906 811 954 849 de
973 811 1113 849 haeresi
1136 796 1359 864 suspectam
1382 821 1420 850 et
1439 812 1477 849 in
1501 811 1603 850 dicta
1626 811 1899 864 jurisdictione
1927 826 1995 852 sua

352 882 546 935 spirituali
566 882 882 936 delinquentem,
903 891 1073 935 captam,
1107 882 1307 921 detentam
1335 892 1372 921 et
1405 891 1648 930 arrestatam,
1675 892 1718 921 ut
1741 892 1877 922 contra
1907 897 1993 923 eam

351 964 389 993 et
409 968 528 1006 super
551 954 748 1008 aliquibus
767 954 1102 993 concernentibus
1116 954 1260 993 dictam
1292 954 1412 992 fidem
1431 954 1685 1002 catholicam,
1711 968 1781 1007 per
1799 968 1886 994 eam
1905 969 1991 1008 per-

352 1027 528 1079 petratis,
549 1025 709 1076 valeret,
734 1035 852 1079 prout
870 1026 928 1078 jus
956 1035 992 1064 et
1021 1026 1119 1064 ratio
1154 1025 1333 1074 suadent,
1364 1026 1563 1079 inquirere
1585 1035 1622 1065 et
1647 1026 1874 1079 procedere.
1904 1027 1990 1072 Qui

350 1097 513 1151 quidem
532 1097 686 1137 domini
709 1107 747 1137 et
767 1098 898 1136 caeteri
920 1097 1037 1136 dictae
1054 1097 1231 1136 mulieris
1253 1097 1494 1147 detentores,
1522 1098 1641 1137 etiam
1661 1112 1705 1136 ex
1738 1108 1843 1151 parte
1865 1099 1992 1137 chris-

348 1170 559 1208 tianissimi
583 1170 774 1222 principis
809 1179 846 1208 et
876 1169 1029 1208 domini
1059 1169 1182 1208 nostri
1214 1169 1392 1217 Henrici,
1426 1170 1496 1208 Dei
1519 1170 1643 1223 gratia
1683 1171 1923 1209 Francorum
1955 1179 1993 1209 et

348 1241 504 1294 Angliae
520 1242 638 1294 regis,
663 1254 705 1280 ac
721 1241 837 1279 etiam
862 1240 977 1279 almae
1000 1241 1278 1279 Universitatis
1300 1241 1419 1279 studii
1447 1241 1752 1289 Parisiensis,ad
1779 1241 1989 1280 eumdem3

350 1313 471 1352 finem
491 1314 684 1367 requisiti,
709 1313 941 1364 hujusmodi
973 1312 1317 1366 requisitionibuS,
1343 1313 1634 1351 monitionibus
1653 1322 1690 1351 et
1715 1314 1991 1352 sommationi-

348 1385 436 1433 bus,
460 1394 660 1438 tamquam
685 1384 819 1423 fideles
856 1384 1041 1423 catholici
1073 1393 1110 1422 et
1133 1384 1171 1422 in
1200 1383 1376 1423 favorem
1403 1383 1509 1432 fidei,
1533 1385 1847 1438 acquiescentCS,
1880 1384 1987 1424 dicto

350 1457 517 1495 domino
544 1466 679 1495 nostro
699 1456 798 1509 regi,
825 1469 893 1494 seu
913 1456 996 1508 ejus
1019 1457 1057 1493 in
1081 1456 1152 1494 hac
1183 1465 1289 1508 parte
1312 1456 1537 1495 commissis
1560 1456 1740 1495 eamdem
1762 1456 1989 1505 Johannam

350 1528 594 1567 tradiderunt
612 1537 649 1566 et
679 1527 960 1574 liberaverunt,
1004 1527 1263 1579 postmodum
1293 1527 1339 1565 ad
1383 1527 1515 1566 hanc4
1541 1527 1740 1566 civitatem
1771 1527 1989 1566 Rothoma-

350 1613 512 1652 gensem
531 1599 757 1647 adductam,
780 1608 955 1652 tutaeque
976 1599 1232 1637 commissam
1253 1598 1463 1645 custodite,
1487 1612 1532 1637 ex
1554 1599 1807 1638 ordinatione
1830 1608 1867 1637 et
1891 1612 1990 1637 con—

350 1684 466 1710 sensu
486 1670 663 1723 ejusdem
683 1670 838 1709 domini
866 1670 988 1709 nostri
1011 1670 1130 1722 regis,
1150 1668 1310 1721 praefato
1336 1669 1555 1708 reverendo
1581 1670 1619 1707 in
1640 1669 1798 1708 Christo
1820 1669 1919 1722 patri
1941 1668 1988 1708 ad

348 1756 520 1795 praesens
541 1742 739 1789 traditam,
759 1742 983 1795 expeditam
1005 1751 1041 1780 et
1063 1740 1280 1779 liberatam.
1302 1742 1343 1779 In
1370 1754 1445 1793 qua
1463 1741 1620 1780 civitate
1653 1741 1986 1794 Rothomagensi,

347 1814 526 1867 pluribus
548 1813 806 1852 consideratis
822 1822 859 1852 et
880 1813 1052 1860 attentis,
1075 1822 1112 1850 et
1126 1813 1296 1851 maxime
1321 1813 1569 1865 temporibus
1591 1811 1842 1850 currentibus
1863 1821 1989 1850 atten-

345 1885 484 1924 dendis
506 1895 543 1924 et
563 1885 877 1933 considerandis,
916 1883 1164 1938 proponebat
1199 1884 1245 1922 de
1277 1884 1492 1936 praemissis
1527 1884 1629 1936 juxta
1667 1883 1913 1936 theologicas
1949 1892 1988 1922 ct

344 1957 555 1996 canonicas
575 1958 799 1995 sanctiones
824 1956 1040 2010 inquirere,
1058 1964 1095 1993 et
1118 1955 1313 2007 superbis
1345 1954 1668 1994 informationem
1692 1969 1759 1994 seu
1796 1953 1983 1993 informa-

342 2028 472 2067 tiones
504 2028 654 2067 debitas
676 2027 802 2067 facere
825 2041 891 2066 seu
925 2026 1049 2066 facere
1075 2025 1182 2074 fieri,
1210 2026 1352 2065 dictam
1386 2027 1439 2065 sic
1473 2036 1695 2080 suspectam
1722 2027 1977 2079 interrogare,

342 2113 400 2148 ae,
425 2101 454 2138 si
477 2114 578 2153 opus
604 2101 666 2148 sit,
691 2101 832 2139 carceri
861 2106 869 2130 5
896 2099 1137 2151 mancipare,
1165 2107 1201 2136 et
1235 2098 1309 2136 alia
1342 2111 1431 2151 quae
1457 2098 1686 2150 hujusmodi
1711 2098 1984 2151 inquisitionis

344 2172 551 2224 negotium
586 2180 753 2224 tangunt
799 2184 864 2210 seu
896 2180 1055 2223 tangere
1087 2178 1288 2222 poterunt,
1316 2183 1407 2208 cum
1438 2169 1714 2222 dependentiis
1745 2178 1781 2208 et
1805 2170 1982 2217 annexis,

342 2256 529 2297 peragere
557 2258 563 2281 :
588 2257 667 2281 non
694 2243 904 2281 intendens
926 2229 1058 2280 tamen
1082 2240 1224 2279 falcem
1248 2255 1358 2279 suam
1377 2241 1414 2279 in
1432 2254 1600 2280 messem
1621 2251 1812 2289 nostram,
1836 2240 1984 2294 absque

345 2324 482 2354 nostro
505 2328 719 2363 consensU,
747 2328 909 2367 ponere,
940 2327 1013 2352 nos
1052 2314 1090 2352 in
1127 2314 1222 2366 juris
1254 2313 1475 2351 subsidium
1504 2313 1757 2366 requirendo,
1790 2321 1983 2366 quatenus

341 2387 602 2435 territorlum,
628 2400 699 2439 pro
724 2384 800 2424 hiis
814 2395 850 2424 et
871 2386 956 2424 aliis
978 2385 1079 2423 hanc
1101 2385 1304 2424 materiam
1329 2383 1664 2423 concernentibus
1697 2384 1930 2437 peragendis
1946 2385 1977 2431 6,

342 2458 416 2497 sibi
438 2458 655 2498 concedere
670 2457 877 2496 vellemus
908 2458 1011 2496 Hinc
1036 2456 1219 2509 estquod
1243 2455 1422 2509 ejusdem
1447 2456 1651 2494 reverendi
1672 2456 1790 2508 patris
1816 2456 1981 2508 requisi-

339 2530 454 2577 tioni,
478 2538 679 2583 tamquam
705 2529 778 2580 juri
800 2541 1002 2576 consonae,
1042 2527 1308 2567 favorabiliter
1343 2536 1564 2566 annuentes
1611 2527 1650 2565 in
1687 2526 1863 2565 favorem
1889 2526 1979 2565 fidei

339 2600 561 2649 catholicae,
579 2601 708 2639 eidem
720 2601 941 2639 reverendo
963 2600 1077 2652 patri,
1098 2609 1177 2638 tam
1198 2600 1235 2637 in
1258 2599 1330 2638 hac
1349 2599 1505 2638 civitate
1529 2598 1839 2651 Rothomagensi
1862 2611 1980 2652 quam

341 2672 434 2711 alibi
454 2672 695 2723 ubicumque
721 2671 794 2710 sibi
826 2672 954 2710 visum
979 2669 1617 2723 fueritexpediens,infralimites
1643 2669 1980 2722 Rothomagensis

338 2744 540 2792 dioecesis,
563 2743 778 2797 praemissis
794 2742 982 2781 omnibus
1005 2741 1222 2794 etsingulis
1244 2743 1287 2780 ea
1312 2742 1645 2781 concernentibus
1663 2754 1706 2780 ac
1725 2741 1780 2780 eis
1801 2750 1838 2780 et
1855 2740 1902 2779 ab
1924 2741 1980 2779 eis

338 2816 539 2855 connexis
561 2824 598 2853 et
621 2814 896 2867 dependentiis
927 2813 1156 2852 ordinandis
1181 2822 1211 2862 7,
1233 2812 1440 2861 faciendis,
1467 2811 1772 2866 cognoscendis,
1795 2811 1980 2850 deciden-

395 3005 423 3028 1.
454 2993 505 3029 C:
526 2992 769 3041 deductumss
797 3003 830 3027 2.
859 2992 924 3027 AC
945 3004 954 3025 .·
989 2991 1155 3026 inclitum.
1175 3012 1219 3016 -—
1249 3002 1279 3036 3.
1310 2992 1345 3035 Q
1363 3003 1372 3024 .·
1393 2990 1548 3024 eamdem.
1571 3011 1617 3015 —
1636 3000 1669 3033 4.
1692 2991 1726 3034 Q
1751 2999 1848 3024 omet
1878 2989 1970 3024 hanc.

341 3073 383 3079 ——-
410 3062 440 3097 5.
469 3053 500 3087 A
520 3061 617 3088 omet
633 3054 768 3087 carceri.
789 3072 832 3077 —
851 3051 884 3086 6.
915 3051 944 3085 C
971 3064 980 3085 :
1000 3051 1237 3098 peragendum.
1257 3071 1302 3075 —
1326 3061 1358 3095 7.
1381 3050 1416 3093 Q
1432 3059 1530 3084 omet
1543 3061 1579 3083 ιιε
1593 3051 1638 3083 eis
1658 3054 1686 3083 et
1706 3049 1745 3083 ab
1764 3050 1808 3083 eis
1825 3050 1980 3083 connexis

341 3119 369 3148 et
384 3112 604 3159 dependentiis
623 3112 861 3147 ordinandis...
