2099 3356
377 218 536 264 PRoc'Es
569 233 624 263 DE
656 232 1010 264 CONDAMNArioN
1044 233 1100 263 DE
1131 234 1298 276 JEANNE
1332 217 1461 264 D'ARC
1655 234 1733 264 211

86 333 138 377 Et
169 332 452 391 postmodum
493 332 644 377 dicunt
673 332 750 377 sibi
779 347 905 377 voces
931 347 1020 377 suae
1040 331 1159 392 quod
1187 333 1323 392 capiat
1346 345 1578 391 gratanter,
1609 351 1628 374 «
1664 349 1739 377 nec

87 431 208 460 cures
233 415 286 460 de
310 427 388 460 tuo
411 417 619 474 martyrio
645 433 682 460 ».

150 560 355 603 XXXIV.
387 576 407 600 «
435 561 561 614 ITEM,
587 559 706 618 quod
730 559 843 604 dicta
865 559 1082 616 Johanna,
1116 561 1159 603 in
1192 562 1280 604 suis
1307 561 1546 604 temeritate
1573 573 1615 605 et
1637 576 1740 618 prae-

92 644 342 701 sumptione
371 643 698 701 perseverando,
715 643 838 698 dixit,
863 643 1110 688 vociferavit
1126 657 1253 702 atque
1268 643 1499 702 publicavit
1512 659 1556 689 se
1572 646 1744 688 novisse

94 739 224 785 atque
265 729 517 785 cognovisse
562 743 685 772 voces
727 727 1118 786 Archangelorum7
1161 728 1448 785 Angelorum,
1486 728 1741 772 Sanctorum

96 823 225 869 atque
252 811 504 855 Sanctarum
530 811 628 863 Dei,
657 810 885 855 asserendo
912 827 955 855 se
988 827 1112 856 voces
1139 827 1293 856 eorum
1327 811 1378 855 ab
1405 812 1609 856 humanis
1634 813 1746 856 voci-

99 893 178 938 bus
202 895 306 938 scire
330 894 584 938 discernere.
613 911 633 934 »

156 977 253 1021 *Ad
280 978 395 1022 hunc
419 987 426 1003 ¹
459 978 708 1031 articulum,
737 977 806 1022 die
840 979 1056 1031 mercurii,
1090 993 1244 1022 xxvul.
1277 981 1417 1023 martii
1444 988 1475 1029 2,
1502 979 1609 1023 dixit
1629 978 1746 1038 quod

96 1077 139 1105 se
166 1073 282 1105 tenet
302 1061 352 1105 ad
379 1061 625 1120 illudquod
652 1061 754 1106 alias
776 1060 875 1106 inde
899 1061 1039 1116 dixit,
1080 1075 1136 1116 et,
1169 1061 1220 1106 de
1241 1065 1480 1108 temeritate
1507 1076 1548 1107 et
1574 1063 1749 1108 conclu-

98 1146 221 1190 sione
248 1145 432 1200 articuli,
462 1162 505 1189 se
532 1145 658 1189 refert
680 1145 732 1189 ad
753 1146 916 1197 Deum,
942 1144 1127 1202 judicem
1153 1161 1298 1190 suum.

155 1229 281 1282 Item,
307 1227 375 1272 die
403 1231 567 1283 martis,
600 1243 739 1272 xxvn.
764 1227 980 1283 februarii,
1005 1231 1265 1287 interrogata
1292 1231 1323 1273 si
1351 1243 1437 1274 erat
1470 1247 1554 1275 vox
1571 1232 1746 1289 Angeli,

97 1313 165 1356 vel
189 1314 329 1356 Sancti
361 1326 434 1356 aut
468 1313 650 1367 Sanctae,
686 1313 752 1356 vel
780 1313 878 1366 Dei,
915 1314 1008 1357 sine
1049 1312 1210 1367 medio,
1238 1331 1336 1372 quae
1369 1314 1447 1358 sibi
1468 1314 1746 1373 loquebatur:

101 1395 321 1454 respondit
347 1395 465 1454 quod
487 1396 557 1440 illa
582 1413 666 1440 vox
692 1409 755 1440 est
774 1409 930 1440 sanctae
958 1396 1204 1441 Katharinae
1226 1410 1267 1441 et
1287 1411 1443 1441 sanctae
1471 1400 1747 1456 Margaretae3

102 1493 143 1524 et
167 1479 316 1538 figurae
341 1496 490 1524 earum
511 1493 613 1524 sunt
636 1492 853 1524 coronatae
880 1480 1071 1538 pulchris
1091 1482 1281 1534 coronis,
1310 1481 1501 1526 multum
1524 1482 1752 1540 opulenter

103 1576 144 1608 et
172 1564 363 1607 multum
383 1564 593 1621 pretiose:
627 1579 647 1600 «
676 1563 727 1607 Et
748 1562 799 1606 de
823 1564 904 1607 isto
929 1580 970 1617 ›>‚
997 1565 1155 1622 inquit,
1181 1581 1200 1604 «
1228 1580 1309 1621 ego
1328 1563 1464 1608 habeo
1485 1565 1702 1609 licentiam
1729 1581 1752 1608 a

105 1648 302 1691 Domino
314 1665 326 1701 3
363 1660 405 1691 et
438 1649 470 1691 si
505 1646 558 1691 de
589 1647 671 1691 hoc
704 1646 865 1691 faciatis
891 1646 1094 1701 dubium,
1131 1649 1309 1691 mittatis
1332 1649 1529 1700 Pictavis‚
1552 1648 1626 1692 ubi
1652 1649 1754 1692 alias

104 1731 165 1775 fui
203 1733 478 1789 interrogata.
524 1750 542 1769 »
584 1732 709 1783 Item,
744 1729 894 1775 eadem
934 1732 1195 1789 interrogata
1231 1731 1459 1790 quomodo
1512 1734 1601 1790 ipsa
1647 1732 1753 1777 bene

102 1816 324 1873 cognoscit
352 1830 485 1859 unam
528 1815 700 1859 illarum
743 1816 995 1859 Sanctarum
1031 1814 1082 1858 ab
1116 1815 1196 1858 alia
1227 1832 1236 1858 :
1278 1815 1498 1873 respondit
1534 1816 1652 1875 quoti
1687 1832 1755 1860 eas

102 1901 322 1957 cognoscit
351 1915 425 1957 per
447 1899 751 1943 salutationem
779 1914 910 1957 quarn
931 1900 970 1942 ei
992 1898 1168 1943 faciunt.
1187 1900 1295 1943 Item
1323 1899 1432 1944 dixit
1453 1900 1570 1958 quod
1593 1913 1756 1944 easmet

102 1984 324 2042 cognoscit
350 1998 424 2041 per
445 1983 528 2027 hoc
551 1981 670 2041 quod
698 1998 741 2026 se
763 1983 997 2027 nominant
1024 1984 1079 2026 ei.

164 2068 290 2121 Item,
314 2066 383 2111 die
405 2068 529 2123 jovis,
561 2067 699 2124 prima
724 2068 884 2118 martii,
913 2068 1174 2125 interrogata
1189 2067 1418 2125 quomodo
1442 2069 1530 2126 ipsa
1543 2070 1621 2112 scit
1639 2068 1757 2126 quod

107 2164 169 2195 est
195 2152 260 2194 vir
280 2151 347 2194 vel
369 2151 540 2202 mulier,
557 2166 655 2209 quae
673 2151 751 2194 sibi
776 2164 948 2209 apparet
972 2168 981 2194 :
1013 2150 1233 2209 respondit
1262 2169 1270 2194 :
1302 2168 1322 2191 ‹<
1350 2152 1439 2210 Ego
1470 2151 1577 2196 bene
1604 2154 1695 2196 scio
1718 2164 1759 2196 et

108 2247 326 2291 cognosco
353 2232 444 2275 illas
462 2233 635 2276 Sanctas
658 2231 709 2275 ad
734 2247 860 2276 voces
894 2247 1042 2276 earum
1071 2249 1110 2285 »,
1139 2244 1181 2275 et
1208 2231 1327 2290 quod
1347 2232 1427 2276 sibi
1446 2233 1756 2277 revelaverunt.

109 2315 270 2359 Eadem
312 2317 574 2374 interrogata
609 2316 783 2374 qualem
817 2315 1000 2373 figuram
1034 2316 1122 2373 ipsa
1161 2315 1307 2359 videt:
1356 2316 1610 2374 respondit³
1641 2316 1759 2375 quod

110 2399 227 2443 videt
250 2399 419 2444 faciem.
450 2400 715 2457 Interrogata
741 2401 775 2443 si
810 2398 970 2443 habent
1009 2399 1183 2457 capillos
1209 2417 1216 2442 :
1248 2399 1506 2458 respondet:
1537 2417 1556 2440 «
1586 2401 1761 2444 Bonum

109 2496 172 2527 est
189 2485 294 2527 scire
325 2501 364 2536 »‚
396 2483 545 2540 gallice
572 2500 592 2523 ε(
622 2484 663 2527 Il
685 2493 740 2527 est
765 2483 835 2527 hon
859 2485 884 2526 ὰ
910 2485 1042 2527 savoir
1066 2500 1104 2526 ».
1134 2484 1399 2540 Interrogata
1420 2484 1455 2527 si
1488 2496 1576 2527 erat
1600 2483 1762 2543 aliquid

110 2568 219 2611 inter
239 2582 420 2612 coronas
444 2580 486 2611 et
507 2567 682 2621 capillos
714 2584 722 2610 z
752 2566 982 2624 respondet
1003 2566 1122 2625 quod
1144 2582 1250 2610 non.
1275 2568 1539 2626 Interrogata
1565 2569 1598 2611 si
1622 2567 1763 2626 capilli

109 2664 250 2694 essent
274 2650 430 2708 prolixi
457 2664 498 2694 et
520 2650 758 2709 pendentes
789 2667 796 2693 :
826 2649 1057 2708 respondet
1081 2662 1096 2682 4
1125 2667 1133 2694 z
1165 2666 1184 2690 «
1218 2651 1306 2708 Ego
1343 2651 1452 2694 nihil
1478 2652 1582 2695 scio.
1610 2669 1629 2691 »
1652 2652 1763 2695 Item

167 2830 375 2883 *Respond
401 2829 547 2883 qu’elle
578 2829 659 2868 s'en
694 2830 795 2868 tient
818 2830 864 2868 ad
890 2841 933 2868 ce
955 2828 1101 2883 qu'elle
1139 2843 1186 2868 en
1219 2842 1239 2868 a
1262 2829 1333 2868 dit.
1372 2832 1423 2869 Et
1445 2830 1487 2869 de
1518 2830 1718 2869 temeritate
1735 2835 1765 2868 et

117 2894 341 2934 conclusione
366 2894 532 2944 articuli,
561 2895 643 2934 s'en
669 2906 824 2948 raporte
845 2896 864 2933 a
889 2897 1033 2934 Nostre
1057 2895 1266 2947 Seigneu1·‚
1291 2909 1362 2934 son
1386 2897 1477 2948 juge
1503 2904 1524 2934 5.

174 3084 202 3109 1.
236 3076 266 3109 A
289 3085 300 3110 ,·
331 3076 536 3110 tricesimum
566 3079 736 3121 qum-tum.
758 3093 804 3101 —-
830 3085 864 3109 2.
889 3076 918 3109 Α
943 3075 1062 3121 aj0ute
1082 3075 1169 3111 dicta
1189 3075 1354 3120 johanna.
1401 3097 1420 3100 Α
1450 3085 1478 3120 3.
1503 3074 1535 3109 A
1558 3086 1567 3109 .·
1591 3074 1767 3122 respondet.

125 3144 159 3176 4.
190 3135 220 3168 A
249 3147 258 3167 :
286 3135 462 3182 respondit.
484 3155 530 3159 —
560 3145 589 3179 5.
618 3135 660 3173 U,
689 3133 748 3169 fol.
772 3134 828 3177 28,
847 3143 898 3168 νο.
