2099 3356
370 209 529 253 Pnocfis
562 223 618 252 DE
651 222 1004 252 CONDAMNATION
1041 222 1096 251 DE
1128 221 1293 264 JEANNE
1326 208 1452 250 D'ARC
1649 208 1728 263 187

86 323 163 369 fert
185 322 379 367 habitum
409 323 577 366 virilem
601 337 674 380 per
696 333 955 380 praeceptum
976 322 1070 375 Dei,
1089 336 1219 380 quare
1241 322 1328 379 ipsa
1348 321 1452 378 petit
1470 321 1689 363 camisiam
1718 329 1726 345 ¹

86 407 276 451 mulieris
309 408 352 449 in
377 406 558 450 articulo
584 407 761 450 mortis:
797 404 1018 464 respondit
1039 404 1157 463 quod
1175 404 1334 449 sufficit
1353 404 1432 447 sibi
1457 403 1575 462 quod
1602 404 1732 447 cami-

89 492 147 534 sia
173 498 185 515 ²
208 491 261 533 sit
289 490 432 547 longa.

146 614 243 656 XV.
276 632 295 655 «
327 613 451 667 ITEM,
489 629 587 657 cum
618 613 859 671 requisierit
887 610 995 655 dicta
1023 611 1223 668 Johanna
1245 610 1478 669 aliquando
1506 622 1547 653 et
1575 609 1732 667 pluries

87 696 206 756 quod
251 698 569 756 permitteretur
605 697 643 740 ei
684 695 835 740 audire
876 697 1069 749 missam,
1120 695 1285 738 monita
1329 693 1525 738 habitum
1565 692 1731 737 virilem

87 781 277 825 deserere
308 794 349 824 et
381 797 596 825 resumere
631 778 905 833 muliebrem,
935 778 1078 823 dando
1106 779 1141 822 ei
1164 794 1284 836 spem
1322 794 1394 835 per
1418 777 1578 835 judices
1615 776 1732 836 quod

84 864 383 909 admitteretur
409 862 460 908 ad
487 862 756 907 auditionem
794 862 935 907 missae
960 874 1000 905 et
1038 863 1398 905 communionem
1445 873 1734 905 sacramento-

88 965 203 1001 rum,
234 949 278 992 in
303 964 400 992 casu
437 963 526 1005 quo
557 947 684 991 vellet
720 946 936 990 dimittere
965 962 1016 989 ex
1036 958 1130 989 toto
1154 944 1349 989 habitum
1369 944 1536 988 virilem
1562 957 1603 988 et
1639 960 1735 988 mu-

87 1030 281 1092 liebrein
297 1047 483 1085 sumere,
521 1030 762 1074 secundum
803 1029 1044 1074 decentiam
1070 1030 1136 1073 sui
1178 1045 1322 1083 sexus,
1363 1029 1505 1072 noluit
1547 1029 1737 1086 acquies-

89 1132 206 1170 cere,
235 1116 407 1169 scilicet,
429 1115 504 1160 sed
529 1124 538 1145 ³
571 1131 658 1159 non
681 1116 1005 1158 communicare
1023 1114 1300 1157 sacramentis
1334 1125 1373 1156 et
1402 1111 1564 1156 divinis
1585 1111 1738 1156 officiis

92 1200 322 1258 praeelegit,
360 1215 491 1257 quam
532 1197 786 1255 hujusmodi
828 1197 1025 1242 habitum
1054 1196 1264 1251 deserere,
1294 1195 1502 1254 fingendo
1532 1195 1613 1240 boc
1650 1194 1739 1239 dis—

92 1283 244 1341 plicere
273 1283 382 1327 Deo.
410 1283 457 1326 In
483 1300 571 1341 quo
602 1283 773 1342 apparet
809 1283 1039 1340 pertinacia
1065 1283 1173 1339 ejus,
1203 1294 1243 1325 et
1272 1279 1492 1324 induratio
1521 1281 1564 1322 in
1605 1279 1736 1330 malo,

89 1366 278 1411 defectus
298 1366 497 1421 caritatis,
527 1366 818 1411 inobedientia
843 1365 893 1410 ad
911 1365 1140 1410 Ecclesiam
1161 1378 1202 1409 et
1220 1364 1471 1409 divinorum
1497 1380 1738 1407 sacramen-

90 1464 239 1495 torum-
261 1463 551 1509 contemptus.
580 1468 599 1490 ›>
1275 1440 1278 1443 ‚

148 1535 167 1556 *
188 1534 255 1579 Ad
284 1534 400 1579 hunc
427 1545 442 1568 4
478 1535 724 1587 articulum,
751 1533 862 1578 dicta
907 1532 974 1577 die
994 1535 1158 1586 martis,
1193 1547 1328 1576 xxvn.
1366 1532 1525 1583 martii,
1565 1547 1739 1590 respon-

90 1619 152 1664 dit
177 1627 186 1651 5
215 1619 415 1676 Johanna
443 1617 560 1678 quod
589 1620 725 1663 carius
753 1617 893 1677 diligit
920 1618 1033 1662 mori
1054 1634 1185 1676 quam
1210 1632 1407 1661 revocare
1429 1615 1471 1660 id
1501 1614 1618 1675 quod
1652 1617 1739 1674 ipsa

90 1703 189 1748 fecit
213 1702 264 1747 de
291 1716 502 1762 praecepto
528 1703 709 1747 Domini
733 1703 883 1747 nostri.

151 1788 275 1832 Dicta
299 1786 382 1839 die,
411 1789 669 1846 interrogata
702 1788 736 1831 si
764 1787 864 1831 velit
893 1785 1083 1830 deserere
1112 1784 1310 1829 habitum
1332 1783 1500 1828 virilem
1539 1800 1613 1841 pro
1662 1799 1741 1827 au-

91 1870 251 1916 diendo
294 1874 500 1916 missam:
536 1869 782 1930 respondet,
830 1882 1044 1929 quantum
1095 1868 1145 1913 ad
1182 1868 1377 1913 habitum
1416 1884 1547 1926 quem
1587 1866 1738 1920 defert,

92 1957 178 2014 ipsa
206 1972 295 1999 non
323 1954 514 1999 dimittet
535 1971 635 1999 eum
659 1953 798 1999 adhuc
821 1972 831 2009 3
877 1970 955 1998 nec
976 1966 1037 1997 est
1064 1955 1107 1996 in
1137 1969 1183 1997 ea
1211 1952 1463 1996 determino
1482 1951 1589 1996 infra
1608 1967 1738 2008 quem

49 2042 55 2049 “
92 2039 283 2083 dimittet
311 2055 429 2083 eum.

152 2125 276 2178 Item,
305 2122 454 2168 eadem
475 2122 559 2177 die,
588 2122 688 2167 dicit
716 2122 850 2182 quod,
881 2124 914 2166 si
942 2121 1103 2180 judices
1124 2120 1325 2180 irefutent
1346 2119 1425 2164 sibi
1451 2118 1501 2163 de
1523 2117 1740 2163 audiendo

95 2210 287 2261 missam,
314 2207 421 2251 bene
441 2220 504 2251 est
538 2208 580 2250 in
611 2208 807 2251 Domino
831 2219 978 2250 nostro
1010 2205 1061 2249 de
1082 2204 1279 2249 faciendo
1306 2205 1343 2248 ei
1371 2203 1534 2258 audire,
1566 2201 1741 2263 quando

95 2293 314 2352 placuerit,
338 2293 430 2336 sine
450 2292 563 2350 ipsis.

149 2430 166 2447 *
188 2428 320 2478 Quoad
341 2429 523 2468 decimum
540 2428 713 2482 quintum
744 2442 751 2466 z
780 2427 953 2480 respond
987 2425 1134 2479 qu’elle
1170 2438 1285 2478 ayme
1317 2424 1406 2477 plus
1442 2424 1552 2462 chier
1591 2424 1744 2461 mourir

96 2515 172 2555 que
195 2503 389 2554 revoquer
409 2514 453 2540 ce
478 2500 621 2554 qu’elle
642 2514 661 2538 a
686 2499 756 2539 fait
780 2499 831 2538 du
857 2498 1212 2538 commandement
1237 2497 1285 2536 de
1320 2497 1464 2535 Nostre
1493 2496 1688 2548 Seigneur
1709 2495 1740 2533 ⁶.

150 2574 404 2626 Inter-roguee
427 2571 534 2611 s’elle
553 2572 662 2611 veult
686 2571 821 2610 laisscr
845 2570 951 2609 l'abit
972 2570 1019 2609 de
1045 2570 1211 2608 homme
1236 2582 1338 2622 pour
1359 2581 1460 2619 ouyr
1486 2580 1636 2606 messe:
1666 2580 1743 2605 res-

98 2645 222 2698 pond,
260 2655 382 2698 quant
407 2644 427 2682 a
461 2644 567 2682 l'abit
589 2643 732 2697 qu’elle
766 2652 893 2696 porte,
935 2641 1010 2680 elle
1037 2655 1085 2680 ne
1110 2641 1145 2680 le
1176 2641 1472 2693 laissera-point
1507 2653 1679 2683 encore;
1708 2649 1745 2678 et

96 2717 190 2769 qu'il
214 2717 313 2755 n'est
334 2717 445 2769 point
466 2730 514 2755 en
535 2716 609 2755 elle
632 2716 683 2754 du
708 2724 831 2754 terme
854 2714 1001 2753 dedans
1026 2723 1149 2768 quant
1169 2712 1243 2751 elle
1265 2712 1300 2751 le
1327 2712 1498 2751 laissera.

151 2789 260 2836 Item,
285 2789 340 2827 dit
361 2801 453 2841 que,
487 2801 526 2827 se
551 2787 606 2826 les
630 2788 742 2840 juges
764 2786 832 2839 luy
850 2784 1025 2825 refusent
1049 2785 1097 2824 de
1115 2785 1209 2823 faire
1234 2797 1337 2836 ouyr
1358 2795 1500 2830 messe,
1525 2783 1551 2821 il
1576 2793 1633 2822 est
1653 2783 1742 2821 bien

97 2873 145 2899 en
170 2869 303 2899 nostre
323 2860 519 2913 Seigneur
539 2860 586 2898 de
611 2858 679 2912 luy
699 2857 794 2897 faire
816 2871 932 2912 ouyr,
957 2866 1081 2911 quant
1104 2856 1127 2895 il
1149 2856 1217 2909 luy
1243 2855 1380 2908 plaira,
1404 2868 1492 2894 sans
1517 2854 1606 2894 eulx
1632 2864 1660 2892 7.

152 3016 180 3039 1.
222 3004 252 3039 C
286 3016 296 3038 .·
327 3005 514 3038 cmuiseam.
541 3024 587 3028 —
616 3014 647 3037 2.
677 3003 708 3038 C
735 3015 743 3036 .·
774 3003 926 3037 camisea.
957 3022 1004 3027 -—
1033 3012 1064 3046 3.
1093 3001 1128 3045 Q
1153 3010 1254 3036 omet
1282 3000 1346 3034 sed.
1368 3011 1465 3042 ——4
1494 2999 1525 3033 A
1552 3011 1562 3032 .·
1582 2999 1742 3033 decimum

97 3066 264 3110 quintum.
288 3084 332 3089 —-
357 3073 386 3106 5.
410 3063 440 3097 A
466 3076 475 3097 .·
498 3064 674 3109 respondet.
710 3084 752 3087 -
783 3061 820 3096 6.
851 3062 916 3096 Ms.
946 3073 989 3095 en
1023 3073 1140 3107 marge
1165 3073 1171 3094 :
1201 3072 1271 3094 une
1298 3060 1412 3095 main.
1440 3080 1486 3084 -—
1515 3070 1546 3103 7.
1583 3059 1646 3092 Ms.
1669 3069 1741 3092 :en

101 3135 220 3169 marge
239 3137 245 3157 ι
266 3135 334 3157 une
357 3123 464 3157 main.
