2099 3356
360 197 520 241 PRoc'Es
552 211 608 239 DE
641 209 993 239 CONDAMNATION
1028 208 1084 236 DE
1115 208 1281 249 JEANNE
1315 193 1444 236 D'ARC
1670 197 1719 251 65

135 311 398 367 Interrogata
417 325 470 353 an
498 311 544 352 in
571 309 783 367 capitibus
807 306 1021 366 praedictis
1056 322 1157 350 cum
1185 307 1356 349 coronis
1389 318 1510 349 erant
1534 305 1652 349 anuli
1681 308 1725 348 iu

73 393 245 439 auribus
269 392 336 436 vel
364 392 464 436 alibi
490 410 497 436 :
527 391 747 451 respondit
774 408 782 434 :
805 407 824 431 (ε
855 391 944 448 Ego
967 389 1079 433 nihil
1100 390 1187 432 scio
1215 389 1266 432 de
1287 388 1386 432 hoc.
1415 407 1434 429 »

135 477 397 534 Interrogata
441 492 495 520 an
525 477 709 534 ipsamet
745 474 946 531 Johanna
984 472 1156 517 haberet
1189 472 1355 531 aliquos
1379 481 1388 498 ¹
1418 472 1571 516 anulos
1605 489 1613 515 :
1643 488 1729 516 res-

79 559 247 620 pondit,
292 558 514 618 loquendo
555 559 680 603 nobis
717 560 918 616 episcopo
944 557 1147 615 praedicto
1188 575 1196 600 :
1230 575 1250 597 ι(
1289 557 1379 600 Vos
1416 556 1578 600 habetis
1605 572 1627 599 a
1658 572 1728 600 me

79 660 243 699 unum3
278 643 440 688 reddite
480 643 605 687 mihi.
652 660 671 683 >›
704 644 813 686 Item
852 641 955 686 dicit
982 640 1101 700 quod
1137 639 1360 698 Burgundi
1393 639 1552 684 habent
1593 641 1728 684 alium

81 728 278 772 anulum.
306 728 356 771 Et
381 728 532 786 petivit
556 742 578 770 a
600 725 725 770 nobis
748 724 883 784 quod,
903 726 937 768 si
962 720 1219 769 haberemus
1247 723 1501 783 praedictum
1526 724 1725 778 anulum,

82 810 408 856 ostenderemus
428 812 482 854 ei.

142 896 405 952 Interrogata
426 895 522 953 quis
543 892 660 937 dedit
680 892 760 936 sibi
787 892 970 937 anulum
996 908 1129 950 quem
1157 891 1318 935 habent
1351 891 1575 949 Burgundi
1604 910 1612 936 :
1646 908 1731 935 res-

83 977 236 1038 pondit
276 977 395 1037 quod
429 991 547 1036 pater
575 979 683 1035 eju8‚
717 976 785 1021 vel
821 989 977 1030 mater3
1006 988 1048 1019 et
1083 974 1253 1019 videtur
1289 977 1326 1019 ei
1360 975 1478 1034 quod
1514 975 1571 1019 ibi
1611 988 1731 1019 erant

84 1063 238 1120 scripta
263 1062 353 1105 haec
377 1063 559 1106 nomina
585 1062 743 1117 JHEsth
777 1061 956 1114 MAR1A3
991 1061 1124 1103 nescit
1147 1060 1243 1118 quis
1264 1059 1364 1103 fecit
1387 1058 1530 1113 scribi,
1568 1075 1646 1103 nec
1674 1059 1730 1102 ibi

82 1154 198 1191 erat²
236 1146 391 1205 aliquis
418 1145 537 1205 lapis,
566 1158 615 1190 ut
665 1146 703 1188 ei
748 1143 940 1198 videtur3
966 1143 1136 1202 fuitque
1166 1142 1246 1187 sibi
1279 1142 1402 1186 datus
1441 1142 1556 1187 idem
1578 1143 1732 1187 anulus

83 1229 193 1289 apud
218 1230 367 1274 villam
394 1229 446 1274 de
481 1230 728 1288 Dompremz'.
765 1229 873 1272 Item
915 1227 1017 1272 dicit
1053 1226 1172 1286 quod
1198 1226 1326 1271 frater
1357 1244 1459 1271 suus
1498 1226 1616 1271 dedit
1654 1227 1733 1271 sibi

81 1314 214 1358 alium
248 1313 432 1358 anulum
460 1330 592 1373 quem
626 1312 890 1356 habebamus
913 1325 954 1356 et
987 1311 1106 1370 quod
1147 1327 1226 1355 nos
1262 1311 1465 1355 onerabat
1497 1311 1549 1355 de
1589 1310 1734 1355 dando

83 1399 225 1457 ipsum
244 1398 445 1442 ecclesiae.
474 1399 581 1442 Item
605 1396 707 1441 dicit
727 1396 845 1456 quod
862 1412 1089 1455 nunquam
1108 1397 1272 1439 sanavit
1299 1411 1624 1454 quamcumque
1644 1411 1735 1454 per-

84 1497 236 1526 sonam
258 1480 309 1525 de
335 1481 483 1541 aliquo
510 1481 742 1526 anulorum
766 1497 962 1524 suorum.

142 1567 404 1624 Interrogata
431 1582 484 1609 an
508 1578 663 1610 sanctae
684 1565 919 1608 Katharina
940 1576 981 1608 et
1003 1565 1240 1621 Margareta
1261 1564 1414 1607 locutae
1442 1576 1544 1607 sunt
1565 1580 1666 1608 cum
1688 1579 1735 1607 ea

86 1649 165 1694 sub
191 1650 357 1703 arbore,
396 1649 447 1693 de
483 1666 568 1708 qua
607 1651 804 1708 superius
831 1647 880 1692 fit
908 1649 1075 1692 mentio
1109 1665 1117 1691 :
1150 1647 1372 1706 respondit
1407 1662 1414 1691 :
1457 1666 1475 1686 «
1508 1649 1597 1706 Ego
1625 1647 1735 1691 nihil

88 1735 189 1779 scio.
216 1751 236 1774 >³

141 1819 405 1877 Interrogata
424 1819 474 1872 si,
495 1816 609 1875 apud
625 1816 793 1861 fontem
808 1818 883 1874 qui
905 1829 967 1860 est
982 1818 1099 1875 juxta
1115 1816 1328 1870 arborem,
1343 1815 1556 1874 praedictae
1569 1817 1735 1860 Sanctae

82 1902 238 1947 locutae
262 1914 363 1945 sunt
385 1918 484 1945 cum
511 1916 558 1945 ea
580 1918 587 1944 :
626 1899 848 1959 respondit
881 1900 1000 1959 quod
1027 1901 1101 1954 sic,
1132 1913 1174 1944 et
1208 1899 1326 1959 quod
1353 1899 1518 1944 audivit
1546 1916 1613 1944 eas
1648 1900 1734 1954 ibi;

16 1981 31 1998 '⁴
69 1985 155 2048 *sed
181 1984 286 2044 quid
314 1984 391 2029 sibi
413 1998 518 2029 tunc
539 1984 757 2037 dixerunt,
785 1986 935 2028 nescit.

145 2069 410 2126 Interrogata
441 2067 547 2127 quid
581 2067 742 2113 eaedem
779 2069 942 2112 Sanctae
972 2068 1051 2111 sibi
1078 2069 1386 2126 promiserunt,
1424 2069 1511 2111 sive
1538 2067 1611 2117 ibi,
1650 2068 1738 2110 sive

91 2152 189 2196 alibi
224 2170 231 2196 :
263 2151 484 2211 respondit
507 2151 626 2211 quod
652 2152 817 2196 nullam
840 2151 920 2195 sibi
947 2153 1283 2210 promissionem
1311 2151 1521 2205 fecerunt,
1547 2152 1628 2194 nisi
1656 2151 1737 2195 hoc

89 2235 218 2280 fuerit
241 2252 315 2295 per
336 2236 554 2280 licentiam
576 2237 673 2280 Dei.

147 2320 412 2377 Interrogata
438 2319 584 2378 quales
599 2320 909 2378 promissiones
929 2318 1009 2362 sibi
1031 2318 1226 2363 fecerunt
1246 2327 1256 2351 3
1281 2336 1289 2362 :
1314 2318 1536 2377 respondit
1556 2336 1565 2362 ς
1600 2334 1620 2357 ((
1645 2320 1740 2362 Hoc

91 2419 179 2447 non
215 2416 278 2447 est
311 2402 363 2447 de
395 2416 535 2447 vestro
570 2418 769 2462 processu
790 2412 807 2435 4
831 2419 882 2446 ex
903 2415 1013 2446 toto.
1050 2419 1070 2442 >)
1097 2404 1147 2446 Et
1167 2402 1219 2446 de
1248 2402 1463 2461 aliquibus
1491 2402 1632 2456 rebus,
1661 2402 1739 2445 sibi

91 2485 292 2531 dixerunt
322 2486 440 2545 quod
481 2503 552 2530 rex
588 2503 691 2531 suus
743 2487 1038 2530 restitueretur
1085 2488 1129 2529 in
1175 2502 1360 2545 regnum
1407 2503 1553 2540 suum,
1606 2486 1741 2529 velint

91 2566 320 2611 adversarii
361 2569 452 2625 ejus
486 2581 559 2611 aut
595 2568 753 2612 nolint.
795 2568 911 2611 Dicit
948 2568 1078 2610 etiam
1118 2566 1235 2625 quod
1275 2568 1568 2624 promiserunt
1604 2568 1741 2625 ipsam

89 2650 333 2705 Johannam
364 2651 605 2695 conducere
626 2653 670 2695 in
697 2651 961 2709 paradisum,
987 2664 1029 2694 et
1056 2652 1115 2694 ita
1140 2650 1191 2694 ab
1219 2651 1277 2693 eis
1305 2651 1542 2709 requisivit.

145 2735 408 2793 Interrogata
436 2736 470 2778 si
503 2735 699 2779 habuerit
724 2734 854 2778 aliam
882 2735 1219 2793 promissionem
1250 2747 1258 2776 ἰ
1289 2734 1512 2792 respondit
1540 2733 1658 2792 quod
1680 2748 1742 2777 est

155 3012 184 3035 1.
212 3001 247 3046 Q
263 3010 361 3036 omet
378 3002 518 3049 aliquos.
534 3024 577 3028 —
600 3013 632 3036 2.
653 3003 720 3038 AC
741 3015 751 3036 .·
772 3008 841 3036 erat
861 3003 919 3036 ibi.
933 3023 974 3027 -—
1001 3012 1030 3047 3.
1059 3002 1094 3046 Q
1118 3002 1305 3047 .·fhce1·a71t.
1328 3022 1374 3026 —
1394 3012 1428 3044 4.
1458 3002 1489 3035 Α
1516 3015 1525 3035 .·
1545 3002 1582 3035 de
1597 3008 1745 3048 processu

102 3065 208 3095 vestro
224 3074 235 3102 ;
256 3061 286 3096 C
307 3074 317 3095 .·
332 3068 482 3108 processu
501 3062 538 3096 de
553 3068 672 3096 vestro.

188 3139 313 3168 Paocts
331 3149 373 3169 DE
395 3140 523 3179 JEANNE
546 3141 652 3169 D'ARc
1644 3150 1652 3174 ἦ
