2099 3356
385 176 463 206 112
657 163 816 206 PROCf-:S
848 177 905 206 DE
936 176 1287 206 CONDAMNATION
1323 177 1379 207 DE
1410 178 1576 219 JEANNE
1610 163 1738 207 D'ARC

381 275 460 319 hoc
478 277 601 334 signo
632 286 659 318 ¹.
692 278 743 320 Et
773 293 872 321 cum
895 276 992 331 hoc,
1014 278 1102 335 ipse
1127 277 1305 335 angelus
1325 277 1465 322 eidem
1491 280 1578 336 regi
1604 295 1684 323 suo
1708 278 1934 323 reducebat
1967 278 2018 323 ad

377 361 634 404 memoriam
671 360 894 419 pulchram
935 362 1185 420 patientiam
1217 377 1348 419 quam
1394 363 1482 420 ipse
1531 361 1724 414 habebat,
1774 361 2038 430 secundum'

375 459 550 501 magnas
583 443 882 488 tribulationes
912 460 1008 503 quae
1044 445 1122 502 ipsi
1149 446 1432 503 contigerant.
1463 445 1513 490 Et
1547 444 1697 504 depost
1720 447 1898 497 ostium,
1928 447 2016 504 ipse

373 527 548 585 angelus
574 539 588 556 2
627 527 897 584 gradiebatur
933 540 973 571 et
1011 527 1096 572 ibat
1127 545 1255 587 super
1287 540 1460 583 terram,
1504 528 1718 574 veniendo
1758 528 1811 574 ad
1849 528 2014 574 dictum

372 625 517 667 regem
541 626 686 654 suum.

432 694 696 753 Interrogata
722 694 846 753 quale
870 695 1055 752 spatium
1080 708 1167 740 erat
1193 695 1244 740 ab
1279 697 1391 741 ostio
1421 712 1558 756 usque
1585 695 1635 740 ad
1669 696 1831 751 locum,
1854 697 1898 740 in
1926 711 2012 755 quo

375 789 478 821 tunc
504 790 591 822 erat
617 777 757 822 dictus
794 794 865 822 rex
897 795 1000 823 suus
1027 796 1034 822 :
1067 778 1285 838 respondit
1311 779 1444 839 quod,
1469 793 1596 839 prout
1614 779 1760 835 credit,
1790 779 1899 835 bene
1925 791 2013 824 erat

374 862 558 918 spatium
598 861 883 919 longitudinis
921 864 1052 907 unius
1090 863 1273 918 lanceae3
1314 876 1355 907 et
1388 879 1461 923 per
1495 880 1627 922 quern
1664 864 1811 908 locum'
1840 874 2014 907 venerat

371 943 569 1002 praefatus
585 945 778 1003 angelus,
802 961 876 1004 per
893 946 1097 991 eumdem
1118 962 1310 992 reversus
1331 960 1407 991 est.
1427 947 1535 991 Item
1558 947 1660 992 dicit
1679 946 1812 1007 quod,
1835 944 2011 1006 quando

370 1027 484 1072 idem
509 1029 688 1087 angelus
708 1030 840 1084 venit,
870 1031 958 1088 ipsa
985 1031 1208 1074 associavit
1238 1046 1355 1081 eum,
1385 1043 1425 1074 et
1449 1031 1525 1074 ivit
1550 1047 1651 1075 cum
1679 1046 1731 1075 eo
1758 1046 1831 1088 per
1856 1029 2011 1089 gradus

366 1110 415 1155 ad
456 1128 668 1156 cameram
711 1114 817 1170 regis
851 1115 949 1167 sui;
989 1126 1028 1157 et
1068 1115 1241 1157 intravit
1280 1115 1422 1172 primo
1472 1114 1666 1173 angelus,
1721 1113 1874 1158 deinde
1920 1115 2010 1173 ipsa

365 1194 627 1250 Johanna³;
674 1195 867 1254 dixitque
904 1198 992 1255 ipsa
1035 1196 1233 1253 Johanna
1260 1207 1274 1230 ⁴
1327 1199 1413 1255 regi
1452 1213 1531 1242 suo
1567 1215 1575 1241 :
1616 1214 1635 1237 «
1667 1198 1874 1252 Domine,
1915 1212 2008 1241 ecce

365 1278 539 1335 signum
560 1292 780 1334 vestrum3
809 1281 980 1338 capiatis
1007 1281 1165 1338 ipsum.
1193 1296 1212 1318 >)

427 1362 690 1421 Interrogata
714 1379 802 1421 quo
824 1363 918 1407 loco
945 1364 1119 1422 angelus
1146 1365 1340 1422 apparuit
1360 1365 1438 1422 ipsi
1461 1364 1670 1421 Johannae
1704 1381 1712 1408 :
1749 1363 1970 1423 respondit
1995 1379 2003 1407 :

370 1460 389 1482 «
417 1444 506 1503 Ego
528 1461 642 1489 eram
667 1447 787 1504 quasi
808 1462 975 1505 semper
995 1448 1039 1490 in
1059 1449 1252 1491 oratione
1273 1461 1318 1491 ut
1340 1448 1457 1493 Deus
1474 1449 1660 1492 mitteret
1681 1449 1855 1506 signum
1873 1448 2005 1505 ipsius

368 1529 489 1586 regis,
519 1542 559 1572 et
589 1538 599 1563 5
641 1545 756 1573 eram
788 1531 830 1573 in
870 1530 1060 1589 hospitio
1096 1547 1211 1585 meo,
1242 1532 1284 1574 in
1314 1531 1448 1575 domo
1475 1533 1606 1576 unius
1636 1532 1761 1576 bonae
1796 1531 2002 1584 mulieris,

361 1790 410 1816 en
434 1792 472 1817 se
492 1778 685 1818 inclinant
710 1780 853 1818 devant
877 1780 959 1833 luy,
990 1790 1027 1819 et
1048 1790 1299 1834 prononcant
1324 1780 1378 1819 les
1407 1780 1576 1834 parolles
1599 1779 1742 1834 qu’elle
1761 1793 1780 1818 a
1801 1780 1923 1819 dictes
1947 1778 2000 1818 du

361 1850 470 1901 signe
490 1865 498 1898 3
519 1860 557 1889 et
574 1864 667 1889 avec
693 1864 736 1890 ce
761 1851 828 1903 luy
849 1852 1111 1890 ramentevoit
1132 1851 1167 1890 la
1200 1851 1301 1891 belle
1326 1852 1513 1905 pacience
1545 1851 1640 1905 qu'il
1665 1853 1772 1890 avoit
1797 1864 1861 1899 eu,
1886 1850 1998 1890 selon

360 1920 415 1959 les
434 1922 602 1974 grandes
626 1922 882 1961 tribulacions
907 1924 974 1976 qui
1009 1923 1076 1975 lu)v
1100 1924 1271 1962 estoient
1299 1937 1473 1971 venues;
1507 1933 1545 1962 et
1568 1923 1708 1976 depuis
1730 1922 1831 1976 l'uys
1850 1922 1876 1961 il
1898 1935 2001 1961 mar-

358 1993 467 2032 choit
485 2003 521 2032 et
537 1995 655 2033 erroit
678 2008 742 2032 sur
761 1993 795 2032 la
816 2004 932 2041 terre,
954 2008 1003 2033 eu
1031 2005 1176 2033 venant
1197 2009 1245 2033 au
1269 2008 1353 2048 roy.

413 2065 670 2118 Interroguee
701 2066 830 2119 quelle
861 2080 999 2119 espace
1027 2066 1051 2104 il
1083 2067 1189 2105 ax-oit
1219 2066 1266 2105 de
1298 2066 1398 2118 l’uys
1421 2067 1582 2119 jusques
1603 2080 1651 2105 au
1676 2080 1776 2119 roy:
1807 2066 1994 2119 respond,

358 2148 518 2175 comme
542 2136 616 2175 elle
638 2151 774 2190 pense,
803 2137 828 2176 il
848 2151 872 2190 y
893 2138 999 2176 ax'oit
1023 2137 1114 2176 bien
1139 2151 1278 2191 espace
1305 2137 1407 2176 dela
1427 2137 1625 2190 longueur
1651 2137 1770 2176 d'une
1795 2136 1926 2187 lance3
1955 2146 1992 2177 et

359 2221 428 2259 par
446 2210 498 2246 ou
524 2208 548 2246 il
572 2209 688 2247 estoit
708 2223 825 2254 vcnu,
851 2208 931 2247 s'en
955 2219 1153 2248 retourna.

412 2281 522 2327 Item,
545 2280 601 2318 dit
626 2294 717 2333 que,
742 2290 865 2333 quant
883 2280 1026 2333 l’angle
1048 2282 1147 2328 vint,
1165 2280 1240 2319 elle
1263 2281 1568 2334 l'acompaigna,
1590 2291 1627 2320 et
1645 2280 1701 2319 ala
1724 2294 1817 2320 avec
1842 2280 1908 2334 luy
1930 2295 1998 2334 par

358 2349 414 2390 les
439 2351 578 2405 degres
602 2352 622 2390 a
646 2351 682 2390 la
706 2351 893 2391 chambre
921 2352 973 2390 du
1004 2366 1090 2405 roy,
1111 2362 1148 2391 et
1172 2362 1280 2390 entra
1304 2352 1432 2405 l'ange
1459 2353 1493 2390 le
1518 2352 1714 2404 premier3
1744 2361 1781 2391 et
1812 2353 1901 2406 puis
1922 2352 1996 2391 elle

355 2436 526 2462 mesmes
545 2422 601 2461 dit
619 2436 666 2461 au
686 2436 759 2476 roy
782 2437 789 2460 :
817 2439 835 2458 «
857 2423 956 2469 Sire,
979 2423 1066 2462 vela
1082 2433 1214 2462 vostre
1230 2424 1356 2476 signe,
1374 2436 1515 2476 prenez
1535 2422 1610 2475 lay.
1639 2440 1655 2458 »

410 2495 664 2548 Interroguee
686 2508 735 2533 en
758 2494 848 2547 quel
873 2494 952 2533 lieu
972 2494 998 2532 il
1015 2504 1179 2548 apparut
1203 2495 1223 2533 a
1244 2494 1344 2533 elle:
1367 2494 1539 2547 respond
1563 2508 1571 2532 ε
1599 2510 1617 2530 ι(
1635 2493 1797 2543 J'estoie
1821 2508 1990 2548 presque

357 2567 558 2619 tous-jours
582 2580 630 2604 en
656 2566 797 2619 priere,
824 2565 899 2604 afin
925 2579 1000 2619 que
1023 2567 1125 2605 Dieu
1147 2566 1387 2619 envoyastle
1409 2567 1519 2619 signe
1541 2566 1593 2604 du
1612 2579 1683 2618 roy
1702 2581 1711 2615 3
1737 2575 1774 2605 et
1797 2566 1920 2605 estoie
1944 2580 1993 2605 en

354 2649 449 2675 mon
474 2637 644 2689 lougeis‚
676 2638 742 2690 qui
765 2647 821 2676 cst
855 2637 997 2676 chieux
1026 2651 1105 2676 une
1129 2637 1262 2677 bonne
1284 2637 1431 2676 femme
1456 2642 1542 2690 pres
1567 2638 1619 2677 du
1648 2637 1796 2677 chastel
1827 2638 1874 2677 de
1896 2638 1991 2677 Chi-

404 2897 433 2921 1.
455 2887 553 2922 ABC
572 2899 615 2922 en
633 2899 753 2934 marge
777 2900 783 2922 :
805 2888 859 2922 De
880 2900 1009 2923 corona.
1029 2909 1076 2914 —-
1096 2899 1128 2923 2.
1146 2888 1241 2924 ΑΒΕ
1260 2900 1303 2924 en
1322 2901 1440 2935 marge
1464 2900 1471 2924 ς
1494 2888 1545 2923 De
1559 2888 1673 2935 angelo
1689 2889 1747 2935 qui
1765 2888 1882 2923 attulit
1899 2899 1989 2923 coro-

353 2958 445 2981 nam.
469 2967 514 2972 ——
538 2958 570 2992 3.
589 2947 625 2991 Q
649 2957 746 2982 omer
768 2948 930 2991 Johanna.
953 2969 998 2973 ——
1030 2959 1064 2991 4.
1086 2947 1154 2982 AC
1182 2957 1355 2983 omettent
1376 2948 1526 2992 Johannrz
1555 2957 1588 2983 et
1616 2949 1775 2995 ajoutent
1799 2949 1915 2985 eidem.
1943 2948 2009 2974 —'

356 3015 385 3048 5.
422 3006 452 3040 C
483 3015 579 3040 ornet
609 3006 680 3053 Ego
711 3018 800 3043 eram
829 3009 923 3053 quasi
951 3014 1073 3054 semper
1103 3010 1137 3041 in
1168 3009 1315 3042 oratione
1348 3013 1383 3041 ul
1415 3008 1503 3041 Deus
1534 3009 1678 3041 mitteret
1715 3008 1848 3053 signum
1886 3007 2002 3053 ipsius-

355 3066 453 3109 regis,
476 3071 515 3099 et.
