2099 3356
373 167 529 212 Pssociz's
562 181 618 210 DE
649 179 1002 210 CONDAMNATION
1037 180 1093 209 DE
1124 181 1290 222 JEANNE
1322 167 1449 211 D’ARc
1651 182 1725 223 191

88 281 306 339 promisit:
332 281 523 338 primum
549 277 668 338 quod
697 279 854 322 levaret
871 278 1143 323 obsidionem
1171 280 1549 334 Aurelianensem3
1576 297 1732 324 secun-

88 363 193 408 dum
212 363 329 422 quod
349 363 502 408 faceret
526 379 628 407 eum
651 363 847 407 coronari
890 364 1064 416 Remis;
1109 376 1149 407 et
1191 366 1366 408 tertium
1399 363 1517 423 quod
1545 363 1734 408 vindica-

89 460 152 492 ret
172 463 274 491 eum
296 446 347 491 de
365 448 453 491 suis
489 446 752 500 adversariis,
786 462 947 505 eosque
978 462 1132 490 omnes
1162 463 1238 491 sua
1270 461 1356 492 arte
1401 460 1475 492 aut
1524 447 1733 492 interfice-

33 517 36 521 *
87 543 164 584 ret,
193 544 266 575 aut
285 531 511 590 expelleret
530 529 580 574 de
601 530 682 574 hoc
709 546 857 588 regno,
886 543 973 574 tam
989 530 1196 587 Anglicos
1218 547 1350 589 quam
1378 531 1654 589 Burgundos.
1682 533 1731 575 Et

87 613 138 658 de
160 616 249 658 istis
271 616 492 672 promissis
521 614 679 673 pluries
713 626 753 658 et
781 615 824 658 in
854 613 1049 671 pluribus
1071 615 1175 658 locis
1200 614 1368 673 publice
1400 615 1509 659 dicta
1533 615 1734 671 johanna

86 714 129 742 se
157 699 355 756 jactavit;
403 715 516 756 quae,
548 711 595 742 ut
630 700 768 756 major
802 697 907 742 fides
932 696 1209 742 adhiberetur
1231 697 1354 742 dictis
1384 713 1424 743 et
1472 699 1589 743 factis
1628 700 1730 752 suis,

89 795 192 826 tunc
241 796 282 826 et
332 781 535 840 deinceps
572 781 820 841 frequenter
858 797 934 825 usa
979 794 1041 825 est
1083 781 1444 837 divinationibus,
1495 782 1735 841 detegendo

90 882 246 919 mores,
275 868 405 910 vitam
435 879 475 910 et
502 866 667 910 occulta
694 864 798 909 facta
819 865 1066 923 aliquorum
1089 867 1361 910 venientium
1384 866 1435 910 ad
1464 868 1735 925 praesentiam

88 966 227 1004 suam,
257 966 368 1008 quos
389 962 511 994 antea
533 966 622 993 non
650 961 829 993 noverat
848 965 987 1007 neque
999 949 1176 1001 viderat,
1201 950 1397 1008 jactando
1410 968 1452 995 se
1469 951 1536 995 illa
1556 967 1738 1009 cognos-

91 1049 183 1077 cere
211 1049 285 1092 per
308 1033 634 1078 revelationem.
666 1052 684 1071 »

149 1117 168 1137 *
187 1117 253 1161 Ad
292 1118 407 1162 hunc
433 1127 443 1144 ¹
468 1117 696 1162 articulum
723 1124 737 1142 2
767 1116 997 1175 respondet
1021 1118 1248 1173 ³Johanna
1271 1135 1313 1162 se
1336 1131 1525 1177 portasse
1548 1136 1660 1164 nova
1688 1135 1738 1163 ex

92 1215 207 1261 parte
221 1203 301 1245 Dei
315 1203 401 1261 regi
422 1218 517 1255 suo,
541 1200 660 1259 quod
683 1201 902 1245 Dominus
919 1214 1064 1245 noster
1084 1201 1281 1251 redderet
1303 1202 1382 1246 sibi
1407 1219 1589 1262 regnum
1608 1220 1737 1247 suum

91 1286 291 1340 Franciae,
318 1286 472 1330 faceret
492 1301 595 1329 eum
617 1286 813 1328 coronari
841 1286 987 1330 Remis
1017 1297 1059 1329 et
1078 1286 1306 1344 expelleret
1329 1304 1431 1331 suos
1459 1288 1736 1332 adversarios.

92 1371 143 1422 Et
164 1369 215 1414 de
237 1371 318 1414 hoc
342 1370 423 1413 fuit
444 1371 597 1414 nuntia
622 1385 672 1413 ex
699 1382 814 1429 parte
836 1371 933 1424 Dei,
959 1369 1039 1414 sibi
1068 1368 1252 1415 dicendo
1279 1371 1396 1429 quod
1425 1388 1519 1416 eam
1561 1386 1739 1431 poneret

92 1453 291 1498 audacter
330 1455 372 1497 in
415 1470 560 1511 opere,
588 1467 629 1497 et
668 1453 787 1513 quod
832 1453 990 1498 levaret
1035 1453 1309 1498 obsidionem
1362 1456 1736 1501 Aurelianensem.

91 1539 200 1583 Item
222 1537 331 1582 dixit
357 1537 473 1597 quod
489 1539 577 1596 ipsa
606 1537 864 1597 loquebatur
891 1537 941 1582 de
963 1550 1058 1582 toto
1080 1554 1229 1596 regno,
1255 1553 1295 1583 et
1319 1539 1453 1598 quod,
1480 1542 1512 1584 si
1535 1541 1742 1586 dominus

94 1622 354 1680 Burgundiae
392 1635 433 1666 et
464 1622 534 1666 alii
561 1621 722 1666 subditi
751 1623 871 1680 regni
901 1638 990 1665 non
1016 1624 1216 1666 venirent
1242 1622 1293 1666 ad
1318 1622 1628 1678 obedientiam,
1671 1641 1741 1670 rex

93 1724 196 1753 suus
222 1723 294 1765 per
315 1707 403 1750 vim
424 1706 578 1751 faceret
598 1722 671 1750 eos
694 1707 855 1749 venire.
882 1707 991 1749 Item
1015 1705 1134 1760 dixit,
1171 1720 1387 1765 quantum
1413 1708 1463 1752 ad
1488 1708 1619 1753 finem
1644 1711 1742 1753 arti-

95 1791 196 1846 culi,
225 1791 276 1835 de
318 1789 620 1847 cognoscendo
664 1789 902 1834 Robertum
952 1789 1003 1833 de
1038 1785 1307 1836 Ba'udricom‘t
1337 1805 1377 1835 et
1411 1808 1555 1851 regem
1589 1810 1735 1847 suum,

96 1875 213 1936 quod
239 1877 326 1934 ipsa
350 1891 392 1918 se
414 1873 619 1918 referebat
640 1872 691 1917 ad
714 1874 795 1917 hoc
822 1873 938 1932 quod
962 1874 1062 1919 alias
1083 1891 1210 1932 super
1235 1875 1317 1920 hoc
1344 1876 1620 1934 responderat
1648 1889 1679 1923 4.

155 1961 237 2003 Die
268 1960 391 2017 jovis,
417 1973 523 2001 xxti.
554 1957 770 2012 februarii,
799 1957 989 2002 confessa
1021 1957 1103 2003 fuit
1130 1959 1263 2017 quod,
1290 1961 1465 2019 quando
1502 1963 1590 2020 ipsa
1624 1966 1743 2007 venit

150 2169 167 2187 ²⁸
190 2169 322 2217 Quoad
337 2168 520 2208 decimmn
543 2167 738 2222 septimum
767 2181 774 2206 :
802 2167 976 2220 respond
1002 2168 1145 2221 qu'elle
1167 2168 1349 2210 confesse
1374 2171 1519 2224 qu'elle
1550 2183 1662 2226 porta
1690 2173 1744 2214 les

98 2240 305 2281 nouvelles
351 2240 398 2279 de
432 2253 500 2293 par
544 2240 646 2280 Dieu
681 2240 701 2277 ἐι
736 2253 810 2278 son
842 2253 926 2292 roy,
963 2253 1040 2293 que
1065 2250 1199 2281 nostre
1239 2242 1324 2281 Sire
1361 2242 1417 2282 lui
1458 2245 1633 2285 rendroit
1672 2260 1743 2285 son

98 2327 304 2367 royaume,
346 2312 381 2351 le
416 2311 534 2351 feroit
570 2325 798 2350 couronner
819 2312 838 2349 ὰ
865 2312 999 2359 Rains,
1035 2322 1072 2351 et
1103 2322 1251 2352 mectre
1285 2313 1378 2353 hors
1402 2329 1463 2354 ses
1486 2317 1741 2357 adversaires.

100 2386 145 2424 Et
172 2385 219 2441 de
252 2398 295 2423 ce
327 2399 375 2423 en
399 2383 459 2423 fut
493 2384 709 2437 messagier
733 2383 779 2422 de
805 2397 873 2436 par
912 2384 1014 2422 Dieu
1039 2391 1046 2413 ἰ
1069 2399 1078 2432 ;
1119 2395 1156 2424 et
1174 2384 1268 2438 qu’il
1291 2385 1326 2425 la
1358 2387 1474 2427 meist
1496 2389 1744 2429 hardiement

100 2470 147 2495 en
180 2469 345 2504 oeuvre3
378 2465 416 2494 et
443 2455 587 2509 qu'elle
613 2455 778 2494 leveroit
801 2454 835 2493 le
862 2456 969 2508 siege
994 2455 1043 2494 dc
1069 2455 1254 2495 Orleans.

154 2529 264 2575 Ilem,
292 2528 348 2566 dit
372 2527 516 2581 qu'elle
547 2527 667 2566 disoit
700 2535 786 2566 tout
810 2526 845 2565 le
869 2540 1074 2581 royaume,
1114 2537 1150 2567 et
1183 2542 1275 2582 que,
1312 2543 1352 2568 se
1375 2531 1661 2585 monseigneur
1697 2534 1744 2572 de

103 2601 372 2653 Bourgongne
394 2608 432 2638 et
467 2598 522 2637 les
553 2608 682 2638 autres
707 2597 894 2651 subgectz
931 2598 983 2637 du
1018 2613 1207 2652 royaume
1239 2614 1288 2639 ne
1311 2601 1503 2641 venoient
1534 2617 1582 2642 en
1617 2604 1746 2644 obe'is-

101 2685 233 2719 sance,
256 2685 332 2724 que
355 2670 389 2709 le
415 2684 487 2723 roy
511 2669 565 2709 les
590 2684 614 2722 y
638 2669 755 2708 feroit
776 2670 888 2709 venir
913 2684 980 2723 par
1004 2669 1126 2710 force.

155 2743 248 2781 Item
270 2742 341 2789 dit,
363 2751 485 2796 quant
504 2742 524 2780 ἐι
544 2741 579 2780 la
600 2741 654 2780 fin
677 2742 724 2780 de
746 2741 922 2789 l’article‚
947 2742 994 2780 de
1031 2744 1289 2797 congnoistre
1318 2745 1464 2785 Robert
1483 2756 1520 2786 et
1538 2761 1611 2787 son
1638 2763 1735 2803 roy:

102 2815 274 2867 respond
297 2829 303 2852 :
328 2831 346 2850 «
372 2815 416 2863 Je
442 2813 545 2853 m’en
567 2814 647 2852 tien
669 2813 715 2852 ad
738 2827 781 2852 ce
803 2827 880 2867 que
899 2813 1106 2853 autresfois
1128 2814 1203 2867 j'en
1225 2829 1272 2869 ay
1291 2818 1493 2871 respondu
1515 2820 1544 2857 ⁶.
1573 2837 1590 2856 >›

158 3027 186 3050 1.
217 3016 248 3051 A
284 3029 292 3049 .·
322 3008 485 3051 decim'um.
517 3017 703 3062 septimum.
737 3036 785 3043 —-
814 3026 847 3050 2.
871 3016 901 3050 A
923 3007 1237 3052 omet'articulum.
1262 3039 1305 3043 —-
1331 3030 1359 3063 3.
1391 3021 1422 3054 A
1441 3021 1559 3066 ajoute
1583 3023 1682 3057 dicta.
1714 3045 1749 3049 w-

108 3086 139 3118 4.
163 3076 192 3109 A
211 3088 220 3109 .·
239 3076 454 3122 respondent.
478 3097 522 3100 -—
545 3086 573 3119 5.
591 3075 660 3109 Ms.
681 3087 724 3109 en
747 3087 884 3119 marge:
916 3075 1016 3121 Vray.
1038 3097 1079 3100 ——
1109 3076 1142 3110 6.
1177 3077 1218 3119 U,
1242 3078 1303 3113 fol.
1329 3081 1385 3122 28,
1403 3090 1448 3115 r0.
