2099 3356
311 180 393 234 364
590 175 750 219 PRoc'Es
782 189 839 218 DE
870 189 1219 219 CONDAMNATION
1253 189 1310 218 DE
1340 190 1508 232 JEANNE
1543 177 1668 220 D'ARc

305 289 569 343 doctoribus;
589 314 645 319 —
658 287 840 332 Nicolao
855 287 907 331 de
927 289 966 331 V
961 288 1128 342 endere's‚
1145 287 1343 345 Johanne
1357 289 1548 342 Pinchon,
1563 289 1762 345 Johanne
1777 289 1943 344 Dulcis,

305 373 497 419 Roberto
535 371 735 425 Barberii,
771 372 815 415 in
858 373 1090 427 canonic03
1131 371 1302 417 Andrea
1336 374 1587 431 Marguerie,
1624 372 1823 429 Johanne
1860 372 1947 418 Ad-

305 458 476 509 Ensem,
503 457 547 499 in
569 455 704 509 civili3
726 453 922 499 Auberto
949 455 1136 506 Morelli,
1158 455 1355 512 Johanne
1383 456 1663 510 Columbelli,
1679 456 1878 513 Johanne
1895 456 1947 502 de

306 529 548 594 Quemino,
596 541 640 582 in
679 539 890 582 canonico
935 540 1026 596 jure
1066 538 1317 593 licentiatis;
1367 566 1424 571 —
1468 552 1508 584 et
1541 536 1678 598 'quam
1717 540 1910 599 pluribus
1934 549 1944 567 ¹

305 625 411 667 aliis.

363 708 614 765 Incepitque
647 705 797 751 doctor
831 705 1029 765 praefatus
1062 705 1412 764 praedicationem
1446 723 1569 752 suam
1592 715 1623 761 ²,
1652 724 1829 757 sumens
1856 724 1948 753 ver-

306 791 411 835 bum
446 792 527 834 Dei
567 807 643 848 pro
679 790 885 844 themate,
921 789 1134 847 Johannis
1165 800 1244 833 xv⁰
1291 791 1496 849 scriptum
1531 808 1540 835 ε
1584 807 1604 831 «
1643 791 1810 842 Palmes
1857 808 1947 836 non

305 887 445 934 potest
467 874 658 918 fructum
682 890 705 918 a
730 875 961 931 semetipso
986 873 1138 928 facere,
1168 875 1248 917 nisi
1277 875 1483 918 manserit
1507 876 1551 918 in
1577 876 1680 919 vite.
1702 892 1721 915 »
1749 876 1799 919 Et
1825 874 1948 920 dein—

304 975 400 1017 ceps
427 958 679 1002 solemniter
704 957 809 1002 dixit
835 965 846 990 3
877 957 1060 1016 qualiter
1083 973 1237 1002 omnes
1256 968 1271 991 4
1299 957 1496 1002 catholici
1525 959 1569 1002 in
1594 974 1692 1002 vera
1718 960 1806 1002 vite
1831 975 1949 1004 sanc-

304 1055 357 1085 tae
384 1043 534 1085 matris
562 1042 772 1095 Ecclesiae,
796 1057 928 1100 quam
957 1041 1118 1085 Christi
1140 1040 1312 1085 dextera
1343 1041 1564 1100 plantavit,
1595 1041 1754 1086 debent
1783 1058 1949 1101 perma-

305 1142 404 1169 nere
419 1143 430 1180 3
458 1124 729 1170 ostendendo
758 1125 975 1183 praefatam
1001 1125 1245 1180 johannam
1269 1142 1341 1184 per
1365 1126 1527 1170 multos
1552 1141 1713 1170 errores
1740 1139 1781 1170 et
1805 1128 1949 1186 gravia

303 1212 482 1254 crimina
497 1210 547 1253 ab
567 1211 733 1253 unitate
760 1208 953 1266 ejusdem
981 1222 1138 1253 sanctae
1165 1211 1310 1253 matris
1331 1210 1529 1254 Ecclesiae
1549 1223 1784 1269 separatam
1801 1210 1946 1265 fuisse,

305 1294 604 1352 populumque
624 1294 906 1337 christianum
936 1293 1228 1351 multipliciter
1250 1293 1552 1339 scandalizasse
1569 1313 1580 1350 3
1606 1294 1885 1339 admonendo
1906 1309 1948 1339 et

304 1377 572 1423 exhortando
594 1379 728 1436 ipsam
750 1390 790 1421 et
810 1378 1063 1421 universum
1088 1377 1300 1436 populum
1324 1378 1577 1422 salutaribus
1604 1378 1824 1423 doctrinis.

364 1463 463 1515 Qua
490 1461 665 1520 quidem
693 1460 994 1519 praedicatione
1015 1460 1151 1515 finita,
1170 1461 1368 1519 praefatus
1388 1460 1539 1506 doctor
1564 1462 1762 1506 eamdem
1788 1462 1948 1519 Johan-

305 1563 404 1590 nam
423 1544 723 1603 hujuscemodi
739 1544 878 1588 verbis
896 1545 1108 1590 allocutus
1122 1557 1183 1589 est
1204 1562 1212 1588 :
1237 1562 1257 1585 «
1282 1545 1385 1589 Ecce
1407 1544 1612 1590 dominos
1637 1562 1757 1590 meos
1772 1545 1947 1603 judices,

304 1631 377 1688 qui
400 1630 589 1687 repetitis
614 1628 779 1673 vicibus
807 1645 884 1673 vos
912 1642 1241 1673 sommaverunt
1268 1642 1308 1673 et
1336 1630 1653 1688 requisiverunt
1673 1629 1791 1688 quod
1816 1629 1950 1673 velle-

304 1715 357 1756 tis
383 1713 635 1756 submittere
674 1714 824 1756 omnia
855 1712 965 1756 dicta
999 1725 1040 1756 et
1070 1712 1177 1756 facta
1211 1726 1348 1756 vestra
1380 1726 1534 1756 sanctae
1575 1715 1699 1757 matri
1735 1713 1945 1767 Ecclesiae,

304 1794 424 1837 vobis
451 1794 681 1851 aperiendo
702 1806 743 1838 et
764 1793 1094 1837 remonstrando
1116 1792 1232 1852 quod
1252 1795 1294 1837 in
1314 1793 1438 1837 dictis
1462 1807 1503 1837 et
1520 1794 1639 1837 factis
1662 1796 1809 1838 vestris
1826 1807 1946 1838 erant

304 1878 437 1921 inulta
470 1894 580 1935 quae,
611 1878 719 1921 sicut
746 1876 970 1921 videbatur
1002 1877 1177 1931 clericis,
1209 1891 1328 1921 eraut
1358 1877 1467 1921 male
1494 1877 1605 1921 dicta
1629 1890 1669 1921 et
1702 1893 1893 1922 erronea.
1922 1897 1943 1921 »

364 1961 430 2004 Ad
459 1960 576 2019 quod
593 1961 702 2005 dicta
730 1970 738 1991 ἲ
769 1961 968 2017 Johanna
993 1960 1237 2019 respondit:
1274 1978 1293 2001 «
1319 1962 1408 2018 Ego
1437 1960 1705 2019 respondebo
1726 1962 1742 1987 ⁶
1768 1961 1888 2006 vobis
1912 1971 1942 2006 7.

304 2046 532 2097 Quantum
569 2058 632 2089 est
670 2044 722 2088 de
755 2044 1043 2088 submissione
1075 2044 1285 2093 Ecclesiae,
1323 2060 1402 2103 ego
1439 2045 1638 2103 respondi
1675 2047 1734 2088 eis
1772 2045 1823 2089 de
1863 2046 1946 2089 isto

361 2231 551 2283 ‹gPalmcs
571 2231 585 2256 8
620 2244 690 2268 non
716 2234 826 2283 polest
847 2229 1020 2282 fructum
1057 2243 1078 2267 a
1102 2229 1285 2282 semetipso
1307 2229 1430 2282 facere
1458 2229 1529 2268 nisi
1553 2230 1727 2268 mansori!
1762 2230 1800 2268 in
1830 2230 1902 2268 vile
1925 2246 1943 2266 »

300 2302 479 2350 solmtmis
504 2303 607 2340 XV¹0
627 2300 856 2353 origitmlilet·
879 2300 1108 2349 scribuntur,
1129 2310 1203 2339 etc.
1228 2310 1257 2338 9.
1281 2317 1299 2336 ))

358 2375 441 2412 Post
460 2373 769 2426 pradicationem,
801 2372 973 2410 dominus
995 2371 1213 2425 praedicator
1253 2371 1346 2410 dixit
1377 2372 1489 2410 eidem.
1518 2372 1729 2420 Johannae:
1765 2389 1784 2409 «
1811 2374 1945 2426 Veecy

305 2446 596 2497 b'lesseigncurs
621 2445 677 2482 les
701 2445 826 2496 juges,
852 2445 918 2496 qui
945 2443 1139 2496 plusieurs
1171 2443 1245 2482 fois
1276 2457 1375 2482 vous
1408 2454 1478 2482 ont
1508 2445 1686 2482 sommee
1721 2453 1758 2482 et
1788 2445 1943 2497 requise

303 2530 380 2569 que
414 2516 644 2554 x·oulsissiez
673 2515 896 2554 submectre
927 2525 1018 2554 tous
1038 2529 1138 2553 vous
1163 2514 1234 2553 fais
1265 2525 1301 2553 et
1332 2516 1391 2553 dis
1425 2515 1445 2553 a
1475 2525 1607 2554 nostre
1645 2516 1750 2553 mere
1785 2515 1942 2554 Saincte

302 2588 447 2640 Eglise,
484 2598 519 2626 et
553 2601 644 2640 que,
675 2601 723 2626 en
759 2600 818 2625 ses
843 2587 904 2625 diz
929 2597 966 2625 et
995 2585 1083 2634 fais,
1116 2587 1289 2624 estoient
1324 2585 1521 2638 plusieurs
1561 2586 1717 2634 choses,
1752 2585 1941 2639 lesquels,

301 2672 459 2697 comme
485 2658 509 2695 il
534 2658 718 2697 sembloit
738 2672 811 2696 aux
833 2657 969 2705 clercs,
997 2657 1211 2696 n’estoient
1235 2658 1386 2697 bonnes
1407 2657 1428 2696 ἐι
1451 2658 1532 2696 dire
1552 2671 1604 2696 ou
1626 2657 1837 2696 soustenir.
1870 2674 1887 2692 »

356 2731 388 2767 A
413 2744 520 2782 quoy
543 2729 617 2768 elle
641 2729 814 2782 respond
842 2744 849 2767 :
879 2746 896 2765 «
919 2731 963 2778 Je
988 2743 1089 2768 vous
1110 2729 1369 2781 respondray.
1393 2744 1412 2764 »
1441 2730 1487 2767 Et
1511 2729 1531 2767 a
1559 2728 1594 2767 la
1618 2728 1861 2768 submission
1893 2728 1941 2767 de

355 2913 383 2935 1.
401 2901 465 2935 AC
488 2914 497 2935 .·
519 2902 693 2948 plurimis.
718 2923 760 2926 —
790 2913 822 2935 2.
845 2902 942 2936 ΑΒΕ
968 2913 1011 2936 en
1033 2913 1153 2948 marge
1177 2914 1184 2935 1
1207 2902 1355 2935 Initium
1383 2901 1647 2947 praedicationis.
1675 2923 1721 2925 —
1751 2911 1780 2946 3.
1812 2901 1910 2935 ΑΒΕ
1932 2914 1942 2935 .-

303 2961 400 2994 duxit
420 2962 512 3005 (sis).
534 2981 580 2986 —
597 2972 630 3003 4.
661 2962 691 2994 A
710 2961 828 3006 ajoute
854 2963 938 2995 veri.
968 2982 1013 2986 —
1036 2971 1066 3004 5.
1093 2960 1188 2995 AC.-
1213 2962 1294 3006 ipsa.
1323 2981 1367 2985 -—
1388 2960 1420 2994 6.
1445 2961 1475 2995 C
1498 2973 1507 2994 .·
1528 2959 1709 3006 respondeo.
1743 2980 1790 2985 -—
1825 2971 1858 3005 7.
1880 2960 1942 2995 BC

306 3031 349 3052 cn
371 3031 489 3064 marge
516 3033 522 3053 ;
544 3020 713 3065 Responsio
728 3020 887 3073 Johmma’
906 3031 1015 3054 rorum
1029 3020 1160 3066 populo.
1189 3041 1235 3044 —
1261 3020 1294 3053 8.
1318 3020 1385 3054 Ms.
1407 3032 1416 3053 .·
1438 3019 1581 3054 Palmos.
1603 3041 1650 3044 —
1679 3030 1712 3064 9.
1737 3019 1780 3061 U,
1802 3019 1864 3054 fol.
1885 3029 1939 3064 32,

307 3087 339 3109 1¹0
360 3088 391 3111 ct
411 3087 461 3111 vo.

2089 1780 2094 1785 *
2086 1522 2099 1762 „n-.n-fffflu-.—..
