2099 3356
394 172 550 217 PRoci'zs
582 187 637 216 DE
670 187 1022 217 CONDAMNATJON
1056 189 1112 217 DE
1143 190 1308 230 JEANNE
1340 175 1472 220 D’ARc
1671 188 1752 232 215

115 288 282 331 recessit
314 302 337 330 a
369 287 526 332 Sancto
562 286 794 344 Dionysio,
835 299 929 345 post
974 288 1190 332 insultum
1227 289 1546 343 Parisiensem;
1583 288 1758 347 quando

111 371 279 415 saltavit
308 370 360 415 de
387 379 395 396 “
438 371 543 415 turri
570 378 583 396 ²
620 369 673 414 de
705 371 971 426 Beaurevoz'r3
1006 383 1047 415 et
1082 373 1126 415 in
1161 372 1422 430 quibusdam
1452 373 1561 417 aliis.
1594 373 1643 416 In
1670 389 1760 432 quo

114 454 393 498 manifestum
415 466 478 498 est
498 453 632 512 quod,
656 454 721 498 vel
744 470 834 498 non
862 453 1013 498 habuit
1039 455 1323 500 revelationes
1351 472 1372 499 a
1400 457 1512 510 Deo,
1541 456 1606 500 vel
1640 456 1758 515 quod

115 539 377 595 contempsit
404 551 611 595 praecepta
647 550 688 582 et
717 538 1001 582 revelationes
1027 553 1258 597 expressas,
1288 555 1361 597 per
1395 556 1501 598 quas
1528 556 1571 583 se
1592 539 1693 584 dicit
1714 541 1756 583 in

114 621 321 666 omnibus
350 623 434 679 regi
459 635 500 666 et
525 620 771 679 gubernari.
798 622 849 665 Et
873 621 1052 666 ulterius
1072 621 1180 666 dixit
1205 623 1321 681 quod
1346 631 1375 676 ³,
1409 623 1585 682 quando
1609 623 1759 667 habuit

114 718 376 764 praeceptum
407 704 460 749 de
488 721 576 749 non
598 705 792 749 saltando
812 722 835 749 a
861 707 965 749 turri
993 705 1110 765 quod
1138 719 1228 750 erat
1256 708 1464 751 intentata
1483 717 1500 740 4
1526 705 1578 751 ad
1603 706 1756 751 facien-

112 789 219 834 dum
247 791 515 848 oppositum,
544 802 585 833 et
622 789 741 847 quod
773 805 861 833 non
897 803 1061 846 poterat
1093 790 1192 834 alias
1220 799 1228 823 ³
1262 790 1410 835 facere.
1451 791 1498 834 In
1532 807 1622 849 quo
1649 790 1758 835 male

111 875 270 918 sentire
295 872 464 918 videtur
499 872 550 917 de
582 872 774 917 libertate
804 872 986 917 humani
1011 872 1188 927 arbitrii,
1217 887 1259 918 et
1286 873 1472 918 incidere
1500 876 1543 918 in
1565 890 1755 918 errorem

112 957 304 1011 illorum,
330 958 405 1015 qui
426 970 599 1014 ponunt
618 958 753 1015 ipsam
780 959 1021 1002 necessitati
1039 973 1061 1001 a
1082 956 1441 1016 dispositionibus
1465 958 1662 1003 fatalibus
1685 971 1758 1003 aut

111 1041 257 1099 aliquo
274 1041 423 1085 simili.
451 1056 471 1079 »

171 1123 265 1168 *Ad
296 1124 412 1168 hunc
436 1124 451 1149 ⁶
474 1123 722 1178 articulum,
742 1126 941 1169 mercurii
963 1139 1122 1174 ΧΧνΙΙῐε
1155 1126 1312 1175 martii,
1340 1125 1561 1184 respondit
1588 1143 1595 1169 :
1623 1143 1643 1166 «
1667 1127 1758 1184 Ego

113 1222 241 1252 teneo
270 1224 338 1252 me
365 1207 415 1252 ad
454 1207 561 1252 illud
600 1207 720 1266 quod
753 1208 805 1253 de
833 1208 915 1253 hoc
953 1208 1053 1252 alias
1096 1208 1310 1267 respondi.
1351 1228 1370 1251 »
1406 1210 1573 1254 Tamen
1597 1209 1760 1254 addidit

111 1291 248 1351 quod,
273 1294 314 1335 in
344 1308 424 1336 suo
452 1308 616 1337 recessu
645 1291 697 1336 de
724 1293 881 1337 Sancto
914 1293 1147 1351 Dionysio,
1174 1294 1263 1351 ipsa
1286 1292 1437 1337 habuit
1465 1293 1683 1338 licentiam
1708 1292 1760 1338 de

112 1375 368 1421 recedendo.

168 1461 431 1518 Interrogata
460 1462 508 1514 si,
542 1460 737 1505 faciendo
764 1474 929 1505 contra·
950 1474 1215 1519 praeceptum
1248 1477 1425 1505 suarum
1456 1477 1631 1515 vocum,
1669 1463 1756 1519 ipsa

110 1543 298 1589 creditne
326 1557 515 1603 peccaret
551 1545 816 1589 mortaliter:
866 1544 1120 1603 respondit:
1164 1559 1185 1583 «
1222 1545 1311 1603 Ego
1338 1545 1438 1589 alias
1474 1545 1690 1603 respondi,
1717 1558 1758 1590 et

109 1641 308 1686 exspecto
329 1645 398 1673 me
425 1627 476 1673 ad
499 1628 656 1673 dictam
681 1630 1026 1687 responsionem.
1052 1646 1072 1669 »
1099 1629 1165 1680 Et,
1195 1628 1247 1674 de
1274 1629 1554 1673 conclusione
1573 1629 1756 1683 articuli,

109 1727 152 1756 se
177 1712 302 1756 refert
327 1712 380 1756 ad
400 1714 559 1757 Deum.

170 1798 251 1841 Die
277 1798 401 1853 jovis,
429 1811 535 1841 XXII.
577 1796 792 1851 februarii,
823 1796 930 1841 dixit
956 1796 1074 1856 quod
1106 1813 1189 1840 vox
1215 1795 1324 1841 dixit
1348 1798 1385 1840 ei
1420 1796 1539 1855 quod
1566 1810 1759 1841 maneret

110 1880 222 1939 apud
254 1881 461 1925 Sanctum
490 1881 756 1940 Dionysium
789 1880 986 1940 [ipsaque
1021 1880 1222 1937 Johanna
1248 1880 1307 1924 ibi
1340 1896 1513 1925 manere
1537 1879 1756 1937 volebat];

110 1964 197 2016 sed,
221 1978 369 2009 contra
394 1965 664 2009 voluntatem
690 1981 829 2018 suam,
867 1965 1037 2009 domini
1069 1964 1313 2009 eduxerunt
1331 1980 1450 2018 eam3
1480 1976 1521 2008 et
1546 1965 1627 2008 nisi
1655 1963 1758 2007 fuis-

110 2062 173 2093 set
193 2049 304 2103 laesa,
334 2051 421 2107 ipsa
446 2065 535 2093 non
560 2036 831 2093 recessissetj
853 2050 905 2093 Et
931 2048 1012 2093 fuit
1033 2049 1129 2092 laesa
1157 2050 1201 2092 in
1229 2048 1396 2093 fossatis
1430 2046 1754 2092 parisiensibus.

107 2133 215 2177 Item
235 2132 341 2176 dixit
367 2131 503 2191 quod,
529 2133 570 2176 in
598 2134 792 2191 quinque
819 2131 984 2186 diebus,
1014 2132 1094 2176 fuit
1114 2145 1279 2176 sanata.

167 2217 275 2261 Item
301 2218 576 2275 interrogata,
609 2216 675 2260 die
718 2215 896 2271 sabbati,
932 2215 1096 2260 decima
1122 2217 1283 2270 martii,
1324 2217 1358 2260 si
1395 2231 1520 2260 voces
1562 2231 1650 2260 suae
1676 2213 1757 2258 sibi

110 2302 409 2360 praecepissent
440 2299 558 2359 quod
600 2301 688 2359 ipsa
722 2301 919 2344 exivisset
953 2300 1005 2344 de
1039 2299 1317 2359 Compendio
1363 2312 1404 2344 et
1447 2298 1758 2357 significassent

163 2444 405 2497 *Respond:
436 2460 454 2479 «
489 2445 533 2492 Je
564 2442 668 2482 m’en
693 2444 775 2482 tien
807 2443 853 2482 ad
886 2456 930 2482 ce
954 2456 1031 2496 que
1056 2442 1266 2482 autresfois
1296 2443 1373 2495 j'en
1409 2455 1458 2495 ay
1490 2442 1710 2494 respondu.
1736 2457 1755 2477 »

111 2516 375 2554 Toutesvoies
391 2515 570 2567 adjouste
589 2529 681 2569 que,
704 2516 725 2554 a
749 2528 823 2554 son
852 2523 1078 2567 'pai-tement
1106 2514 1153 2553 de
1180 2514 1473 2559 Sainct-Denis,
1504 2513 1580 2552 elle
1605 2527 1653 2552 en
1673 2522 1760 2552 eust

112 2589 256 2639 congie
279 2588 326 2627 de
351 2586 433 2626 s’en
450 2587 542 2626 aler.

168 2660 421 2712 Interroguee
443 2673 498 2706 se,
522 2658 615 2697 faire
641 2668 778 2697 contre
799 2658 833 2696 le
859 2657 1215 2697 commandement
1239 2658 1286 2697 de
1319 2671 1379 2696 ses
1400 2658 1508 2705 voix,
1538 2656 1613 2695 elle
1644 2656 1761 2695 cuide

111 2731 224 2782 point
245 2731 407 2783 pechier
432 2730 731 2769 mortellement
758 2744 764 2767 :
799 2729 973 2782 respond
1002 2744 1009 2767 :
1032 2746 1047 2765 «
1068 2728 1153 2778 J’en
1179 2743 1228 2782 ay
1252 2728 1460 2768 autresfois
1480 2729 1698 2781 respondu,
1723 2738 1761 2767 et

112 2801 216 2840 m’en
240 2803 378 2841 actend
401 2803 422 2840 a
445 2802 588 2842 ladicte
612 2815 818 2854 response.
851 2819 866 2836 υ
895 2802 941 2840 Et
956 2801 1003 2840 de
1023 2800 1058 2840 la
1080 2801 1316 2840 conclusion
1337 2801 1383 2840 de
1397 2800 1558 2839 l'article
1577 2801 1652 2839 elle
1676 2801 1758 2839 s’cn

111 2873 251 2911 actend
274 2873 294 2911 2¹1
316 2874 459 2912 Nostre
482 2873 678 2925 Seigneur
698 2882 732 2911 7.

164 3037 197 3064 1.
234 3029 265 3062 A
304 3039 315 3062 .·
347 3039 379 3062 a.
413 3049 460 3053 -
487 3038 520 3062 2.
549 3028 578 3062 B
598 3033 729 3062 :turm
760 3048 807 3053 —-
840 3038 869 3072 3.
889 3027 956 3062 AC
980 3035 1159 3063 omettent
1178 3027 1272 3073 quod.
1289 3048 1335 3052 —
1355 3027 1492 3069 4136:
1515 3028 1689 3061 intimata.
1711 3047 1755 3052 -

118 3096 147 3128 5.
166 3086 231 3122 AC
256 3100 265 3120 .·
285 3087 397 3121 aliter.
413 3108 455 3112 —
475 3086 507 3121 6.
529 3087 560 3121 A
587 3099 596 3121 :
617 3089 821 3121 tricesimum
841 3088 1029 3134 septimum.
1047 3108 1092 3112 —
1114 3097 1146 3131 7.
1173 3087 1215 3130 U,
1238 3086 1298 3121 sol.
1322 3097 1376 3132 29,
1399 3097 1441 3120 ΓΟ.
