2099 3356
333 190 490 234 PROC'ES
524 206 578 234 Die
611 205 964 250 eoNnAMNATmN
1001 206 1057 233 DE
1088 206 1255 246 JEANNE
1289 192 1416 236 n'ARc
1611 197 1690 237 261

53 307 184 364 copis,
208 307 428 365 Episcopis
450 319 490 350 et
534 307 627 350 aliis
675 306 862 363 praelatis
914 306 1109 350 Ecclesia:
1140 324 1147 349 :
1196 305 1416 363 respondit
1461 306 1577 364 quod
1621 309 1695 362 sic,

55 389 251 433 Domino
277 378 425 434 nostro
446 391 647 448 primitus
667 391 841 441 servito,
862 389 1009 447 gallice
1030 399 1157 433 nostre
1183 392 1377 445 seigneur
1384 392 1554 449 premier
1579 393 1695 435 servi.

54 474 318 531 Interrogata
342 475 374 517 si
399 473 525 517 habet
543 486 806 532 praeceptum
835 490 855 516 a
886 474 973 517 suis
998 472 1175 517 vocibus
1202 473 1320 532 quod
1348 489 1437 517 non
1474 473 1700 518 submittat

51 572 94 600 se
122 557 315 600 Ecclesiae
343 557 561 610 militanti,
589 573 685 615 quae
711 569 773 600 est
802 558 843 599 in
885 558 1021 603 terris,
1054 572 1130 600 nec
1156 557 1198 599 in
1231 565 1239 581 ¹
1271 555 1431 612 judicio
1453 558 1575 613 ejus;
1614 573 1698 601 res-

53 639 207 699 pondit
249 640 366 699 quod
408 657 496 684 non
525 639 756 698 respondet
783 639 945 698 aliquid
983 639 1101 697 quod
1145 641 1320 698 accipiat
1348 642 1390 683 in
1431 641 1567 699 capite
1588 657 1694 695 suo;

51 723 123 768 sed
148 723 255 768 illud
278 724 396 783 quod
441 722 660 782 respondit
696 736 757 767 est
781 722 832 767 de
860 736 1070 782 praecepto
1099 723 1269 767 illarum
1307 740 1497 777 vocum,
1535 738 1576 768 et
1608 741 1695 768 non

51 809 304 866 praecipiunt
326 810 431 866 quin
456 807 628 851 obediat
649 807 860 860 Ecclesiae,
890 808 984 851 Deo
1006 808 1207 865 primitus
1221 809 1394 852 servito.

112 892 236 944 Item,
263 893 478 946 mercurii,
509 906 633 935 xvlll.
666 891 808 948 aprilis
834 898 866 944 ²,
897 890 1036 934 eidem
1062 891 1282 946 Johannes
1312 891 1390 936 fuit
1415 892 1596 942 dictum,
1618 908 1695 950 pro

52 975 302 1019 infirmitate
321 992 452 1034 quam
481 974 647 1018 dicebat
674 991 717 1018 se
738 974 906 1029 habere,
931 987 1096 1033 quanto
1116 975 1210 1033 plus
1234 974 1412 1019 timebat
1428 976 1478 1020 de
1501 978 1585 1020 vita
1605 992 1695 1029 sua,

53 1072 174 1103 tanto
199 1060 294 1118 plus
329 1058 508 1103 debebat
544 1057 774 1119 emendare
821 1060 953 1103 vitam
982 1075 1129 1112 suam3
1175 1072 1215 1102 et
1258 1076 1346 1102 non
1400 1059 1571 1103 haberet
1604 1061 1697 1117 jura

52 1143 262 1197 Ecclesiae,
300 1156 510 1201 tanquam
550 1142 773 1196 catholica,
805 1143 885 1186 nisi
920 1144 1008 1200 ipsa
1035 1141 1085 1185 se‘
1105 1142 1378 1186 submitteret
1412 1144 1620 1187 Ecclesiae.
1648 1144 1698 1187 Et

51 1226 274 1286 respondit
307 1241 314 1270 ;
349 1244 369 1267 «
397 1228 439 1271 Si
461 1243 616 1286 corpus
639 1227 849 1270 moriatur
872 1228 913 1269 in
956 1243 1135 1280 carcere,
1164 1243 1244 1285 ego
1266 1243 1335 1270 me
1364 1240 1561 1285 exspecto
1580 1227 1698 1286 quod

51 1311 210 1355 faciatis
228 1313 369 1369 ipsum
394 1312 496 1369 poni
520 1312 562 1355 in
588 1323 697 1355 terra
716 1323 860 1354 sancta
884 1328 894 1364 ;
930 1324 970 1354 et
991 1312 1024 1353 si
1058 1327 1132 1354 vos
1167 1327 1255 1354 non
1280 1311 1438 1355 faciatis
1467 1313 1587 1369 poni,
1616 1328 1696 1369 ego

52 1405 122 1433 me
145 1402 343 1447 exspecto
366 1388 417 1433 ad
440 1390 687 1433 Dominum
715 1390 876 1433 Deum.
908 1407 927 1428 »
972 1415 1030 1419 —
1069 1389 1195 1442 Item,
1223 1388 1376 1432 eodem
1399 1388 1482 1442 die,
1511 1391 1697 1433 interro-

54 1486 164 1532 gata,
192 1486 423 1532 postquam
442 1474 530 1531 ipsa
553 1474 732 1532 requirit
757 1472 876 1531 quod
898 1473 1073 1517 ecclesia
1111 1472 1246 1517 tradat
1271 1473 1350 1516 sibi
1378 1486 1695 1517 sacramentum

53 1558 338 1607 eucharistiae,
358 1570 508 1602 utrum
541 1557 670 1601 vellet
708 1573 752 1601 se
774 1542 1027 1601 submittere
1055 1556 1266 1607 Ecclesiae,
1296 1570 1337 1600 et
1372 1559 1697 1615 promitteretur

53 1644 90 1686 ei
111 1641 274 1686 tradere
311 1643 454 1700 ipsum
498 1655 814 1685 sacramentum
849 1658 856 1684 :
901 1641 1121 1699 respondit
1162 1640 1296 1699 quod,
1326 1640 1377 1684 de
1410 1641 1480 1684 illa
1508 1641 1696 1685 submis-

54 1729 191 1779 sione,
212 1742 301 1770 non
330 1725 605 1785 respondebit
627 1724 744 1769 aliud
765 1742 895 1784 quam
944 1724 1118 1779 fecerit;
1150 1738 1190 1769 et
1210 1725 1328 1784 quod
1345 1738 1459 1769 amat
1487 1726 1632 1769 Deum
1655 1738 1695 1769 et

51 1812 181 1855 servit
202 1810 297 1856 sibi,
326 1823 367 1854 et
410 1823 473 1854 est
496 1810 607 1854 bona
634 1809 888 1862 christiana;
931 1821 972 1853 et
1000 1809 1128 1853 vellet
1155 1809 1355 1866 adjuvare
1402 1822 1442 1853 et
1487 1811 1697 1853 sustinere

55 1896 286 1941 Ecclesiam
312 1908 405 1940 toto
433 1912 570 1954 posse.

114 2036 244 2078 LXII.
279 2052 297 2073 «
330 2035 437 2078 ITEM
461 2033 573 2078 dicta
599 2034 798 2090 Johanna
826 2035 981 2077 nititur
1007 2031 1289 2076 scandalizare
1312 2032 1540 2090 populum,
1572 2031 1697 2075 indu-

55 2135 146 2163 cere
171 2121 313 2177 ipsum
356 2131 404 2162 ut
438 2118 619 2162 firmiter
663 2116 805 2161 credat
828 2117 1036 2161 omnibus
1066 2115 1187 2160 dictis
1208 2128 1250 2159 et
1272 2114 1463 2159 dicendis
1491 2131 1563 2173 per
1582 2132 1693 2169 eam,

51 2219 278 2248 assumens
312 2202 390 2246 sibi
417 2204 717 2246 auctoritatem
745 2202 826 2245 Dei
863 2214 904 2245 et
938 2201 1209 2259 angelorum,
1247 2214 1287 2243 et
1318 2200 1488 2243 elevans
1510 2215 1553 2243 se
1571 2216 1698 2257 super

54 2303 235 2332 omnem
257 2299 516 2345 potestatem
556 2286 897 2339 ecclesiasticam,
927 2298 974 2329 ut
1011 2285 1210 2328 homines
1239 2286 1283 2327 in
1305 2300 1496 2328 errorem
1526 2285 1693 2333 mittat;

55 2367 163 2409 sicut
187 2364 595 2424 pseudo-prophetae
634 2364 768 2408 facere
814 2376 1152 2413 consueverunt,
1200 2361 1523 2406 introducentes
1569 2374 1699 2404 sectas

56 2442 209 2493 erroris
240 2466 285 2493 ac
316 2457 326 2481 ³
376 2448 644 2506 perditionis,
694 2461 736 2492 et
766 2458 782 2480 4
826 2464 867 2491 se
904 2459 1177 2504 segregantes
1213 2445 1263 2488 ab
1308 2447 1473 2488 unitate
1512 2447 1702 2502 corporis

58 2533 276 2587 Ecclesiae3
309 2532 426 2591 quod
451 2546 513 2576 est
545 2534 587 2575 in
614 2533 823 2589 religione
845 2531 1075 2574 christiana
1096 2531 1406 2588 perniciosum,
1437 2542 1493 2580 et,
1522 2530 1601 2572 nisi
1629 2544 1702 2586 per

59 2617 254 2676 praelatos
290 2617 484 2660 Ecclesiae
532 2615 824 2674 provideatur,
864 2616 1020 2673 poterit
1068 2613 1313 2657 subvertere
1344 2629 1523 2656 omnem
1568 2613 1705 2656 eccle-

57 2701 267 2744 siasticam
313 2702 631 2751 auctoritatem,
663 2700 974 2755 insurgentque
1024 2698 1102 2740 viri
1150 2696 1347 2754 undique
1393 2709 1433 2739 et
1483 2695 1701 2749 mulieres,

56 2784 351 2842 confingentes
390 2800 432 2827 se
468 2783 622 2827 habere
661 2782 942 2826 revelationes
977 2797 999 2824 a
1025 2783 1118 2824 Deo
1143 2794 1183 2824 et
1207 2780 1383 2838 angelis,
1416 2779 1636 2824 mendacia
1665 2793 1706 2823 et

57 2884 218 2912 errores
239 2867 511 2918 seminando,
538 2868 647 2910 sicut
679 2867 764 2924 jam
808 2865 859 2909 de
906 2865 1055 2908 multis
1089 2877 1310 2922 expertum
1347 2876 1422 2917 est,
1472 2877 1701 2921 postquam

66 3068 69 3071 ·
112 3060 139 3082 1.
163 3048 229 3082 AC
260 3057 434 3082 omettent
471 3049 519 3081 in.
543 3068 589 3071 —
619 3057 651 3080 2.
682 3046 803 3091 Voyez
832 3045 997 3090 ci-apre5‚
1038 3044 1067 3078 le
1090 3043 1348 3089 proces-verbal
1373 3043 1416 3076 de
1447 3041 1478 3076 la
1503 3043 1627 3075 seance
1654 3041 1701 3074 du

7 3124 10 3126 ’
67 3110 105 3141 18
121 3108 217 3142 avril.
237 3128 279 3132 —
297 3117 325 3147 ζ.
347 3106 412 3140 AC
435 3119 444 3140 .·
465 3112 505 3140 el.
529 3127 575 3132 -—-
593 3117 626 3148 4.
652 3105 716 3139 AC
737 3118 746 3139 .·
765 3116 812 3138 ar.
