2099 3356
333 193 416 234 314
603 176 766 227 ,PRoci'zs
800 190 856 219 DE
888 187 1241 218 CONDAMNArioN
1276 188 1331 216 DE
1363 179 1532 230 JEANNE
1572 173 1697 217 D’Aitc

327 291 522 349 exposuit
540 288 658 348 quod
674 304 828 332 omnes
856 287 1016 332 Christi
1042 287 1190 332 fideles
1217 286 1474 331 tenebantur
1504 299 1545 330 et
1568 285 1895 346 erant'obligati
1922 286 1974 331 ad

328 373 457 419 fidem
470 373 748 418 christianam
769 383 810 416 et
829 370 1030 415 articulos
1052 369 1150 414 fidei
1169 368 1410 414 tenendum
1423 382 1464 414 et
1484 368 1773 425 credendum;
1791 385 1976 429 eamque

332 459 505 502 monuit
516 468 556 501 et
578 456 816 514 requisivit,
839 470 912 513 per
934 454 1118 498 modum
1145 454 1404 497 monitionis
1424 453 1652 512 generaliS,
1668 465 1716 497 ut
1739 469 1783 498 se
1803 465 1845 497 et
1868 453 1977 498 facta

330 534 405 585 sua
426 553 466 584 et
487 539 597 584 dicta
609 539 733 583 vellet
745 540 956 596 corrigere
971 550 1013 582 et
1030 536 1275 590 emendare,
1292 538 1410 594 juxta
1428 535 1784 581 deliberationem
1799 552 1977 581 venera-

331 624 484 668 bilium
511 623 739 667 doctorum
764 634 804 665 et
823 623 1145 679 magistrorum,
1167 619 1254 664 tam
1279 621 1430 678 injure
1453 619 1602 664 divino
1621 635 1753 679 quam
1765 621 1976 665 canonico

332 720 373 752 et
399 707 511 751 civili
541 707 796 764 peritorum.

389 791 456 835 Ad
471 806 601 849 quam
627 790 917 834 monitionem
940 788 1202 847 generalem,
1218 789 1306 845 ipsa
1323 788 1523 844 Johanna
1541 786 1789 845 respondit:
1821 804 1841 827 ‹<
1859 789 1975 845 Lizez

328 885 453 919 vostre
479 875 579 918 livre
606 890 646 925 »,
697 873 857 917 scilicet
887 871 1170 916 schedulam¹
1206 887 1338 929 quam
1382 869 1555 915 tenebat
1594 870 1733 915 dictus
1769 870 1975 915 dominus

331 958 673 1010 archidiaconus,
701 973 720 997 «
749 966 783 1000 et
804 958 896 1015 puis
911 958 950 1014 je
975 972 1069 1000 vous
1091 956 1342 1015 respondray.
1355 956 1400 1009 Je
1426 971 1484 998 me
1496 964 1625 999 actem
1647 963 1660 980 ²
1689 956 1714 998 ὰ
1740 956 1864 1009 Dieu,
1887 971 1975 999 mon

329 1047 504 1090 cre'ateur
523 1042 567 1085 de
588 1050 667 1085 tout
682 1057 699 1093 ,·
711 1041 751 1098 je
779 1041 920 1099 l’aytzze
936 1041 981 1084 de
1002 1048 1082 1083 {out
1107 1055 1197 1083 mon
1225 1055 1314 1083 cuer
1345 1056 1381 1082 ›>.

392 1126 442 1170 Et
462 1124 617 1169 deinde
639 1127 896 1182 interrogata
922 1125 955 1167 si
980 1123 1031 1168 ad
1059 1122 1215 1168 dictam
1235 1124 1528 1167 monitionem
1549 1122 1792 1181 generalem
1812 1122 1980 1167 volebat

332 1209 516 1267 amplius
543 1207 828 1267 respondere:
860 1206 1084 1265 respondit
1111 1221 1119 1247 ε
1151 1223 1171 1247 «
1187 1207 1232 1262 Je
1255 1223 1311 1250 me
1332 1216 1463 1250 actem
1487 1214 1497 1239 3
1520 1210 1546 1250 ὰ
1572 1222 1661 1250 mon
1682 1209 1805 1265 juge-¹
1835 1204 1925 1250 c’est
1946 1206 1979 1250 le

330 1295 411 1349 Ror
436 1294 490 1336 du
509 1293 580 1336 ciel
605 1302 639 1336 et
675 1293 719 1336 de
747 1293 787 1336 Ia
818 1301 930 1335 terre.
958 1308 978 1331 »

391 1378 541 1421 Postea
566 1392 669 1420 vero
696 1375 835 1420 dictus
853 1364 1070 1419 dominus‘
1087 1373 1428 1427 archidiaconus,
1459 1373 1732 1431 procedendo
1753 1372 1803 1417 ad
1830 1375 1977 1418 moni-

330 1463 469 1504 tiones
504 1460 776 1518 particulares
803 1459 945 1503 eidem
984 1458 1196 1515 Johannae
1227 1457 1453 1512 faciendas,
1483 1459 1601 1515 juxta
1628 1469 1825 1502 tenorem
1850 1456 1974 1502 sche-

331 1544 468 1588 dulae⁴
495 1545 732 1602 sequentis,
757 1545 813 1587 sic
831 1558 1006 1587 exorsus
1021 1555 1082 1587 est
1102 1556 1109 1582 :

391 1674 422 1716 Ι.
457 1690 475 1712 «
505 1673 551 1716 In
575 1674 723 1731 primis
752 1673 941 1716 recitavit
964 1671 1146 1730 qualiter
1170 1672 1269 1714 alias
1297 1670 1404 1714 dixit
1425 1669 1558 1729 quod,
1590 1672 1622 1714 si
1645 1672 1901 1728 reperiretur
1931 1672 1973 1714 in

332 1756 454 1800 dictis
473 1770 512 1800 et
539 1756 657 1800 factis
683 1758 774 1813 ejus
796 1754 956 1814 aliquid
981 1771 1229 1813 perversum
1257 1768 1297 1798 et
1327 1755 1406 1798 hoc
1427 1754 1505 1798 sibi
1530 1770 1604 1813 per
1629 1755 1804 1798 clericos
1828 1766 1977 1798 osten-

330 1840 517 1894 deretur,
549 1842 635 1899 ipsa
658 1839 1043 1884 velletemendare.
1070 1840 1117 1882 In
1146 1855 1233 1898 quo
1271 1838 1378 1882 bene
1418 1851 1458 1882 et
1491 1837 1761 1882 laudabiliter
1790 1837 1972 1892 dicebat,

334 1941 431 1967 narn
460 1923 640 1982 quilibet
663 1924 920 1968 christianus
937 1922 1063 1966 debet
1088 1923 1195 1966 hanc
1221 1922 1512 1966 humilitatem
1541 1921 1709 1976 habere,
1735 1934 1783 1966 ut
1810 1937 1978 1980 semper

331 2021 589 2066 separatum
626 2007 770 2051 reddat
809 2006 981 2051 obedire
1015 2005 1346 2064 sapientioribus
1375 2018 1415 2049 et
1445 2007 1580 2062 magis
1619 2004 1787 2049 credere
1816 2003 1976 2061 judicio

333 2091 550 2135 bonorum
576 2104 615 2135 et
643 2093 887 2148 sapientum
916 2092 1109 2134 virorum
1138 2105 1269 2147 quam
1298 2090 1480 2147 propriae
1499 2089 1739 2132 sententiae.
1764 2088 1977 2146 Deinceps

330 2189 490 2220 autem,
521 2174 629 2219 dicta
652 2188 692 2218 et
720 2173 825 2218 facta
843 2175 934 2230 ejus
962 2173 1110 2218 multis
1128 2172 1279 2217 diebus
1306 2188 1379 2231 per
1399 2171 1594 2217 doctores
1619 2184 1660 2216 et
1683 2172 1856 2217 clericos
1877 2186 1972 2216 exa-

387 2355 435 2392 Et
448 2353 529 2406 fnit
546 2353 617 2391 sibi
636 2353 853 2406 eaposilum,
871 2351 1069 2390 secundum
1083 2352 1252 2404 sormam
1274 2350 1507 2405 praeredenlis
1538 2350 1747 2389 monitionis
1774 2349 1971 2403 generalis.

391 2426 435 2462 ΙΞΙ
459 2425 632 2478 requisita
646 2425 677 2463 51'
696 2424 783 2463 velit
804 2423 981 2476 corrigere
998 2427 1028 2462 et
1049 2437 1082 2462 se
1105 2423 1295 2461 etm‘ndare
1305 2423 1415 2475 juxta
1435 2421 1730 2461 deliberationem
1753 2422 1972 2474 peritorum,

334 2483 533 2548 respond:
564 2513 582 2531 «
611 2496 749 2534 Luisez
770 2505 903 2534 vostre
930 2495 1025 2533 livre
1050 2511 1086 2541 »‚
1116 2495 1211 2533 c’est
1231 2495 1406 2533 assavoir
1436 2494 1471 2532 la
1504 2493 1642 2532 ce'dule
1673 2506 1749 2547 que
1777 2493 1904 2532 tenoit
1943 2492 1978 2532 le

333 2567 388 2605 dit
415 2569 699 2619 monseigneur
730 2566 993 2613 l’arcediacoe,
1022 2583 1039 2601 «
1061 2576 1098 2605 et
1118 2567 1208 2618 puis
1232 2567 1266 2618 je
1285 2579 1385 2605 vous
1409 2565 1666 2618 respondray.
1689 2566 1733 2614 je
1753 2577 1816 2603 me
1839 2565 1979 2604 actend

333 2640 352 2677 a
378 2639 493 2684 Dion,
519 2652 614 2677 mon
640 2640 831 2685 createur,
858 2638 906 2677 de
931 2647 1043 2684 tout;
1072 2638 1105 2689 je
1127 2636 1256 2676 l’ainie
1281 2637 1327 2675 de
1352 2646 1439 2675 tout
1463 2650 1557 2675 mon
1576 2649 1699 2675 cueur
1725 2652 1760 2675 ».

388 2711 435 2748 Et
457 2711 708 2761 interi-oguee
735 2709 842 2748 s’elle
866 2709 974 2748 veult
995 2709 1082 2762 plus
1114 2708 1331 2760 respondre
1359 2708 1379 2746 a
1403 2708 1501 2747 celle
1530 2708 1738 2746 monicion
1768 2706 1973 2760 generale:

336 2780 528 2833 respond:
562 2797 579 2816 «
605 2782 647 2828 Je
673 2779 773 2819 m’en
806 2780 945 2819 actend
973 2781 993 2818 a
1025 2793 1120 2819 mon
1154 2781 1271 2832 juge:
1312 2780 1405 2818 c’est
1440 2779 1474 2818 le
1506 2780 1593 2831 Roy
1620 2779 1671 2817 du
1703 2778 1775 2817 ciel
1804 2788 1841 2818 et
1867 2778 1914 2817 de
1940 2777 1976 2817 la

338 2862 437 2890 terre
462 2858 488 2889 5.
523 2868 540 2886 ))

391 3034 418 3056 1.
437 3022 950 3073 AB.·s‹·ed11lamgemmulam.
967 3044 1012 3047 —
1031 3033 1063 3057 2.
1087 3023 1150 3057 ΑΒ
1164 3027 1288 3056 :attens
1300 3022 1529 3062 ;C:m'atens.
1550 3042 1595 3047 —-
1617 3032 1645 3067 3.
1665 3021 1762 3056 ΑΒΕ
1777 3034 1786 3054 .·
1799 3026 1974 3058 attens,—

341 3093 374 3123 4.
398 3082 459 3114 AB
474 3094 483 3114 .·
502 3081 633 3115 scedula
648 3095 657 3119 ,·
680 3080 708 3114 C
732 3081 880 3115 :sedulan
905 3103 950 3106 —
972 3091 1000 3123 5.
1024 3081 1063 3118 U,
1087 3081 1147 3115 fol.
1171 3081 1227 3119 26.
1247 3090 1291 3114 ΥΟ.
