2099 3356
125 98 132 130 ι
174 72 243 110 ἮΝ
269 72 362 132 M&
372 69 540 125 (nacke

311 222 470 265 1³Roc1'33
510 236 567 264 DE
599 234 956 264 CONDAMNATloN
1003 234 1057 262 DE
1089 235 1255 275 JEANNE
1289 219 1418 263 D’ARc
1605 233 1679 276 145

33 335 86 378 tis
111 350 162 377 ex
196 350 281 387 me,
325 349 401 378 nec
446 333 654 378 habebitis
691 333 824 378 aliud.
854 334 902 376 Et
929 332 1051 376 vobis
1072 332 1237 388 dehoc
1266 331 1466 390 respondi
1506 331 1556 376 ad
1599 348 1686 375 cer-

31 419 114 461 tius
140 426 149 442 ¹
177 415 296 475 quod
327 433 408 475 ego
434 418 581 461 sciam.
609 432 629 454 »

94 501 357 558 Interrogata
401 513 548 544 utrum
589 499 842 544 credebatne
875 513 971 544 ante
1004 502 1135 544 istum
1169 500 1283 543 diem
1318 499 1436 558 quod
1478 500 1686 543 Dominae

39 583 200 629 Fatales
214 597 355 628 essent
384 584 484 628 mali
506 585 706 643 spiritus:
732 582 952 642 respondit
977 583 1096 642 quod
1120 583 1172 628 de
1196 584 1276 627 hoc
1299 584 1407 627 nihil
1429 584 1519 627 scit.

98 667 363 726 Interrogata
386 680 537 712 utrum
566 669 654 726 ipsa
672 668 749 712 scit
776 666 893 726 quod
921 681 1075 711 sanctae
1100 667 1335 711 Katharina
1371 680 1412 710 et
1452 668 1687 725 Margareta

42 749 190 794 odiant
210 750 438 808 Anglicos:
464 750 684 809 respondit
708 767 715 793 :
743 769 762 790 «
787 751 892 809 Ipsae
919 763 1064 794 amant
1092 749 1197 793 illud
1222 759 1236 775 ²
1264 748 1382 808 quod
1412 752 1530 794 Deus
1554 763 1684 803 amat,

44 846 84 878 et
104 833 260 877 odiunt
281 832 386 877 illud
410 833 529 893 quod
557 835 675 878 Deus
699 833 806 878 odit.
839 851 858 874 »
1055 823 1059 827 ’

97 917 358 975 Interrogata
379 930 528 961 utrum
558 918 676 962 Deus
702 917 821 962 odiat
854 917 1082 975 Anglicos:
1114 917 1333 975 respondit
1357 916 1476 975 qnod
1512 917 1563 961 de
1586 915 1688 961 odio

42 1000 108 1044 vel
135 1008 316 1048 amore,3
356 1016 489 1060 quem
526 1002 646 1045 Deus
682 1000 807 1045 habet
829 1011 845 1034 4
872 999 923 1044 ad
948 1001 1169 1059 Anglicos,
1203 1001 1269 1044 vel
1312 999 1417 1059 quid
1460 1001 1518 1044 eis
1566 1000 1690 1044 faciet

42 1097 256 1143 quantum
286 1084 337 1128 ad
365 1085 547 1139 animas,
579 1085 687 1128 nihil
730 1087 829 1139 scit3
866 1084 938 1128 sed
967 1084 1074 1128 bene
1108 1085 1184 1128 scit
1207 1084 1326 1142 quOd
1363 1084 1630 1143 expellentur
1668 1100 1690 1127 a

43 1169 233 1222 Francia,
261 1170 446 1227 exceptis
480 1169 545 1212 his
581 1171 654 1228 qui
680 1168 841 1212 ibidem
872 1168 1159 1212 remanebunt
1187 1182 1227 1212 et
1249 1168 1471 1222 decedent,
1502 1181 1543 1212 et
1570 1166 1689 1227 quod

41 1253 158 1296 Deus
181 1254 323 1296 mittet
350 1253 574 1297 victoriam
597 1252 770 1297 Gallicis
786 1265 933 1296 contra
957 1253 1177 1311 Anglicos.

100 1337 361 1394 Interrogata
385 1348 535 1380 utrum
572 1337 690 1380 Deus
717 1349 806 1381 erat
851 1353 927 1395 pro
949 1335 1158 1394 Anglicis,
1176 1336 1352 1395 quando
1372 1338 1449 1395 ipsi
1479 1337 1688 1395 prosperi-

45 1432 178 1463 tatem
195 1419 408 1464 habebant
429 1421 472 1463 in
499 1421 670 1465 Francia
689 1438 697 1463 :
727 1420 947 1479 respondit
965 1419 1084 1479 quod
1107 1421 1240 1464 nescit
1262 1433 1409 1463 utrum
1436 1421 1554 1464 Deus
1575 1420 1692 1465 odie-

47 1503 115 1548 bat
150 1504 360 1556 Gallicos;
408 1503 482 1548 sed
512 1504 645 1548 credit
680 1503 799 1563 quod
827 1504 998 1548 volebat
1022 1505 1270 1562 permittere
1289 1520 1360 1547 eos
1387 1506 1529 1562 puniri
1554 1513 1563 1538 5
1614 1521 1691 1563 pro

46 1589 223 1646 peccatis
250 1604 420 1643 eorum,
449 1589 484 1633 si
505 1589 550 1632 in
579 1588 661 1632 illis
688 1601 822 1632 erant.

48 1793 158 1840 moi;
191 1801 229 1831 et
259 1791 347 1831 n’en
373 1793 471 1831 aises
495 1792 620 1831 aultre
658 1793 779 1831 chose
801 1807 810 1841 ;
856 1802 893 1832 et
916 1806 1017 1831 vous
1036 1806 1086 1831 en
1117 1806 1165 1845 ay
1190 1793 1393 1846 respondu
1418 1802 1505 1832 tout
1529 1807 1577 1832 au
1602 1793 1690 1847 plus

46 1864 191 1902 certain
217 1865 344 1918 queje
369 1878 474 1917 scay.
496 1881 514 1900 >³

102 1936 356 1989 Interroguee
393 1935 500 1974 s’elle
518 1937 643 1975 croiet
680 1937 808 1989 point,
841 1950 889 1975 au
927 1937 1071 1975 devant
1093 1936 1141 1975 de
1163 1938 1405 1990 aujourduy,
1432 1951 1508 1991 que
1527 1937 1583 1976 les
1607 1937 1689 1976 sees

45 2006 219 2046 feussent
244 2007 437 2046 maulvais
462 2008 637 2061 esperis:
666 2009 839 2061 respond
865 2007 1011 2061 qu'elle
1035 2008 1124 2047 n'en
1148 2010 1297 2057 scavoit
1328 2010 1428 2048 rien.

100 2079 356 2132 Interrogue'e
393 2079 499 2118 s'elle
539 2080 634 2128 scait
664 2080 780 2132 point
816 2094 893 2133 que
933 2081 1102 2119 sainctes
1129 2081 1345 2120 Katherine
1367 2091 1404 2120 et
1450 2082 1692 2134 Marguerite

48 2151 182 2189 haient
203 2150 258 2189 les
291 2150 500 2204 Angloys:
534 2152 738 2204 respond:
778 2168 797 2188 «
829 2151 931 2190 Elles
963 2162 1125 2205 ayment
1149 2166 1192 2191 ce
1224 2166 1300 2206 que
1329 2162 1462 2192 nostre
1495 2154 1692 2206 Seigneur

50 2236 179 2275 ayme,
206 2232 244 2261 et
267 2223 402 2262 haient
426 2237 470 2261 ce
495 2237 571 2276 que
598 2224 700 2262 Dieu
720 2224 815 2262 hait.
839 2240 858 2259 »

103 2295 360 2347 Interrogue'e
396 2308 437 2332 se
472 2295 574 2333 Dieu
604 2295 687 2333 hait
710 2294 766 2333 les
791 2294 973 2348 Angloys
1011 2308 1018 2334 :
1052 2296 1225 2349 respond
1253 2310 1330 2349 que
1367 2296 1414 2335 de
1440 2296 1608 2336 l'aniour
1642 2311 1693 2336 ou

53 2365 169 2404 haine
188 2380 264 2419 que
292 2366 393 2405 Dieu
410 2380 430 2404 a
463 2380 538 2405 aux
563 2366 761 2419 AngloyS‚
787 2380 840 2405 ou
880 2380 957 2420 que
982 2368 1081 2406 Dieu
1109 2367 1195 2406 leur
1216 2367 1284 2406 feit
1319 2368 1338 2406 Ξῖ
1376 2369 1479 2407 leurs
1503 2382 1625 2416 ameS‚
1648 2383 1696 2407 ne

53 2438 146 2485 scait
167 2437 251 2476 rien
273 2439 313 2486 ⁶3
334 2438 432 2476 mais
453 2438 548 2486 scait
566 2437 657 2476 bien
676 2451 753 2491 que
772 2437 820 2476 ilz
839 2448 974 2477 seront
995 2439 1140 2478 boutez
1159 2439 1253 2478 hors
1272 2440 1319 2478 de
1346 2441 1506 2488 France,
1534 2442 1696 2493 excepte

56 2508 167 2547 ceulx
188 2510 254 2562 qui
276 2523 301 2562 y
326 2519 557 2557 mourront3
590 2519 628 2548 et
653 2524 728 2562 que
761 2510 862 2548 Dieu
890 2524 1091 2563 envoyera
1125 2512 1290 2550 victoire
1321 2525 1395 2549 aux
1415 2512 1627 2564 Francoys,
1655 2522 1694 2550 et

53 2590 188 2619 contre
210 2581 265 2619 les
291 2581 487 2634 Angloys.

106 2653 360 2706 Interroguee
396 2666 436 2691 se
464 2653 567 2691 Dieu
604 2654 723 2691 estoit
746 2667 849 2706 pour
885 2653 939 2692 les
976 2653 1173 2707 Angloys,
1197 2664 1320 2708 quant
1356 2655 1403 2693 ilz
1447 2656 1617 2694 estoient
1648 2670 1696 2695 en

54 2725 270 2777 prosperite
292 2738 341 2763 en
377 2725 521 2763 France
550 2738 557 2762 :
601 2725 774 2777 respond
800 2724 945 2778 qu'elle
965 2739 1014 2763 ne
1048 2726 1143 2773 scait
1165 2739 1205 2764 se
1230 2727 1332 2765 Dieu
1358 2727 1475 2780 hayet
1493 2727 1546 2766 les
1578 2729 1699 2766 Fran-

54 2807 173 2847 coys3
199 2797 296 2834 mais
318 2796 437 2835 croist
468 2796 564 2849 qu'il
591 2796 748 2834 vouloit
777 2798 1013 2849 permeictre
1038 2797 1086 2835 de
1108 2797 1163 2836 les
1187 2798 1323 2837 laisser
1340 2798 1447 2837 batre
1470 2813 1572 2852 pour
1597 2799 1699 2838 leurs

59 2866 236 2918 pechiez,
256 2867 337 2906 s’ilz
357 2883 381 2920 y
402 2869 587 2906 estoient.

116 3080 144 3105 1.
172 3070 199 3104 B
219 3082 229 3104 .·
256 3072 375 3105 tertius
401 3073 495 3117 (sic).
528 3092 572 3097 —
593 3082 624 3105 2.
647 3093 693 3096 ψ-
710 3072 744 3116 Q
764 3081 863 3106 oinct
891 3072 991 3108 illud.
1017 3093 1062 3097 —-
1093 3083 1123 3117 3.
1152 3074 1180 3106 B
1198 3082 1230 3107 et
1256 3075 1291 3118 Q
1316 3086 1325 3108 :
1345 3085 1458 3109 amore
1479 3075 1532 3108 vel
1551 3076 1634 3109 odio.
1658 3096 1704 3101 ——

58 3139 90 3170 4.
113 3129 167 3163 C:
202 3130 325 3165 habeat.
351 3151 399 3156 -
418 3141 447 3175 5.
470 3131 565 3166 AC:
590 3133 737 3177 percuti.
769 3152 817 3156 —-
846 3130 879 3166 6.
904 3132 972 3166 Ms.
996 3144 1040 3166 en
1066 3144 1207 3179 marge:
1238 3133 1339 3179 Vray.

189 3207 318 3237 puoch—s
343 3218 383 3237 DE
406 3208 538 3247 JEANNE
563 3209 680 3239 n'Anc.
1586 3224 1622 3243 10
