2099 3356
373 168 532 214 PRoci'ss
566 183 621 214 DE
653 183 1006 214 CONDAMNATtoN
1040 181 1095 214 DE
1127 184 1293 226 JEANNE
1326 170 1456 215 D'ARc
1652 185 1734 227 219

94 282 301 328 mortale:
330 281 567 341 respondit,
596 281 646 327 ad
672 284 880 342 primum,
905 282 955 327 de
986 285 1208 329 invasione
1230 285 1473 339 parisiensi,
1497 283 1615 343 quod
1652 286 1742 342 ipsa

89 365 189 412 inde
211 382 300 412 non
320 365 450 412 credit
484 382 571 411 esse
594 368 638 410 in
668 379 837 425 peccato
869 366 1067 421 mortali,
1094 380 1133 411 et
1159 369 1192 411 si
1221 369 1308 425 ipsa
1337 368 1481 412 fecerit
1515 380 1740 426 peccatum

90 450 290 503 mortale,
321 449 403 494 hoc
427 463 488 495 est
505 449 860 509 cognoscendum
883 451 978 495 Deo
1000 462 1041 495 et
1057 450 1284 505 sacerdoti,
1306 453 1349 495 in
1369 451 1654 496 confessione.
1677 450 1743 496 Ad

87 532 346 587 secundum,
382 532 433 578 de
462 549 577 593 equo
599 533 768 579 domini
791 535 979 593 episcopi
1009 534 1353 589 Silvanectensis‚
1379 534 1600 593 respondit
1624 534 1743 594 quod

87 616 220 663 credit
246 633 289 662 se
310 633 400 662 non
422 633 612 676 peccasse
635 619 678 661 in
709 617 804 670 hoc,
830 619 930 677 quia
956 617 1155 676 praefatus
1183 617 1390 663 dominus
1414 619 1638 676 episcopus
1660 618 1743 662 Sil&

88 702 353 746 vanectensis
376 701 525 746 habuit
547 702 901 760 assignationem,
933 717 1010 761 pro
1037 700 1152 745 dicto
1178 718 1308 760 equo,
1340 701 1391 746 de
1408 701 1604 746 ducentis
1631 702 1741 746 salu-

88 787 157 830 tiis
181 786 288 829 auri.
317 784 608 839 Ad'tertium,
639 783 836 829 videlicet
863 783 914 829 de
937 786 1041 828 turri
1071 794 1100 839 ¹,
1130 784 1351 843 respondit
1372 785 1491 845 quod
1513 802 1601 830 non
1618 786 1741 830 facie-

89 868 159 914 bat
187 868 312 912 illum
333 868 490 913 saltum
509 884 583 927 per
604 867 964 927 desperationem,
980 868 1052 913 sed
1073 870 1114 912 in
1132 885 1204 927 spe
1222 869 1412 913 salvandi
1433 885 1589 928 corpus
1609 885 1740 914 suum

89 964 130 996 et
153 949 428 995 succurrendi
454 950 647 1010 pluribus
675 951 800 996 bonis
823 950 1026 1009 gentibus
1054 968 1150 1010 quae
1175 964 1295 995 erant
1318 953 1359 996 in
1385 954 1657 1008 necessitate;
1679 965 1737 1007 et,

82 1023 182 1095 >post
209 1035 382 1088 saltum,
426 1034 619 1080 confessa
652 1048 714 1080 est
758 1048 800 1080 et
841 1036 1064 1094 requisivit
1094 1037 1266 1079 veniam
1311 1052 1333 1080 a
1375 1037 1484 1091 Deo,
1521 1049 1561 1080 et
1590 1036 1741 1081 habuit

90 1120 257 1163 veniam
275 1118 327 1162 ab
353 1120 469 1177 ipso;
498 1131 539 1162 et
565 1117 700 1162 credit
726 1117 846 1177 quod
870 1118 1145 1163 malefactum
1167 1132 1255 1163 erat
1280 1128 1293 1145 ²
1323 1118 1374 1164 de
1396 1119 1591 1165 faciendo
1617 1120 1743 1165 illum

89 1203 261 1249 saltum.
279 1203 389 1247 Item
412 1202 518 1247 dixit
539 1202 658 1262 quod
683 1204 771 1262 ipsa
791 1204 869 1247 scit
894 1219 936 1247 se
959 1202 1156 1248 habuisse
1174 1204 1364 1257 veniam,
1390 1217 1618 1264 postquam
1637 1220 1741 1249 con-

89 1287 193 1332 fessa
215 1299 292 1339 est,
324 1303 396 1346 per
423 1287 733 1331 revelationem
760 1300 916 1331 sanctae
944 1286 1208 1342 Katharinae‚
1231 1286 1284 1332 de
1308 1289 1430 1345 cujus
1446 1288 1627 1332 consilio
1652 1290 1744 1347 ipsa

88 1372 166 1415 ivit
192 1370 244 1416 ad
268 1370 602 1416 confessionem.
643 1370 709 1416 Ad
744 1383 963 1430 quartum,
1003 1370 1054 1415 de
1092 1371 1241 1416 habitu
1276 1372 1403 1427 virili,
1433 1385 1533 1426 etc.‚
1567 1388 1752 1430 respon-·

87 1454 151 1500 dit
181 1472 189 1499 :
226 1469 246 1494 ‹<
276 1455 512 1514 Postquam
537 1470 617 1513 ego
644 1454 753 1500 facio
774 1454 881 1500 illud
917 1471 989 1513 per
1015 1468 1274 1514 praeceptum
1304 1455 1386 1500 Dei
1414 1468 1455 1499 et
1481 1457 1525 1499 in
1553 1471 1632 1499 suo
1657 1472 1741 1500 ser-

87 1540 210 1592 vitio,
239 1554 320 1598 ego
347 1554 437 1584 non
465 1538 591 1584 credo
616 1539 727 1584 male
754 1538 890 1583 facere
905 1556 915 1593 ;
932 1551 972 1583 et
994 1538 1169 1598 quando
1190 1538 1271 1583 sibi
1293 1539 1472 1598 placebit
1493 1540 1735 1598 praecipere,

87 1623 232 1668 statim
252 1623 332 1667 erit
357 1635 566 1667 remotus.
599 1641 619 1664 »

144 1760 236 1803 XL.
263 1776 283 1799 «
303 1760 430 1813 ITEM,
449 1758 568 1818 quod
591 1758 702 1804 dicta
721 1759 935 1816 Johanna,
954 1776 1042 1804 suae
1062 1760 1209 1804 salutis
1231 1760 1482 1814 immernor,
1504 1773 1545 1804 et
1565 1759 1739 1804 diabolo

87 1844 332 1902 instigante,
357 1859 447 1887 non
469 1855 530 1887 est
548 1859 626 1887 nec
650 1843 728 1887 fuit
746 1843 940 1897 confusa,
964 1845 1154 1902 repetitis
1175 1842 1356 1897 vicibus,
1379 1845 1564 1902 recipere
1585 1859 1741 1902 corpus

86 1927 263 1978 Christi,
294 1929 338 1971 in
369 1926 546 1971 diversis
579 1940 620 1971 et
649 1927 841 1985 pluribus
869 1927 990 1981 locis,
1024 1928 1068 1970 in
1106 1926 1256 1971 habitu
1290 1927 1403 1971 virili
1437 1940 1480 1971 et
1509 1927 1739 1982 dissoluto,

85 2024 212 2069 atque
239 2010 334 2065 sibi,
362 2027 435 2069 per
462 2024 723 2070 praeceptum
752 2012 833 2055 Dei
861 2024 902 2055 et
931 2011 1142 2065 Ecclesiae,
1171 2012 1305 2056 vetito
1335 2019 1412 2055 ac3
1443 2011 1679 2070 prohibito.
1716 2029 1735 2052 »

142 2093 240 2139 *Ad
264 2095 380 2138 hunc
398 2106 414 2128 4
435 2095 665 2139 articulum
688 2103 717 2149 5,
745 2094 975 2153 respondet
1001 2095 1015 2121 ⁶
1050 2094 1169 2154 quod
1191 2096 1279 2153 ipsa
1303 2095 1404 2140 inde
1430 2095 1530 2139 alias
1555 2111 1737 2154 respon-

84 2177 163 2232 dit,
192 2191 232 2222 et
255 2194 298 2222 se
326 2177 451 2222 refert
478 2176 530 2222 ad
554 2177 661 2222 illud
683 2177 801 2237 quod
831 2179 932 2223 alias
958 2178 1010 2223 de
1032 2178 1115 2223 hoc
1142 2177 1273 2233 dixit3
1309 2191 1350 2223 et
1370 2181 1500 2223 etiam
1530 2195 1574 2223 se
1610 2179 1735 2223 refert

85 2263 195 2315 Deo,
225 2262 276 2306 de
303 2261 582 2306 conclusione
606 2262 789 2306 articuli.

144 2346 421 2403 Interrogata,
454 2345 632 2400 sabbati,
663 2347 786 2390 tertia
826 2347 984 2399 martii,
1017 2345 1191 2404 quando
1234 2345 1320 2389 ibat
1352 2362 1427 2405 per
1459 2348 1654 2404 patriam,
1698 2348 1732 2390 si

83 2431 172 2488 ipsa
189 2445 299 2488 saepe
314 2429 541 2488 recipiebat
564 2439 880 2474 sacramentum
904 2431 1176 2488 poenitentiae
1192 2443 1233 2474 et
1253 2430 1534 2481 eucharistiae,
1555 2429 1731 2488 quando

84 2513 282 2557 veniebat
308 2513 417 2557 infra
438 2513 571 2557 bonas
597 2513 716 2557 villas
743 2531 751 2557 :
788 2513 1009 2571 respondit
1044 2513 1162 2572 quod
1193 2515 1266 2567 sic,
1303 2513 1547 2558 interdum.
1593 2514 1734 2557 Inter—

84 2610 227 2654 rogata
253 2599 287 2641 si
309 2597 535 2655 recipiebat
561 2611 824 2642 sacramenta
853 2596 1053 2655 praedicta
1078 2599 1121 2640 in
1151 2597 1300 2642 habitu
1333 2598 1445 2641 virili
1477 2615 1488 2660 :¹
1512 2596 1735 2656 respondit

83 2680 201 2739 quod
225 2683 308 2736 sic;
325 2680 397 2725 sed
426 2697 516 2725 non
543 2680 792 2726 recordatur
820 2683 1024 2739 recepisse
1049 2682 1093 2725 in
1118 2682 1262 2725 armis.

134 2823 351 2877 *Respond
370 2838 378 2863 :
408 2840 427 2861 «
458 2824 543 2873 J'en
566 2837 615 2877 ay
632 2824 835 2877 respondu
861 2838 867 2862 :
893 2825 927 2876 je
952 2823 1057 2864 m'en
1079 2825 1220 2864 actend
1243 2823 1309 2878 [ad
1327 2823 1389 2878 ce]
1414 2838 1490 2878 que
1512 2824 1726 2864 autresfois

82 2908 128 2934 en
154 2909 200 2948 ay
220 2895 290 2934 dit.
317 2912 335 2932 »
358 2897 408 2934 Et
426 2895 468 2934 de
490 2895 730 2942 conclusione,
758 2896 837 2934 s’en
861 2896 1000 2935 actend
1017 2897 1037 2934 a
1052 2896 1196 2935 Nostre
1225 2897 1419 2949 Seigneur
1440 2906 1468 2935 7.
1499 2913 1517 2932 »

134 3049 162 3072 1.
182 3038 243 3073 BC
261 3051 271 3072 .·
292 3044 397 3074 turre.
412 3060 459 3065 --
480 3050 512 3073 2.
533 3039 564 3073 A
586 3052 595 3073 .·
617 3044 688 3073 erat
703 3040 929 3085 malefactum.
947 3060 994 3064 ——
1018 3050 1046 3084 3.
1072 3039 1127 3074 C:
1145 3045 1186 3074 et.
1210 3061 1256 3066 —
1272 3051 1307 3083 4.
1331 3041 1359 3074 Α
1383 3052 1393 3073 .·
1417 3041 1722 3085 qnaaragrest'mum.

83 3118 129 3122 —
154 3108 181 3137 5.
204 3099 235 3132 A
257 3098 648 3144 ajoutcdictajolmnna.
666 3119 710 3124 —·—
732 3100 765 3133 6.
789 3100 822 3143 Q
839 3112 849 3133 .·
864 3099 1042 3145 respondit.
1061 3120 1107 3125 --
1134 3110 1166 3143 7.
1194 3100 1235 3137 U,
1259 3100 1319 3134 fol.
1344 3110 1399 3139 zo,
1421 3106 1464 3132 r0.
