2099 3356
343 202 501 246 pRocizs
534 214 591 244 DE
622 212 977 244 CONDAMNATlON
1012 212 1068 243 DE
1099 211 1264 255 JEANNE
1296 197 1426 241 D'ARc
1656 207 1709 251 79

62 329 102 363 et
128 315 299 360 videtur
325 315 363 359 ei
396 313 515 373 quod
546 311 654 357 illud
684 322 693 339 ¹
724 325 812 356 erat
845 314 942 356 satis
977 326 1108 370 prope
1138 312 1283 366 altare,
1319 309 1426 354 dum
1461 323 1532 352 rex
1568 324 1672 352 suus
1699 315 1712 332 ³

62 410 392 452 consecraretur,
427 410 468 442 et
507 399 689 455 ipsamet
722 397 867 455 ipsum
909 395 967 439 ibi
1003 397 1146 439 tenuit
1187 392 1523 453 aliquantulum.
1568 392 1715 435 Nescit

61 496 205 534 autem
225 495 375 527 utrum
402 480 530 526 frater
550 479 756 526 Ricardus
778 481 921 538 ipsum
943 478 1105 523 ibidem
1132 479 1336 523 tenuerit.

121 569 382 625 Interrogata
403 577 567 618 utrum,
594 563 769 623 quando
791 564 875 608 ibat
900 578 973 622 per
995 564 1192 622 patriam,
1219 576 1330 620 saepe
1353 562 1555 619 reciperet
1584 574 1716 603 sacra-

66 663 264 697 mentum
295 649 563 694 eucharistiae
590 660 631 692 et
666 649 951 706 poenitentiae,
988 645 1166 706 quando
1202 658 1289 690 erat
1326 647 1369 689 in
1407 644 1532 689 bonis
1565 643 1714 686 villis:

68 733 287 794 respondit
307 732 425 792 quod
449 735 522 787 sic,
554 731 790 776 interdum.

127 819 391 875 Interrogata
408 831 461 860 an
488 817 576 874 ipsa
598 814 825 874 recipiebat
843 813 1043 872 praedicta
1065 825 1328 858 sacramenta
1345 814 1387 856 in
1406 811 1554 855 habitu
1570 810 1683 854 virili
1704 826 1712 853 z

69 901 287 960 respondit
312 900 431 959 quod
462 901 521 944 sic
537 917 548 954 3
586 899 659 943 sed
687 913 777 943 non
808 896 1057 942 recordatur
1086 896 1205 956 quod
1233 897 1439 954 reciperet
1462 902 1472 927 ³
1503 894 1547 938 in
1571 895 1714 938 armis.

128 983 390 1039 Interrogata
416 995 493 1025 cur
516 980 627 1038 cepit
651 977 913 1038 gradarium,
942 977 1091 1036 gallice
1119 979 1159 1021 la
1187 976 1391 1035 haquem‘e‚
1428 976 1613 1034 episcopi
1642 973 1720 1018 Sil-

69 1066 333 1110 vanectensis
357 1080 365 1109 t
396 1064 619 1123 respondit
646 1062 764 1122 quod
792 1061 908 1106 idem
931 1060 1152 1120 gradarius
1175 1061 1257 1105 fuit
1283 1072 1457 1118 emptus
1487 1058 1681 1103 ducentis
1706 1067 1722 1091 4

69 1149 247 1194 salutiis.
273 1150 418 1193 Nescit
440 1164 492 1192 an
516 1150 604 1206 ipse
626 1147 832 1204 receperit
853 1145 921 1189 vel
949 1160 1067 1199 non;
1096 1157 1240 1189 tamen
1269 1143 1320 1188 de
1349 1143 1432 1187 hoc
1452 1142 1602 1187 habuit
1626 1142 1724 1185 assi—

70 1232 340 1292 gnationem,
361 1232 427 1276 vel
448 1232 530 1276 fuit
554 1230 797 1289 persolutus
817 1248 828 1284 ;
860 1231 990 1273 etiam
1012 1230 1101 1287 ipsa
1128 1229 1340 1287 rescripsit
1358 1227 1500 1272 eidem
1525 1228 1724 1285 episcopo

71 1315 190 1376 quod
218 1314 438 1360 rehaberet
469 1330 599 1359 suum
628 1313 853 1373 praefatum
880 1312 1142 1372 gradarium,
1172 1313 1205 1355 si
1244 1311 1389 1366 vellet,
1422 1323 1463 1355 et
1489 1309 1607 1369 quod
1638 1311 1727 1367 ipsa

75 1400 245 1445 nolebat
267 1416 384 1454 eum,
414 1415 492 1443 nec
518 1399 683 1443 valebat
711 1414 787 1456 pro
814 1396 1069 1442 sustinendo
1097 1410 1288 1455 poenam.

133 1485 396 1542 Interrogata
414 1484 585 1542 qualern
606 1494 777 1526 aetatem
801 1480 981 1526 habebat
1003 1494 1108 1540 puer
1123 1475 1257 1539 q'uern
1277 1481 1365 1537 ipsa
1378 1479 1597 1523 suscitavit
1614 1477 1726 1535 apud

78 1568 372 1627 Latigniacum
400 1583 408 1612 τ
460 1566 682 1626 respondit
718 1565 838 1625 quod
866 1581 971 1624 puer
998 1565 1068 1609 ille
1093 1576 1180 1608 erat
1203 1565 1337 1608 trium
1364 1563 1556 1617 dieru1n3
1580 1575 1621 1606 et
1648 1562 1728 1606 fuit

79 1665 324 1711 apportatus
352 1668 497 1696 coram
522 1652 711 1709 imagine
745 1651 880 1694 Beatae
911 1650 1058 1693 Mariae
1092 1650 1136 1692 in
1165 1648 1427 1706 Latigniaco‚
1453 1646 1622 1705 fuitque
1644 1645 1731 1690 dic-

78 1749 174 1781 tum
193 1736 271 1794 ipsi
294 1736 506 1793 Johannae
527 1732 648 1794 quod
673 1733 826 1793 puellae
854 1733 905 1778 de
936 1732 1036 1777 villa
1068 1744 1187 1776 erant
1210 1745 1355 1776 coram
1383 1730 1493 1775 dicta
1521 1731 1726 1788 imagine,

75 1928 147 1955 son
172 1914 386 1955 estaindart
405 1914 465 1953 fut
489 1913 593 1953 asses
616 1913 704 1967 pres
727 1912 774 1952 de
797 1909 932 1951 l'autel
951 1926 959 1961 3
985 1919 1022 1950 et
1044 1910 1119 1950 elle
1144 1924 1316 1950 mesmes
1332 1909 1407 1964 l'y5
1429 1910 1504 1949 tint
1532 1922 1612 1963 ung
1634 1922 1729 1963 poy,

77 1995 113 2026 et
137 2000 186 2026 ne
210 1987 307 2036 scait
335 1986 449 2040 point
470 1999 547 2040 que
562 1984 662 2024 frere
683 1983 841 2024 Richart
866 1983 902 2023 le
921 1984 1055 2023 tenist.

134 2058 406 2112 Interroguee‚
440 2066 564 2112 quant
590 2056 665 2096 elle
692 2054 791 2096 aloit
824 2069 893 2110 par
927 2054 961 2094 le
999 2058 1098 2109 pais,
1129 2053 1237 2094 s'elle
1270 2055 1475 2108 recepvoit
1505 2063 1674 2093 souvent
1696 2052 1731 2091 le

82 2139 302 2170 sacrement
320 2129 367 2170 de
395 2128 626 2170 confession
651 2138 688 2168 et
712 2127 760 2168 de
783 2126 931 2176 l'autel,
953 2125 1172 2181 quantselle
1193 2126 1331 2166 venoit
1349 2130 1389 2165 es
1412 2126 1564 2165 bonnes
1588 2124 1702 2165 villes
1722 2138 1730 2163 τ

84 2202 257 2256 respond
277 2215 353 2257 que
376 2200 475 2250 ouil‚
499 2202 519 2240 a
537 2200 573 2240 la
590 2200 681 2240 fois.

140 2274 398 2328 Interroguee
422 2271 530 2313 s'elle
555 2272 758 2326 recepvoit
780 2270 899 2311 lesdiz
919 2283 1142 2310 sacremens
1165 2284 1212 2310 en
1232 2269 1313 2310 abit
1334 2268 1511 2309 d'omme
1533 2283 1540 2309 :
1561 2268 1733 2323 respond

88 2360 163 2400 que
185 2347 267 2386 ouil
290 2362 299 2395 3
323 2347 421 2385 mais
444 2360 492 2385 ne
515 2360 534 2384 a
556 2346 672 2399 point
691 2343 884 2383 memoire
912 2341 960 2382 de
980 2342 1015 2382 le
1037 2342 1149 2382 avoir
1164 2355 1280 2382 receu
1300 2355 1348 2382 m
1372 2355 1516 2381 armes.

142 2418 400 2472 Interroguee
419 2430 634 2471 pourquoy
658 2415 733 2456 elle
755 2416 881 2469 prinst
906 2414 940 2454 la
965 2415 1171 2468 haquenee
1193 2413 1241 2453 de
1267 2413 1466 2468 l'evesque
1494 2413 1540 2453 de
1562 2411 1693 2453 Senlis
1726 2427 1732 2451 :

88 2499 263 2544 respont,
285 2489 359 2529 elle
380 2488 439 2529 fut
457 2489 642 2529 achectee
661 2489 763 2528 deux
782 2500 875 2527 cens
888 2487 1005 2526 salus.
1024 2486 1064 2526 Si
1084 2485 1139 2526 les
1165 2496 1252 2525 eust
1274 2500 1326 2525 ou
1344 2499 1441 2534 non,
1457 2484 1532 2525 elle
1552 2499 1600 2524 ne
1617 2485 1735 2533 scai13

88 2562 184 2600 mais
204 2573 252 2600 en
275 2559 360 2600 oult
379 2561 649 2614 assignacion,
677 2571 728 2598 ou
749 2558 775 2598 il
798 2572 845 2597 en
868 2557 971 2597 feust
992 2558 1119 2611 paye3
1151 2565 1189 2595 et
1217 2557 1247 2596 si
1273 2556 1328 2595 lui
1359 2555 1514 2596 rescrist
1548 2569 1626 2610 que
1655 2554 1680 2594 il
1704 2555 1739 2594 la

88 2632 260 2680 reairoit,
294 2631 353 2671 s’il
389 2631 563 2680 vouloit,
588 2640 625 2670 et
655 2629 799 2685 qu’elle
825 2643 872 2669 ne
898 2628 933 2669 la
962 2628 1121 2668 vouloit
1151 2628 1281 2682 point,
1314 2639 1353 2668 et
1376 2626 1519 2682 qu'elle
1547 2641 1594 2667 ne
1617 2627 1741 2667 valoit

90 2705 174 2743 rien
195 2718 296 2757 pour
320 2703 479 2743 souffrir
500 2704 632 2757 paine.

145 2775 400 2829 Interroguee
426 2774 557 2829 quelle
576 2775 684 2828 aaige
702 2773 810 2813 avoit
829 2772 992 2812 l'enfant
1016 2771 1035 2810 a
1057 2771 1210 2825 Laigny
1225 2770 1369 2826 qu’elle
1388 2771 1446 2811 ala
1471 2770 1606 2810 visiter
1630 2784 1637 2808 :
1664 2784 1741 2809 res-

96 2847 218 2900 pond,
246 2847 407 2886 l'ensant
431 2847 538 2886 avoit
561 2847 657 2886 trois
689 2845 816 2897 jours;
841 2853 878 2884 et
893 2843 952 2883 fut
976 2844 1141 2898 apporte
1165 2844 1185 2882 a
1207 2843 1359 2897 Laigny
1385 2842 1405 2882 a
1427 2844 1572 2882 Nostre
1600 2843 1739 2889 name,

95 2926 132 2957 et
156 2917 223 2972 luy
254 2917 314 2958 fut
347 2919 403 2958 dit
428 2931 504 2973 que
528 2917 584 2957 les
609 2917 784 2971 pucelles
809 2917 856 2955 de
879 2915 913 2955 la
933 2914 1028 2955 ville
1050 2916 1221 2954 estoient
1255 2914 1399 2955 devant
1429 2915 1573 2954 Nostre
1601 2915 1738 2961 Darne,

152 3070 180 3094 1.
203 3060 232 3095 A
251 3060 368 3107 ajoute
382 3061 556 3096 vexillum.
580 3081 621 3086 —-
643 3070 675 3094 2.
699 3059 765 3094 AC
781 3071 789 3092 :
805 3061 884 3105 ejus.
906 3079 945 3083 -—
974 3068 1003 3103 3.
1021 3058 1108 3092 AC:
1129 3059 1293 3105 receperit.
1315 3080 1360 3083 ——
1381 3067 1414 3101 4.
1430 3058 1480 3092 C:
1499 3057 1744 3091 timentum.—

110 3129 136 3161 5.
153 3120 229 3154 ⁴Hs:
259 3120 325 3154 lm'.
