<?xml version="1.0" encoding="UTF-8"?>
<!DOCTYPE html PUBLIC "-//W3C//DTD XHTML 1.0 Transitional//EN"
    "http://www.w3.org/TR/xhtml1/DTD/xhtml1-transitional.dtd">
<html xmlns="http://www.w3.org/1999/xhtml" xml:lang="en" lang="en">
 <head>
  <title>
</title>
<meta http-equiv="Content-Type" content="text/html;charset=utf-8" />
  <meta name='ocr-system' content='tesseract 3.04.00' />
  <meta name='ocr-capabilities' content='ocr_page ocr_carea ocr_par ocr_line ocrx_word'/>
</head>
<body>
  <div class='ocr_page' id='page_1' title='image "./procsdecondamn01cham/procsdecondamn01cham_0277.png"; bbox 0 0 2099 3356; ppageno 0'>
   <div class='ocr_carea' id='block_1_1' title="bbox 366 193 1720 251">
    <p class='ocr_par' dir='ltr' id='par_1_1' title="bbox 366 193 1720 251">
     <span class='ocr_line' id='line_1_1' title="bbox 366 193 1720 251; baseline 0.001 -14"><span class='ocrx_word' id='word_1_1' title='bbox 366 193 526 237; x_wconf 60' lang='lat' dir='ltr'>PRocfis</span> <span class='ocrx_word' id='word_1_2' title='bbox 559 208 615 238; x_wconf 81' lang='lat' dir='ltr'>DE</span> <span class='ocrx_word' id='word_1_3' title='bbox 648 207 1004 238; x_wconf 76' lang='lat' dir='ltr'>CONDAMNATION</span> <span class='ocrx_word' id='word_1_4' title='bbox 1038 209 1094 238; x_wconf 85' lang='lat' dir='ltr'>DE</span> <span class='ocrx_word' id='word_1_5' title='bbox 1126 209 1292 251; x_wconf 80' lang='lat' dir='ltr'>JEANNE</span> <span class='ocrx_word' id='word_1_6' title='bbox 1324 194 1451 239; x_wconf 83' lang='lat' dir='ltr'>D&#39;ARC</span> <span class='ocrx_word' id='word_1_7' title='bbox 1637 206 1720 250; x_wconf 82' lang='lat'>227</span> 
     </span>
    </p>
   </div>
   <div class='ocr_carea' id='block_1_2' title="bbox 81 305 1744 2464">
    <p class='ocr_par' dir='ltr' id='par_1_2' title="bbox 81 305 1726 518">
     <span class='ocr_line' id='line_1_2' title="bbox 82 305 1726 366; baseline 0.001 -16"><span class='ocrx_word' id='word_1_8' title='bbox 82 307 224 365; x_wconf 91' lang='lat' dir='ltr'>poenis</span> <span class='ocrx_word' id='word_1_9' title='bbox 243 305 415 360; x_wconf 89' lang='lat' dir='ltr'>inferni,</span> <span class='ocrx_word' id='word_1_10' title='bbox 441 306 559 366; x_wconf 89' lang='lat' dir='ltr'>quod</span> <span class='ocrx_word' id='word_1_11' title='bbox 581 320 682 351; x_wconf 89' lang='lat' dir='ltr'>sunt</span> <span class='ocrx_word' id='word_1_12' title='bbox 698 308 831 352; x_wconf 84' lang='lat' dir='ltr'>sancti</span> <span class='ocrx_word' id='word_1_13' title='bbox 858 307 1059 362; x_wconf 84' lang='lat' dir='ltr'>Michael,</span> <span class='ocrx_word' id='word_1_14' title='bbox 1086 307 1273 362; x_wconf 83' lang='lat' dir='ltr'>Gabriel,</span> <span class='ocrx_word' id='word_1_15' title='bbox 1306 319 1463 353; x_wconf 83' lang='lat' dir='ltr'>sanctae</span> <span class='ocrx_word' id='word_1_16' title='bbox 1489 307 1726 352; x_wconf 83' lang='lat' dir='ltr'>Katharina</span> 
     </span>
     <span class='ocr_line' id='line_1_3' title="bbox 81 390 1724 449; baseline 0.001 -16"><span class='ocrx_word' id='word_1_17' title='bbox 81 401 124 433; x_wconf 85' lang='lat' dir='ltr'>et</span> <span class='ocrx_word' id='word_1_18' title='bbox 152 390 401 447; x_wconf 83' lang='lat' dir='ltr'>Margareta,</span> <span class='ocrx_word' id='word_1_19' title='bbox 427 406 537 449; x_wconf 91' lang='lat' dir='ltr'>quos</span> <span class='ocrx_word' id='word_1_20' title='bbox 564 392 786 435; x_wconf 88' lang='lat' dir='ltr'>Dominus</span> <span class='ocrx_word' id='word_1_21' title='bbox 810 403 956 436; x_wconf 88' lang='lat' dir='ltr'>noster</span> <span class='ocrx_word' id='word_1_22' title='bbox 975 393 1097 436; x_wconf 75' lang='lat' dir='ltr'>&#39;misit</span> <span class='ocrx_word' id='word_1_23' title='bbox 1119 393 1171 445; x_wconf 83' lang='lat' dir='ltr'>ei,</span> <span class='ocrx_word' id='word_1_24' title='bbox 1202 407 1279 449; x_wconf 86' lang='lat' dir='ltr'>pro</span> <span class='ocrx_word' id='word_1_25' title='bbox 1309 407 1404 436; x_wconf 90' lang='lat' dir='ltr'>eam</span> <span class='ocrx_word' id='word_1_26' title='bbox 1437 390 1724 436; x_wconf 86' lang='lat' dir='ltr'>confortando</span> 
     </span>
     <span class='ocr_line' id='line_1_4' title="bbox 81 472 429 518; baseline 0.003 -1"><span class='ocrx_word' id='word_1_27' title='bbox 81 485 123 518; x_wconf 91' lang='lat' dir='ltr'>et</span> <span class='ocrx_word' id='word_1_28' title='bbox 143 472 429 518; x_wconf 88' lang='lat' dir='ltr'>consulendo.</span> 
     </span>
    </p>

    <p class='ocr_par' dir='ltr' id='par_1_3' title="bbox 85 556 1731 853">
     <span class='ocr_line' id='line_1_5' title="bbox 141 556 1727 617; baseline 0.001 -17"><span class='ocrx_word' id='word_1_29' title='bbox 141 557 267 608; x_wconf 85' lang='lat' dir='ltr'><strong>Item,</strong></span> <span class='ocrx_word' id='word_1_30' title='bbox 297 556 473 611; x_wconf 84' lang='lat' dir='ltr'>sabbati,</span> <span class='ocrx_word' id='word_1_31' title='bbox 502 572 642 602; x_wconf 76' lang='lat' dir='ltr'>xxml.</span> <span class='ocrx_word' id='word_1_32' title='bbox 671 558 886 609; x_wconf 86' lang='lat' dir='ltr'>februarii,</span> <span class='ocrx_word' id='word_1_33' title='bbox 910 556 1017 603; x_wconf 83' lang='lat' dir='ltr'>dixit</span> <span class='ocrx_word' id='word_1_34' title='bbox 1040 557 1160 616; x_wconf 88' lang='lat' dir='ltr'>quod</span> <span class='ocrx_word' id='word_1_35' title='bbox 1184 560 1272 617; x_wconf 88' lang='lat' dir='ltr'>ipsa</span> <span class='ocrx_word' id='word_1_36' title='bbox 1292 559 1487 612; x_wconf 88' lang='lat' dir='ltr'>firmiter,</span> <span class='ocrx_word' id='word_1_37' title='bbox 1523 557 1656 603; x_wconf 86' lang='lat' dir='ltr'>credit</span> <span class='ocrx_word' id='word_1_38' title='bbox 1685 570 1727 603; x_wconf 93' lang='lat' dir='ltr'>et</span> 
     </span>
     <span class='ocr_line' id='line_1_6' title="bbox 85 640 1728 701; baseline 0.002 -17"><span class='ocrx_word' id='word_1_39' title='bbox 85 656 208 699; x_wconf 82' lang='lat' dir='ltr'>aeque</span> <span class='ocrx_word' id='word_1_40' title='bbox 233 640 430 695; x_wconf 83' lang='lat' dir='ltr'>firmiter,</span> <span class='ocrx_word' id='word_1_41' title='bbox 466 642 575 686; x_wconf 92' lang='lat' dir='ltr'>sicut</span> <span class='ocrx_word' id='word_1_42' title='bbox 613 641 745 686; x_wconf 87' lang='lat' dir='ltr'>credit</span> <span class='ocrx_word' id='word_1_43' title='bbox 781 641 911 686; x_wconf 89' lang='lat' dir='ltr'>fidem</span> <span class='ocrx_word' id='word_1_44' title='bbox 946 642 1222 687; x_wconf 84' lang='lat' dir='ltr'>christianam</span> <span class='ocrx_word' id='word_1_45' title='bbox 1260 655 1300 687; x_wconf 91' lang='lat' dir='ltr'>et</span> <span class='ocrx_word' id='word_1_46' title='bbox 1337 642 1457 701; x_wconf 89' lang='lat' dir='ltr'>quod</span> <span class='ocrx_word' id='word_1_47' title='bbox 1485 643 1604 687; x_wconf 88' lang='lat' dir='ltr'>Deus</span> <span class='ocrx_word' id='word_1_48' title='bbox 1649 657 1728 686; x_wconf 91' lang='lat' dir='ltr'>nos</span> 
     </span>
     <span class='ocr_line' id='line_1_7' title="bbox 85 723 1731 784; baseline 0.002 -16"><span class='ocrx_word' id='word_1_49' title='bbox 85 724 269 770; x_wconf 85' lang='lat' dir='ltr'><strong>redemit</strong></span> <span class='ocrx_word' id='word_1_50' title='bbox 287 723 339 769; x_wconf 92' lang='lat' dir='ltr'>de</span> <span class='ocrx_word' id='word_1_51' title='bbox 357 726 499 783; x_wconf 87' lang='lat' dir='ltr'>poenis</span> <span class='ocrx_word' id='word_1_52' title='bbox 517 725 688 779; x_wconf 84' lang='lat' dir='ltr'>inferni,</span> <span class='ocrx_word' id='word_1_53' title='bbox 718 724 838 784; x_wconf 88' lang='lat' dir='ltr'>quod</span> <span class='ocrx_word' id='word_1_54' title='bbox 863 727 938 770; x_wconf 86' lang='lat' dir='ltr'>ista</span> <span class='ocrx_word' id='word_1_55' title='bbox 959 741 1043 770; x_wconf 81' lang='lat' dir='ltr'>vox</span> <span class='ocrx_word' id='word_1_56' title='bbox 1064 728 1180 771; x_wconf 90' lang='lat' dir='ltr'>venit</span> <span class='ocrx_word' id='word_1_57' title='bbox 1206 743 1229 770; x_wconf 92' lang='lat' dir='ltr'>a</span> <span class='ocrx_word' id='word_1_58' title='bbox 1256 728 1351 771; x_wconf 90' lang='lat' dir='ltr'>Deo</span> <span class='ocrx_word' id='word_1_59' title='bbox 1372 739 1413 771; x_wconf 89' lang='lat' dir='ltr'>et</span> <span class='ocrx_word' id='word_1_60' title='bbox 1440 743 1491 771; x_wconf 88' lang='lat' dir='ltr'>ex</span> <span class='ocrx_word' id='word_1_61' title='bbox 1510 742 1586 771; x_wconf 91' lang='lat' dir='ltr'>sua</span> <span class='ocrx_word' id='word_1_62' title='bbox 1610 725 1731 771; x_wconf 85' lang='lat' dir='ltr'>ordi-</span> 
     </span>
     <span class='ocr_line' id='line_1_8' title="bbox 86 808 275 853; baseline 0 -1"><span class='ocrx_word' id='word_1_63' title='bbox 86 808 275 853; x_wconf 88' lang='lat' dir='ltr'>natione.</span> 
     </span>
    </p>

    <p class='ocr_par' dir='ltr' id='par_1_4' title="bbox 89 891 1736 1456">
     <span class='ocr_line' id='line_1_9' title="bbox 146 891 1730 952; baseline 0.001 -16"><span class='ocrx_word' id='word_1_64' title='bbox 146 893 272 947; x_wconf 85' lang='lat' dir='ltr'>Item,</span> <span class='ocrx_word' id='word_1_65' title='bbox 314 891 489 946; x_wconf 87' lang='lat' dir='ltr'>sabbati,</span> <span class='ocrx_word' id='word_1_66' title='bbox 530 894 652 937; x_wconf 88' lang='lat' dir='ltr'>tertia</span> <span class='ocrx_word' id='word_1_67' title='bbox 684 894 846 938; x_wconf 88' lang='lat' dir='ltr'>mensis</span> <span class='ocrx_word' id='word_1_68' title='bbox 873 895 1031 948; x_wconf 89' lang='lat' dir='ltr'>martii,</span> <span class='ocrx_word' id='word_1_69' title='bbox 1062 895 1320 952; x_wconf 80' lang='lat' dir='ltr'>interrogata</span> <span class='ocrx_word' id='word_1_70' title='bbox 1355 895 1388 938; x_wconf 88' lang='lat' dir='ltr'>si</span> <span class='ocrx_word' id='word_1_71' title='bbox 1427 893 1569 939; x_wconf 86' lang='lat' dir='ltr'>credat</span> <span class='ocrx_word' id='word_1_72' title='bbox 1609 891 1730 952; x_wconf 88' lang='lat' dir='ltr'>quod</span> 
     </span>
     <span class='ocr_line' id='line_1_10' title="bbox 89 976 1728 1038; baseline 0.002 -18"><span class='ocrx_word' id='word_1_73' title='bbox 89 978 223 1021; x_wconf 88' lang='lat' dir='ltr'>sancti</span> <span class='ocrx_word' id='word_1_74' title='bbox 251 976 434 1021; x_wconf 81' lang='lat' dir='ltr'>Michael</span> <span class='ocrx_word' id='word_1_75' title='bbox 452 990 494 1021; x_wconf 94' lang='lat' dir='ltr'>et</span> <span class='ocrx_word' id='word_1_76' title='bbox 517 976 691 1022; x_wconf 89' lang='lat' dir='ltr'>Gabriel</span> <span class='ocrx_word' id='word_1_77' title='bbox 709 977 893 1022; x_wconf 85' lang='lat' dir='ltr'>habeant</span> <span class='ocrx_word' id='word_1_78' title='bbox 919 979 1055 1036; x_wconf 89' lang='lat' dir='ltr'>capita</span> <span class='ocrx_word' id='word_1_79' title='bbox 1076 979 1309 1023; x_wconf 86' lang='lat' dir='ltr'>materialia</span> <span class='ocrx_word' id='word_1_80' title='bbox 1332 997 1339 1023; x_wconf 89' lang='lat'><strong>:</strong></span> <span class='ocrx_word' id='word_1_81' title='bbox 1366 978 1585 1037; x_wconf 87' lang='lat' dir='ltr'>respondit</span> <span class='ocrx_word' id='word_1_82' title='bbox 1610 978 1728 1038; x_wconf 88' lang='lat' dir='ltr'>quod</span> 
     </span>
     <span class='ocr_line' id='line_1_11' title="bbox 90 1060 1734 1122; baseline 0.001 -17"><span class='ocrx_word' id='word_1_83' title='bbox 90 1060 225 1105; x_wconf 89' lang='lat' dir='ltr'>oculis</span> <span class='ocrx_word' id='word_1_84' title='bbox 248 1061 335 1104; x_wconf 90' lang='lat' dir='ltr'>suis</span> <span class='ocrx_word' id='word_1_85' title='bbox 358 1060 466 1105; x_wconf 88' lang='lat' dir='ltr'>vidit</span> <span class='ocrx_word' id='word_1_86' title='bbox 487 1077 561 1105; x_wconf 90' lang='lat' dir='ltr'>eos</span> <span class='ocrx_word' id='word_1_87' title='bbox 586 1070 615 1116; x_wconf 88' lang='lat'>¹,</span> <span class='ocrx_word' id='word_1_88' title='bbox 645 1074 686 1105; x_wconf 90' lang='lat' dir='ltr'>et</span> <span class='ocrx_word' id='word_1_89' title='bbox 718 1061 850 1106; x_wconf 90' lang='lat' dir='ltr'>credit</span> <span class='ocrx_word' id='word_1_90' title='bbox 873 1061 990 1120; x_wconf 88' lang='lat' dir='ltr'>quod</span> <span class='ocrx_word' id='word_1_91' title='bbox 1012 1075 1113 1106; x_wconf 91' lang='lat' dir='ltr'>sunt</span> <span class='ocrx_word' id='word_1_92' title='bbox 1148 1064 1244 1121; x_wconf 88' lang='lat' dir='ltr'>ipsi,</span> <span class='ocrx_word' id='word_1_93' title='bbox 1274 1079 1396 1122; x_wconf 87' lang='lat' dir='ltr'>aeque</span> <span class='ocrx_word' id='word_1_94' title='bbox 1421 1062 1602 1107; x_wconf 85' lang='lat' dir='ltr'>firmiter</span> <span class='ocrx_word' id='word_1_95' title='bbox 1623 1064 1734 1107; x_wconf 88' lang='lat' dir='ltr'>sicut</span> 
     </span>
     <span class='ocr_line' id='line_1_12' title="bbox 93 1144 1733 1206; baseline 0.002 -18"><span class='ocrx_word' id='word_1_96' title='bbox 93 1145 212 1189; x_wconf 87' lang='lat' dir='ltr'>Deus</span> <span class='ocrx_word' id='word_1_97' title='bbox 232 1157 310 1190; x_wconf 89' lang='lat' dir='ltr'>est.</span> <span class='ocrx_word' id='word_1_98' title='bbox 335 1146 598 1203; x_wconf 87' lang='lat' dir='ltr'>Interrogata</span> <span class='ocrx_word' id='word_1_99' title='bbox 620 1146 653 1189; x_wconf 86' lang='lat' dir='ltr'>si</span> <span class='ocrx_word' id='word_1_100' title='bbox 672 1144 813 1192; x_wconf 85' lang='lat' dir='ltr'>credat</span> <span class='ocrx_word' id='word_1_101' title='bbox 826 1145 946 1203; x_wconf 91' lang='lat' dir='ltr'>quod</span> <span class='ocrx_word' id='word_1_102' title='bbox 964 1147 1083 1191; x_wconf 91' lang='lat' dir='ltr'>Deus</span> <span class='ocrx_word' id='word_1_103' title='bbox 1103 1145 1353 1191; x_wconf 85' lang='lat' dir='ltr'>formaverit</span> <span class='ocrx_word' id='word_1_104' title='bbox 1369 1163 1442 1191; x_wconf 90' lang='lat' dir='ltr'>eos</span> <span class='ocrx_word' id='word_1_105' title='bbox 1461 1148 1503 1191; x_wconf 92' lang='lat' dir='ltr'>in</span> <span class='ocrx_word' id='word_1_106' title='bbox 1524 1146 1733 1206; x_wconf 82' lang='lat' dir='ltr'>capitibus</span> 
     </span>
     <span class='ocr_line' id='line_1_13' title="bbox 93 1228 1735 1288; baseline 0.001 -16"><span class='ocrx_word' id='word_1_107' title='bbox 93 1229 137 1273; x_wconf 92' lang='lat' dir='ltr'>in</span> <span class='ocrx_word' id='word_1_108' title='bbox 162 1228 321 1288; x_wconf 89' lang='lat' dir='ltr'>quibus</span> <span class='ocrx_word' id='word_1_109' title='bbox 341 1228 449 1273; x_wconf 87' lang='lat' dir='ltr'>vidit</span> <span class='ocrx_word' id='word_1_110' title='bbox 469 1245 542 1273; x_wconf 90' lang='lat' dir='ltr'>eos</span> <span class='ocrx_word' id='word_1_111' title='bbox 564 1246 572 1273; x_wconf 92' lang='lat'>:</span> <span class='ocrx_word' id='word_1_112' title='bbox 604 1228 851 1288; x_wconf 86' lang='lat' dir='ltr'>respondit:</span> <span class='ocrx_word' id='word_1_113' title='bbox 879 1247 898 1270; x_wconf 86' lang='lat'>«</span> <span class='ocrx_word' id='word_1_114' title='bbox 924 1231 1014 1288; x_wconf 80' lang='lat' dir='ltr'>Ego</span> <span class='ocrx_word' id='word_1_115' title='bbox 1032 1229 1117 1274; x_wconf 88' lang='lat' dir='ltr'>vidi</span> <span class='ocrx_word' id='word_1_116' title='bbox 1146 1246 1219 1275; x_wconf 90' lang='lat' dir='ltr'>eos</span> <span class='ocrx_word' id='word_1_117' title='bbox 1240 1230 1376 1275; x_wconf 89' lang='lat' dir='ltr'>oculis</span> <span class='ocrx_word' id='word_1_118' title='bbox 1396 1232 1526 1283; x_wconf 84' lang='lat' dir='ltr'>meis;</span> <span class='ocrx_word' id='word_1_119' title='bbox 1568 1246 1645 1274; x_wconf 91' lang='lat' dir='ltr'>nec</span> <span class='ocrx_word' id='word_1_120' title='bbox 1671 1229 1735 1274; x_wconf 92' lang='lat' dir='ltr'>di-</span> 
     </span>
     <span class='ocr_line' id='line_1_14' title="bbox 90 1312 1736 1373; baseline 0.001 -16"><span class='ocrx_word' id='word_1_121' title='bbox 90 1328 185 1357; x_wconf 86' lang='lat' dir='ltr'>cam</span> <span class='ocrx_word' id='word_1_122' title='bbox 218 1312 341 1358; x_wconf 90' lang='lat' dir='ltr'>vobis</span> <span class='ocrx_word' id='word_1_123' title='bbox 366 1312 498 1357; x_wconf 89' lang='lat' dir='ltr'>aliud.</span> <span class='ocrx_word' id='word_1_124' title='bbox 526 1328 545 1351; x_wconf 86' lang='lat'>»</span> <span class='ocrx_word' id='word_1_125' title='bbox 575 1339 634 1345; x_wconf 92' lang='grc'>--</span> <span class='ocrx_word' id='word_1_126' title='bbox 668 1314 930 1372; x_wconf 83' lang='lat' dir='ltr'>Interrogata</span> <span class='ocrx_word' id='word_1_127' title='bbox 955 1315 988 1357; x_wconf 90' lang='lat' dir='ltr'>si</span> <span class='ocrx_word' id='word_1_128' title='bbox 1017 1313 1159 1358; x_wconf 86' lang='lat' dir='ltr'>credat</span> <span class='ocrx_word' id='word_1_129' title='bbox 1194 1314 1313 1373; x_wconf 89' lang='lat' dir='ltr'>quod</span> <span class='ocrx_word' id='word_1_130' title='bbox 1341 1316 1460 1359; x_wconf 89' lang='lat' dir='ltr'>Deus</span> <span class='ocrx_word' id='word_1_131' title='bbox 1486 1314 1736 1358; x_wconf 83' lang='lat' dir='ltr'>formaverit</span> 
     </span>
     <span class='ocr_line' id='line_1_15' title="bbox 89 1396 1544 1456; baseline -0.001 -14"><span class='ocrx_word' id='word_1_132' title='bbox 89 1413 163 1442; x_wconf 89' lang='lat' dir='ltr'>eos</span> <span class='ocrx_word' id='word_1_133' title='bbox 190 1398 234 1442; x_wconf 89' lang='lat' dir='ltr'>in</span> <span class='ocrx_word' id='word_1_134' title='bbox 258 1397 397 1442; x_wconf 87' lang='lat' dir='ltr'>forma</span> <span class='ocrx_word' id='word_1_135' title='bbox 424 1409 465 1442; x_wconf 86' lang='lat' dir='ltr'>et</span> <span class='ocrx_word' id='word_1_136' title='bbox 492 1397 627 1442; x_wconf 91' lang='lat' dir='ltr'>modo</span> <span class='ocrx_word' id='word_1_137' title='bbox 644 1397 802 1456; x_wconf 90' lang='lat' dir='ltr'>quibus</span> <span class='ocrx_word' id='word_1_138' title='bbox 823 1397 928 1442; x_wconf 88' lang='lat' dir='ltr'>vidit</span> <span class='ocrx_word' id='word_1_139' title='bbox 949 1411 1022 1442; x_wconf 88' lang='lat' dir='ltr'>eos</span> <span class='ocrx_word' id='word_1_140' title='bbox 1041 1415 1048 1441; x_wconf 80' lang='lat' dir='ltr'><em>z</em></span> <span class='ocrx_word' id='word_1_141' title='bbox 1078 1396 1309 1456; x_wconf 85' lang='lat' dir='ltr'>respondet</span> <span class='ocrx_word' id='word_1_142' title='bbox 1331 1396 1450 1456; x_wconf 88' lang='lat' dir='ltr'>quod</span> <span class='ocrx_word' id='word_1_143' title='bbox 1471 1398 1544 1442; x_wconf 86' lang='lat' dir='ltr'>ita.</span> 
     </span>
    </p>

    <p class='ocr_par' dir='ltr' id='par_1_5' title="bbox 90 1480 1744 2464">
     <span class='ocr_line' id='line_1_16' title="bbox 151 1480 1738 1540; baseline 0.001 -16"><span class='ocrx_word' id='word_1_144' title='bbox 151 1482 303 1535; x_wconf 81' lang='lat' dir='ltr'>Lunae,</span> <span class='ocrx_word' id='word_1_145' title='bbox 333 1495 409 1524; x_wconf 66' lang='grc' dir='ltr'>ΧΠ.</span> <span class='ocrx_word' id='word_1_146' title='bbox 435 1482 593 1535; x_wconf 85' lang='lat' dir='ltr'>martii,</span> <span class='ocrx_word' id='word_1_147' title='bbox 611 1482 871 1540; x_wconf 78' lang='lat' dir='ltr'>interrogata</span> <span class='ocrx_word' id='word_1_148' title='bbox 895 1498 948 1526; x_wconf 89' lang='lat' dir='ltr'>an</span> <span class='ocrx_word' id='word_1_149' title='bbox 976 1481 1027 1525; x_wconf 90' lang='lat' dir='ltr'>de</span> <span class='ocrx_word' id='word_1_150' title='bbox 1054 1483 1143 1526; x_wconf 88' lang='lat' dir='ltr'>istis</span> <span class='ocrx_word' id='word_1_151' title='bbox 1165 1481 1406 1525; x_wconf 85' lang='lat' dir='ltr'>visionibus</span> <span class='ocrx_word' id='word_1_152' title='bbox 1431 1482 1573 1526; x_wconf 82' lang='lat' dir='ltr'>locuta</span> <span class='ocrx_word' id='word_1_153' title='bbox 1609 1480 1738 1525; x_wconf 84' lang='lat' dir='ltr'>fuerit</span> 
     </span>
     <span class='ocr_line' id='line_1_17' title="bbox 93 1563 1734 1624; baseline 0 -16"><span class='ocrx_word' id='word_1_154' title='bbox 93 1577 242 1610; x_wconf 85' lang='lat' dir='ltr'>curato</span> <span class='ocrx_word' id='word_1_155' title='bbox 267 1581 346 1610; x_wconf 91' lang='lat' dir='ltr'>suo</span> <span class='ocrx_word' id='word_1_156' title='bbox 382 1578 456 1609; x_wconf 87' lang='lat' dir='ltr'>aut</span> <span class='ocrx_word' id='word_1_157' title='bbox 492 1565 611 1610; x_wconf 84' lang='lat' dir='ltr'>alteri</span> <span class='ocrx_word' id='word_1_158' title='bbox 633 1567 724 1610; x_wconf 87' lang='lat' dir='ltr'>viro</span> <span class='ocrx_word' id='word_1_159' title='bbox 751 1565 1062 1610; x_wconf 87' lang='lat' dir='ltr'>ecclesiastico:</span> <span class='ocrx_word' id='word_1_160' title='bbox 1101 1564 1351 1623; x_wconf 78' lang='lat' dir='ltr'>respondit²</span> <span class='ocrx_word' id='word_1_161' title='bbox 1380 1564 1499 1624; x_wconf 88' lang='lat' dir='ltr'>quod</span> <span class='ocrx_word' id='word_1_162' title='bbox 1528 1581 1634 1618; x_wconf 86' lang='lat' dir='ltr'>non,</span> <span class='ocrx_word' id='word_1_163' title='bbox 1662 1563 1734 1608; x_wconf 89' lang='lat' dir='ltr'>sed</span> 
     </span>
     <span class='ocr_line' id='line_1_18' title="bbox 90 1648 1737 1707; baseline -0.001 -14"><span class='ocrx_word' id='word_1_164' title='bbox 90 1648 234 1694; x_wconf 88' lang='lat' dir='ltr'>solum</span> <span class='ocrx_word' id='word_1_165' title='bbox 265 1648 455 1694; x_wconf 86' lang='lat' dir='ltr'>Roberto</span> <span class='ocrx_word' id='word_1_166' title='bbox 491 1648 543 1693; x_wconf 91' lang='lat' dir='ltr'>de</span> <span class='ocrx_word' id='word_1_167' title='bbox 567 1649 901 1694; x_wconf 77' lang='lat' dir='ltr'>Baudricourt-et</span> <span class='ocrx_word' id='word_1_168' title='bbox 921 1665 1001 1694; x_wconf 91' lang='lat' dir='ltr'>suo</span> <span class='ocrx_word' id='word_1_169' title='bbox 1025 1650 1128 1707; x_wconf 81' lang='lat' dir='ltr'>regi.</span> <span class='ocrx_word' id='word_1_170' title='bbox 1158 1649 1209 1694; x_wconf 88' lang='lat' dir='ltr'>Et</span> <span class='ocrx_word' id='word_1_171' title='bbox 1229 1649 1337 1694; x_wconf 82' lang='lat' dir='ltr'>dixit</span> <span class='ocrx_word' id='word_1_172' title='bbox 1361 1649 1472 1694; x_wconf 85' lang='lat' dir='ltr'>ultra</span> <span class='ocrx_word' id='word_1_173' title='bbox 1496 1648 1613 1707; x_wconf 91' lang='lat' dir='ltr'>quod</span> <span class='ocrx_word' id='word_1_174' title='bbox 1648 1665 1737 1692; x_wconf 89' lang='lat' dir='ltr'>non</span> 
     </span>
     <span class='ocr_line' id='line_1_19' title="bbox 91 1731 1740 1791; baseline 0 -15"><span class='ocrx_word' id='word_1_175' title='bbox 91 1731 174 1777; x_wconf 91' lang='lat' dir='ltr'>fuit</span> <span class='ocrx_word' id='word_1_176' title='bbox 200 1746 342 1778; x_wconf 83' lang='lat' dir='ltr'>coacta</span> <span class='ocrx_word' id='word_1_177' title='bbox 361 1749 384 1778; x_wconf 86' lang='lat' dir='ltr'>a</span> <span class='ocrx_word' id='word_1_178' title='bbox 404 1734 492 1778; x_wconf 85' lang='lat' dir='ltr'>suis</span> <span class='ocrx_word' id='word_1_179' title='bbox 515 1732 693 1778; x_wconf 91' lang='lat' dir='ltr'>vocibus</span> <span class='ocrx_word' id='word_1_180' title='bbox 714 1733 847 1777; x_wconf 82' lang='lat' dir='ltr'>celare</span> <span class='ocrx_word' id='word_1_181' title='bbox 875 1732 1004 1778; x_wconf 88' lang='lat' dir='ltr'>dictas</span> <span class='ocrx_word' id='word_1_182' title='bbox 1028 1734 1215 1778; x_wconf 88' lang='lat' dir='ltr'>visiones</span> <span class='ocrx_word' id='word_1_183' title='bbox 1240 1750 1250 1787; x_wconf 85' lang='lat'>3</span> <span class='ocrx_word' id='word_1_184' title='bbox 1274 1731 1346 1777; x_wconf 88' lang='lat' dir='ltr'>sed</span> <span class='ocrx_word' id='word_1_185' title='bbox 1365 1733 1570 1791; x_wconf 17' lang='lat' dir='ltr'>*multum</span> <span class='ocrx_word' id='word_1_186' title='bbox 1610 1731 1740 1776; x_wconf 91' lang='lat' dir='ltr'>dubi—</span> 
     </span>
     <span class='ocr_line' id='line_1_20' title="bbox 94 1816 1740 1876; baseline -0.001 -15"><span class='ocrx_word' id='word_1_187' title='bbox 94 1816 207 1861; x_wconf 83' lang='lat' dir='ltr'>tabat</span> <span class='ocrx_word' id='word_1_188' title='bbox 228 1816 318 1862; x_wconf 87' lang='lat' dir='ltr'>haec</span> <span class='ocrx_word' id='word_1_189' title='bbox 346 1817 546 1871; x_wconf 81' lang='lat' dir='ltr'>revelare,</span> <span class='ocrx_word' id='word_1_190' title='bbox 581 1829 755 1876; x_wconf 89' lang='lat' dir='ltr'>propter</span> <span class='ocrx_word' id='word_1_191' title='bbox 786 1830 954 1862; x_wconf 89' lang='lat' dir='ltr'>metum</span> <span class='ocrx_word' id='word_1_192' title='bbox 992 1816 1348 1875; x_wconf 80' lang='lat' dir='ltr'>Burgundorum,</span> <span class='ocrx_word' id='word_1_193' title='bbox 1399 1833 1453 1861; x_wconf 90' lang='lat' dir='ltr'>ne</span> <span class='ocrx_word' id='word_1_194' title='bbox 1486 1817 1564 1875; x_wconf 90' lang='lat' dir='ltr'>ipsi</span> <span class='ocrx_word' id='word_1_195' title='bbox 1598 1818 1740 1874; x_wconf 88' lang='lat' dir='ltr'>impe-</span> 
     </span>
     <span class='ocr_line' id='line_1_21' title="bbox 94 1899 1739 1960; baseline -0.001 -15"><span class='ocrx_word' id='word_1_196' title='bbox 94 1900 236 1946; x_wconf 91' lang='lat' dir='ltr'>dirent</span> <span class='ocrx_word' id='word_1_197' title='bbox 260 1902 481 1959; x_wconf 81' lang='lat' dir='ltr'>voiagium</span> <span class='ocrx_word' id='word_1_198' title='bbox 508 1918 675 1956; x_wconf 83' lang='lat' dir='ltr'>suum3</span> <span class='ocrx_word' id='word_1_199' title='bbox 711 1914 752 1946; x_wconf 91' lang='lat' dir='ltr'>et</span> <span class='ocrx_word' id='word_1_200' title='bbox 793 1901 1028 1960; x_wconf 86' lang='lat' dir='ltr'>specialiter</span> <span class='ocrx_word' id='word_1_201' title='bbox 1068 1901 1262 1946; x_wconf 90' lang='lat' dir='ltr'>multum</span> <span class='ocrx_word' id='word_1_202' title='bbox 1308 1899 1531 1946; x_wconf 86' lang='lat' dir='ltr'>dubitabat</span> <span class='ocrx_word' id='word_1_203' title='bbox 1575 1913 1739 1959; x_wconf 90' lang='lat' dir='ltr'>patrem</span> 
     </span>
     <span class='ocr_line' id='line_1_22' title="bbox 93 1984 1739 2043; baseline -0.001 -14"><span class='ocrx_word' id='word_1_204' title='bbox 93 2002 240 2039; x_wconf 88' lang='lat' dir='ltr'>suum,</span> <span class='ocrx_word' id='word_1_205' title='bbox 273 2001 325 2029; x_wconf 93' lang='lat' dir='ltr'>ne</span> <span class='ocrx_word' id='word_1_206' title='bbox 353 1986 489 2043; x_wconf 88' lang='lat' dir='ltr'>ipsam</span> <span class='ocrx_word' id='word_1_207' title='bbox 516 1985 744 2043; x_wconf 87' lang='lat' dir='ltr'>impediret</span> <span class='ocrx_word' id='word_1_208' title='bbox 770 1984 822 2030; x_wconf 90' lang='lat' dir='ltr'>de</span> <span class='ocrx_word' id='word_1_209' title='bbox 847 1984 1042 2030; x_wconf 86' lang='lat' dir='ltr'>faciendo</span> <span class='ocrx_word' id='word_1_210' title='bbox 1081 1987 1304 2043; x_wconf 86' lang='lat' dir='ltr'>voiagium</span> <span class='ocrx_word' id='word_1_211' title='bbox 1332 2001 1477 2029; x_wconf 89' lang='lat' dir='ltr'>suum.</span> <span class='ocrx_word' id='word_1_212' title='bbox 1520 2010 1576 2016; x_wconf 93' lang='lat'><strong>—</strong></span> <span class='ocrx_word' id='word_1_213' title='bbox 1612 1985 1739 2038; x_wconf 82' lang='lat' dir='ltr'>Item,</span> 
     </span>
     <span class='ocr_line' id='line_1_23' title="bbox 93 2067 1742 2128; baseline -0.001 -14"><span class='ocrx_word' id='word_1_214' title='bbox 93 2068 244 2114; x_wconf 83' lang='lat' dir='ltr'>eadem</span> <span class='ocrx_word' id='word_1_215' title='bbox 269 2069 362 2114; x_wconf 80' lang='lat' dir='ltr'>die3</span> <span class='ocrx_word' id='word_1_216' title='bbox 393 2070 654 2128; x_wconf 82' lang='lat' dir='ltr'>interrogata</span> <span class='ocrx_word' id='word_1_217' title='bbox 685 2070 719 2113; x_wconf 88' lang='lat' dir='ltr'>si</span> <span class='ocrx_word' id='word_1_218' title='bbox 747 2069 921 2128; x_wconf 87' lang='lat' dir='ltr'>putabat</span> <span class='ocrx_word' id='word_1_219' title='bbox 949 2069 1212 2114; x_wconf 86' lang='lat' dir='ltr'>benefacere</span> <span class='ocrx_word' id='word_1_220' title='bbox 1243 2068 1295 2114; x_wconf 90' lang='lat' dir='ltr'>de</span> <span class='ocrx_word' id='word_1_221' title='bbox 1316 2067 1555 2114; x_wconf 89' lang='lat' dir='ltr'>recedendo</span> <span class='ocrx_word' id='word_1_222' title='bbox 1581 2068 1742 2126; x_wconf 87' lang='lat' dir='ltr'>absque</span> 
     </span>
     <span class='ocr_line' id='line_1_24' title="bbox 96 2152 1744 2212; baseline -0.001 -16"><span class='ocrx_word' id='word_1_223' title='bbox 96 2153 266 2197; x_wconf 88' lang='lat' dir='ltr'>licentia</span> <span class='ocrx_word' id='word_1_224' title='bbox 288 2154 417 2212; x_wconf 89' lang='lat' dir='ltr'>patris</span> <span class='ocrx_word' id='word_1_225' title='bbox 435 2166 477 2199; x_wconf 87' lang='lat' dir='ltr'>et</span> <span class='ocrx_word' id='word_1_226' title='bbox 502 2154 665 2207; x_wconf 81' lang='lat' dir='ltr'>matris,</span> <span class='ocrx_word' id='word_1_227' title='bbox 693 2169 794 2198; x_wconf 90' lang='lat' dir='ltr'>cum</span> <span class='ocrx_word' id='word_1_228' title='bbox 828 2155 884 2198; x_wconf 87' lang='lat' dir='ltr'>ita</span> <span class='ocrx_word' id='word_1_229' title='bbox 907 2155 961 2197; x_wconf 91' lang='lat' dir='ltr'>sit</span> <span class='ocrx_word' id='word_1_230' title='bbox 984 2153 1104 2212; x_wconf 89' lang='lat' dir='ltr'>quod</span> <span class='ocrx_word' id='word_1_231' title='bbox 1130 2152 1311 2211; x_wconf 88' lang='lat' dir='ltr'>quilibet</span> <span class='ocrx_word' id='word_1_232' title='bbox 1354 2152 1481 2197; x_wconf 89' lang='lat' dir='ltr'>debet</span> <span class='ocrx_word' id='word_1_233' title='bbox 1506 2165 1547 2196; x_wconf 92' lang='lat' dir='ltr'>et</span> <span class='ocrx_word' id='word_1_234' title='bbox 1573 2163 1744 2196; x_wconf 83' lang='lat' dir='ltr'>tenetur</span> 
     </span>
     <span class='ocr_line' id='line_1_25' title="bbox 99 2235 1740 2296; baseline -0.002 -15"><span class='ocrx_word' id='word_1_235' title='bbox 99 2237 310 2283; x_wconf 86' lang='lat' dir='ltr'>honorare</span> <span class='ocrx_word' id='word_1_236' title='bbox 335 2251 500 2296; x_wconf 88' lang='lat' dir='ltr'>patrem</span> <span class='ocrx_word' id='word_1_237' title='bbox 536 2250 578 2282; x_wconf 89' lang='lat' dir='ltr'>et</span> <span class='ocrx_word' id='word_1_238' title='bbox 612 2250 824 2282; x_wconf 87' lang='lat' dir='ltr'>matrem:</span> <span class='ocrx_word' id='word_1_239' title='bbox 867 2236 1088 2295; x_wconf 88' lang='lat' dir='ltr'>respondit</span> <span class='ocrx_word' id='word_1_240' title='bbox 1113 2236 1246 2296; x_wconf 87' lang='lat' dir='ltr'>quod,</span> <span class='ocrx_word' id='word_1_241' title='bbox 1291 2238 1333 2281; x_wconf 88' lang='lat' dir='ltr'>in</span> <span class='ocrx_word' id='word_1_242' title='bbox 1383 2235 1590 2281; x_wconf 89' lang='lat' dir='ltr'>omnibus</span> <span class='ocrx_word' id='word_1_243' title='bbox 1635 2236 1740 2289; x_wconf 81' lang='lat' dir='ltr'>aliis,</span> 
     </span>
     <span class='ocr_line' id='line_1_26' title="bbox 98 2318 1743 2380; baseline -0.001 -15"><span class='ocrx_word' id='word_1_244' title='bbox 98 2321 186 2379; x_wconf 90' lang='lat' dir='ltr'>ipsa</span> <span class='ocrx_word' id='word_1_245' title='bbox 213 2321 322 2366; x_wconf 90' lang='lat' dir='ltr'>bene</span> <span class='ocrx_word' id='word_1_246' title='bbox 358 2320 551 2366; x_wconf 88' lang='lat' dir='ltr'>obedivit</span> <span class='ocrx_word' id='word_1_247' title='bbox 580 2322 681 2380; x_wconf 91' lang='lat' dir='ltr'>ipsis</span> <span class='ocrx_word' id='word_1_248' title='bbox 709 2323 815 2380; x_wconf 90' lang='lat' dir='ltr'>patri</span> <span class='ocrx_word' id='word_1_249' title='bbox 850 2335 890 2366; x_wconf 92' lang='lat' dir='ltr'>et</span> <span class='ocrx_word' id='word_1_250' title='bbox 932 2322 1073 2375; x_wconf 85' lang='lat' dir='ltr'>matri,</span> <span class='ocrx_word' id='word_1_251' title='bbox 1106 2333 1282 2379; x_wconf 81' lang='lat' dir='ltr'>excepto</span> <span class='ocrx_word' id='word_1_252' title='bbox 1321 2322 1402 2365; x_wconf 89' lang='lat' dir='ltr'>isto</span> <span class='ocrx_word' id='word_1_253' title='bbox 1432 2319 1627 2374; x_wconf 71' lang='lat' dir='ltr'>&#39;recessu3</span> <span class='ocrx_word' id='word_1_254' title='bbox 1671 2318 1743 2364; x_wconf 91' lang='lat' dir='ltr'>sed</span> 
     </span>
     <span class='ocr_line' id='line_1_27' title="bbox 99 2403 1367 2464; baseline -0.002 -14"><span class='ocrx_word' id='word_1_255' title='bbox 99 2403 250 2464; x_wconf 87' lang='lat' dir='ltr'>depost</span> <span class='ocrx_word' id='word_1_256' title='bbox 273 2422 400 2464; x_wconf 88' lang='lat' dir='ltr'>super</span> <span class='ocrx_word' id='word_1_257' title='bbox 424 2405 505 2450; x_wconf 92' lang='lat' dir='ltr'>hoc</span> <span class='ocrx_word' id='word_1_258' title='bbox 527 2407 587 2450; x_wconf 90' lang='lat' dir='ltr'>eis</span> <span class='ocrx_word' id='word_1_259' title='bbox 613 2406 796 2464; x_wconf 84' lang='lat' dir='ltr'>scripsit,</span> <span class='ocrx_word' id='word_1_260' title='bbox 820 2419 862 2450; x_wconf 91' lang='lat' dir='ltr'>et</span> <span class='ocrx_word' id='word_1_261' title='bbox 885 2405 966 2450; x_wconf 88' lang='lat' dir='ltr'>hoc</span> <span class='ocrx_word' id='word_1_262' title='bbox 991 2404 1071 2450; x_wconf 88' lang='lat' dir='ltr'>sibi</span> <span class='ocrx_word' id='word_1_263' title='bbox 1093 2406 1367 2449; x_wconf 88' lang='lat' dir='ltr'>remiserunt.</span> 
     </span>
    </p>
   </div>
   <div class='ocr_carea' id='block_1_3' title="bbox 163 2530 1747 2588">
    <p class='ocr_par' dir='ltr' id='par_1_6' title="bbox 163 2530 1747 2588">
     <span class='ocr_line' id='line_1_28' title="bbox 163 2530 1747 2588; baseline -0.001 -14"><span class='ocrx_word' id='word_1_264' title='bbox 163 2531 318 2575; x_wconf 89' lang='lat' dir='ltr'><strong>XLIX.</strong></span> <span class='ocrx_word' id='word_1_265' title='bbox 361 2548 380 2571; x_wconf 87' lang='lat'>«</span> <span class='ocrx_word' id='word_1_266' title='bbox 408 2532 532 2585; x_wconf 79' lang='lat' dir='ltr'>ITEM,</span> <span class='ocrx_word' id='word_1_267' title='bbox 559 2530 671 2575; x_wconf 85' lang='lat' dir='ltr'>dicta</span> <span class='ocrx_word' id='word_1_268' title='bbox 691 2531 905 2587; x_wconf 82' lang='lat' dir='ltr'>Johanna,</span> <span class='ocrx_word' id='word_1_269' title='bbox 929 2547 1018 2575; x_wconf 84' lang='lat' dir='ltr'>suae</span> <span class='ocrx_word' id='word_1_270' title='bbox 1045 2531 1125 2575; x_wconf 91' lang='lat' dir='ltr'>soli</span> <span class='ocrx_word' id='word_1_271' title='bbox 1161 2530 1394 2588; x_wconf 69' lang='lat' dir='ltr'>phantasiae</span> <span class='ocrx_word' id='word_1_272' title='bbox 1421 2531 1582 2584; x_wconf 77' lang='lat' dir='ltr'>innixa,</span> <span class='ocrx_word' id='word_1_273' title='bbox 1620 2546 1747 2574; x_wconf 65' lang='lat' dir='ltr'>vene⁶</span> 
     </span>
    </p>
   </div>
   <div class='ocr_carea' id='block_1_4' title="bbox 103 2612 1746 2673">
    <p class='ocr_par' dir='ltr' id='par_1_7' title="bbox 103 2612 1746 2673">
     <span class='ocr_line' id='line_1_29' title="bbox 103 2612 1746 2673; baseline -0.001 -15"><span class='ocrx_word' id='word_1_274' title='bbox 103 2628 191 2658; x_wconf 86' lang='lat' dir='ltr'>rata</span> <span class='ocrx_word' id='word_1_275' title='bbox 215 2627 277 2659; x_wconf 89' lang='lat' dir='ltr'>est</span> <span class='ocrx_word' id='word_1_276' title='bbox 305 2614 558 2673; x_wconf 84' lang='lat' dir='ltr'>hujusmodi</span> <span class='ocrx_word' id='word_1_277' title='bbox 583 2616 770 2673; x_wconf 84' lang='lat' dir='ltr'>spiritus,</span> <span class='ocrx_word' id='word_1_278' title='bbox 800 2613 1036 2659; x_wconf 88' lang='lat' dir='ltr'>osculando</span> <span class='ocrx_word' id='word_1_279' title='bbox 1060 2627 1215 2657; x_wconf 86' lang='lat' dir='ltr'>terram</span> <span class='ocrx_word' id='word_1_280' title='bbox 1236 2630 1310 2672; x_wconf 89' lang='lat' dir='ltr'>per</span> <span class='ocrx_word' id='word_1_281' title='bbox 1337 2622 1497 2672; x_wconf 78' lang='lat' dir='ltr'>quam⁴</span> <span class='ocrx_word' id='word_1_282' title='bbox 1530 2612 1635 2657; x_wconf 79' lang='lat' dir='ltr'>dixit</span> <span class='ocrx_word' id='word_1_283' title='bbox 1673 2629 1746 2657; x_wconf 92' lang='lat' dir='ltr'>eos</span> 
     </span>
    </p>
   </div>
   <div class='ocr_carea' id='block_1_5' title="bbox 105 2791 1746 2918">
    <p class='ocr_par' dir='ltr' id='par_1_8' title="bbox 105 2791 1746 2918">
     <span class='ocr_line' id='line_1_30' title="bbox 106 2791 1746 2846; baseline -0.002 -15"><span class='ocrx_word' id='word_1_284' title='bbox 106 2806 182 2846; x_wconf 87' lang='lat' dir='ltr'>que</span> <span class='ocrx_word' id='word_1_285' title='bbox 208 2806 251 2831; x_wconf 84' lang='lat' dir='ltr'>ce</span> <span class='ocrx_word' id='word_1_286' title='bbox 273 2793 404 2832; x_wconf 88' lang='lat' dir='ltr'>soient</span> <span class='ocrx_word' id='word_1_287' title='bbox 438 2793 582 2831; x_wconf 87' lang='lat' dir='ltr'>saincts</span> <span class='ocrx_word' id='word_1_288' title='bbox 605 2791 786 2839; x_wconf 77' lang='lat' dir='ltr'>Michiel,</span> <span class='ocrx_word' id='word_1_289' title='bbox 817 2791 992 2839; x_wconf 83' lang='lat' dir='ltr'>Gabriel,</span> <span class='ocrx_word' id='word_1_290' title='bbox 1019 2791 1187 2830; x_wconf 85' lang='lat' dir='ltr'>sainctes</span> <span class='ocrx_word' id='word_1_291' title='bbox 1214 2791 1428 2829; x_wconf 87' lang='lat' dir='ltr'>Katherine</span> <span class='ocrx_word' id='word_1_292' title='bbox 1451 2800 1490 2830; x_wconf 88' lang='lat' dir='ltr'>et</span> <span class='ocrx_word' id='word_1_293' title='bbox 1510 2791 1746 2843; x_wconf 82' lang='lat' dir='ltr'>Marguerite</span> 
     </span>
     <span class='ocr_line' id='line_1_31' title="bbox 105 2861 1582 2918; baseline -0.002 -15"><span class='ocrx_word' id='word_1_294' title='bbox 105 2878 181 2917; x_wconf 82' lang='lat' dir='ltr'>que</span> <span class='ocrx_word' id='word_1_295' title='bbox 204 2874 336 2903; x_wconf 83' lang='lat' dir='ltr'>nostre</span> <span class='ocrx_word' id='word_1_296' title='bbox 360 2865 555 2917; x_wconf 83' lang='lat' dir='ltr'>Seigneur</span> <span class='ocrx_word' id='word_1_297' title='bbox 576 2863 643 2918; x_wconf 77' lang='lat' dir='ltr'>luy</span> <span class='ocrx_word' id='word_1_298' title='bbox 665 2877 836 2917; x_wconf 80' lang='lat' dir='ltr'>envoye,</span> <span class='ocrx_word' id='word_1_299' title='bbox 860 2877 962 2916; x_wconf 88' lang='lat' dir='ltr'>pour</span> <span class='ocrx_word' id='word_1_300' title='bbox 982 2863 1018 2901; x_wconf 88' lang='lat' dir='ltr'>la</span> <span class='ocrx_word' id='word_1_301' title='bbox 1038 2862 1240 2902; x_wconf 69' lang='lat' dir='ltr'>confortet·</span> <span class='ocrx_word' id='word_1_302' title='bbox 1261 2872 1299 2901; x_wconf 90' lang='lat' dir='ltr'>et</span> <span class='ocrx_word' id='word_1_303' title='bbox 1323 2861 1534 2902; x_wconf 90' lang='lat' dir='ltr'>conseiller</span> <span class='ocrx_word' id='word_1_304' title='bbox 1554 2867 1582 2900; x_wconf 86' lang='lat'>5.</span> 
     </span>
    </p>
   </div>
   <div class='ocr_carea' id='block_1_6' title="bbox 107 3042 1747 3150">
    <p class='ocr_par' dir='ltr' id='par_1_9' title="bbox 107 3042 1747 3150">
     <span class='ocr_line' id='line_1_32' title="bbox 159 3042 1747 3089; baseline -0.001 -11"><span class='ocrx_word' id='word_1_305' title='bbox 159 3055 187 3078; x_wconf 93' lang='lat'>1.</span> <span class='ocrx_word' id='word_1_306' title='bbox 215 3045 244 3079; x_wconf 78' lang='lat' dir='ltr'><em>A</em></span> <span class='ocrx_word' id='word_1_307' title='bbox 262 3057 271 3078; x_wconf 79' lang='grc'>.’</span> <span class='ocrx_word' id='word_1_308' title='bbox 290 3043 376 3078; x_wconf 68' lang='lat' dir='ltr'>vidit</span> <span class='ocrx_word' id='word_1_309' title='bbox 395 3056 444 3079; x_wconf 72' lang='lat' dir='ltr'>cos</span> <span class='ocrx_word' id='word_1_310' title='bbox 463 3044 565 3079; x_wconf 76' lang='lat' dir='ltr'>oculis</span> <span class='ocrx_word' id='word_1_311' title='bbox 585 3044 664 3078; x_wconf 70' lang='lat' dir='ltr'>sais.</span> <span class='ocrx_word' id='word_1_312' title='bbox 679 3064 724 3069; x_wconf 94' lang='lat'>——-</span> <span class='ocrx_word' id='word_1_313' title='bbox 744 3053 775 3078; x_wconf 83' lang='lat'>2.</span> <span class='ocrx_word' id='word_1_314' title='bbox 795 3043 856 3077; x_wconf 74' lang='lat' dir='ltr'>BC</span> <span class='ocrx_word' id='word_1_315' title='bbox 879 3056 887 3077; x_wconf 97' lang='lat'>.·</span> <span class='ocrx_word' id='word_1_316' title='bbox 918 3043 1093 3089; x_wconf 63' lang='lat' dir='ltr'>respondet.</span> <span class='ocrx_word' id='word_1_317' title='bbox 1115 3063 1160 3069; x_wconf 84' lang='lat'>—-</span> <span class='ocrx_word' id='word_1_318' title='bbox 1183 3054 1212 3088; x_wconf 84' lang='lat'>3.</span> <span class='ocrx_word' id='word_1_319' title='bbox 1228 3043 1288 3077; x_wconf 72' lang='lat' dir='ltr'>AB</span> <span class='ocrx_word' id='word_1_320' title='bbox 1308 3051 1483 3079; x_wconf 78' lang='lat' dir='ltr'>omettcnt</span> <span class='ocrx_word' id='word_1_321' title='bbox 1509 3042 1572 3076; x_wconf 66' lang='lat' dir='ltr'>dic.</span> <span class='ocrx_word' id='word_1_322' title='bbox 1596 3063 1641 3067; x_wconf 86' lang='lat'>—</span> <span class='ocrx_word' id='word_1_323' title='bbox 1660 3053 1695 3085; x_wconf 63' lang='grc'>4.</span> <span class='ocrx_word' id='word_1_324' title='bbox 1717 3042 1747 3076; x_wconf 66' lang='lat' dir='ltr'><em>A</em></span> 
     </span>
     <span class='ocr_line' id='line_1_33' title="bbox 107 3102 754 3150; baseline -0.002 -12"><span class='ocrx_word' id='word_1_325' title='bbox 107 3112 204 3138; x_wconf 79' lang='lat' dir='ltr'>onict</span> <span class='ocrx_word' id='word_1_326' title='bbox 223 3115 334 3150; x_wconf 79' lang='lat' dir='ltr'>quam.</span> <span class='ocrx_word' id='word_1_327' title='bbox 353 3124 399 3128; x_wconf 91' lang='lat'><strong>—</strong></span> <span class='ocrx_word' id='word_1_328' title='bbox 424 3114 453 3147; x_wconf 82' lang='lat'>5.</span> <span class='ocrx_word' id='word_1_329' title='bbox 484 3104 522 3146; x_wconf 84' lang='lat' dir='ltr'>U,</span> <span class='ocrx_word' id='word_1_330' title='bbox 547 3102 608 3138; x_wconf 75' lang='lat' dir='ltr'>iol.</span> <span class='ocrx_word' id='word_1_331' title='bbox 626 3113 682 3149; x_wconf 88' lang='lat'>29,</span> <span class='ocrx_word' id='word_1_332' title='bbox 708 3112 754 3137; x_wconf 66' lang='grc' dir='ltr'>το.</span> 
     </span>
    </p>
   </div>
  </div>
 </body>
</html>
