2099 3356
346 196 429 239 254
626 182 781 225 proc-ks
815 196 870 225 DE
900 195 1256 225 CONDAMNATION
1291 195 1345 224 DE
1376 195 1544 237 Jr-:ANNE
1575 183 1704 226 D'ARC

345 296 546 354 requisita
579 293 718 338 adhuc
745 307 786 338 et
813 295 979 338 monita
1001 303 1010 319 ¹
1046 293 1098 338 de
1132 293 1314 351 jurando
1340 307 1382 338 et
1409 293 1461 338 de
1502 293 1686 338 dicendo
1711 303 1725 320 ²
1764 297 1983 340 veritatem

345 378 397 423 de
432 378 515 422 illis
549 394 646 436 quae
678 390 863 436 tangunt
890 393 1152 436 processum,
1188 391 1229 421 et
1258 377 1377 435 quod
1406 379 1495 436 ipsa
1522 395 1565 422 se
1596 379 1720 436 ponit
1749 379 1793 422 in
1825 394 1986 437 magno

345 462 536 521 periculo
565 478 574 505 z
604 460 832 519 respondet
861 478 868 504 :
893 479 913 500 α
941 462 1030 519 Ego
1054 477 1151 505 sum
1175 474 1374 519 prompta
1397 463 1536 520 jurare
1556 461 1694 506 dicere
1716 478 1761 506 ea
1786 479 1882 521 quae
1906 478 1986 520 ego

344 547 492 599 sciam,
523 546 741 603 tangentia
765 559 1041 604 processum;
1067 557 1109 589 et
1133 561 1222 588 non
1245 546 1395 588 omnia
1417 561 1515 603 quae
1540 561 1622 604 ego
1649 548 1739 591 scio
1772 565 1791 588 »
1820 565 1831 601 3
1860 559 1902 589 et
1928 548 1987 590 sic

345 629 513 686 juravit.

404 713 683 771 Interrogata,
715 710 904 770 [eadem]
932 711 1000 756 die
1023 726 1164 755 xxnn.
1195 710 1410 766 februarii,
1438 712 1473 755 si
1497 727 1571 755 sua
1595 728 1678 756 vox
1707 711 1929 770 prohibuit
1948 712 1988 757 ei

346 812 398 840 ne
425 797 514 854 ipsa
533 795 644 840 dicat
670 796 819 840 omnia
844 812 852 839 :
882 795 989 840 dixit
1018 813 1026 839 :
1059 813 1080 835 «
1108 796 1196 854 Ego
1222 811 1310 839 non
1338 795 1579 854 respondeo
1600 795 1722 840 vobis
1747 796 1800 840 de
1827 796 1902 840 illo
1933 814 1952 835 »
1975 814 1986 850 ;

345 893 385 924 et
419 897 426 923 :
465 897 484 920 «
518 882 629 925 Sunt
653 880 809 939 aliquae
840 879 1123 924 revelationes
1143 896 1240 938 quae
1262 892 1446 938 tangunt
1467 895 1628 938 regem,
1653 896 1758 938 quas
1787 895 1868 939 ego
1900 896 1987 924 non

345 963 484 1008 dicam
518 963 654 1007 vobis.
692 981 711 1003 »
744 990 800 995 -—
832 964 1095 1021 Interrogata
1125 965 1158 1007 si
1192 979 1276 1007 vox
1304 963 1526 1021 prohibuit
1556 965 1593 1007 ei
1629 980 1681 1007 ne
1715 965 1836 1022 ipsa³
1878 963 1990 1008 dicat

345 1047 623 1091 revelationes
656 1064 665 1092 ι
699 1046 920 1105 respondit
944 1056 960 1080 ⁴
990 1063 999 1090 z
1043 1064 1064 1087 «
1096 1047 1184 1104 Ego
1213 1057 1301 1091 non
1323 1063 1420 1090 sum
1447 1045 1500 1090 de
1528 1047 1609 1091 hoc
1629 1047 1824 1091 consulta
1853 1063 1872 1087 »
1908 1065 1919 1102 ;
1949 1061 1990 1092 et

346 1132 463 1189 petiit
483 1130 733 1190 quindecim
750 1130 839 1175 dies
858 1130 910 1175 de
922 1132 1113 1175 termino
1129 1132 1180 1175 ad
1194 1130 1544 1189 respondendum
1563 1144 1628 1181 ;et
1653 1144 1798 1190 postea
1817 1147 1990 1189 respon-

345 1213 474 1259 debit.
492 1215 601 1258 Item
620 1214 730 1259 dixit
744 1214 862 1272 quod
881 1216 968 1273 ipsa
985 1215 1088 1272 petit
1102 1214 1356 1259 dilationem
1377 1214 1427 1258 ad
1451 1214 1802 1273 respondendum
1819 1215 1870 1259 de
1890 1215 1984 1259 hoc.

346 1299 451 1342 Item
486 1298 592 1342 dixit
621 1316 629 1342 :
661 1318 681 1338 «
711 1299 753 1343 Si
776 1314 858 1342 vox
880 1298 1102 1357 prohibuit
1127 1299 1251 1352 mihi,
1280 1298 1385 1357 quid
1410 1299 1540 1342 vultis
1561 1297 1660 1343 inde
1675 1298 1850 1343 dicere?
1882 1316 1902 1338 >³
1931 1325 1989 1330 —-

346 1383 507 1426 Iterum
547 1383 804 1440 interrogata
840 1383 872 1425 si
904 1383 940 1426 ei
976 1381 1247 1440 prohibitum
1285 1382 1366 1426 fuit
1394 1398 1468 1440 per
1492 1398 1643 1426 vocem
1676 1400 1683 1426 :
1719 1382 1939 1440 respondit
1975 1400 1983 1425 t

348 1481 368 1503 <‹
393 1465 585 1510 Credatis
609 1465 726 1524 quod
748 1465 950 1509 homines
979 1481 1067 1509 non
1099 1465 1414 1523 prohibuerunt
1435 1465 1540 1509 mihi
1563 1465 1686 1510 illud.
1715 1484 1734 1505 ›>
1755 1467 1862 1510 Item
1882 1465 1988 1509 dixit

345 1549 461 1607 quod
496 1551 599 1608 ipsa,
630 1565 706 1607 pro
743 1551 821 1593 ista
853 1548 935 1602 die,
967 1565 1056 1593 non
1094 1548 1369 1606 respondebit
1406 1548 1458 1593 de
1483 1549 1594 1604 hoc;
1620 1562 1660 1593 et
1682 1550 1814 1593 nescit
1841 1551 1874 1593 si
1900 1551 1989 1608 ipsa

344 1631 491 1676 debeat
523 1632 660 1676 dicere
684 1641 782 1676 aut5
808 1648 895 1676 non
921 1633 1070 1676 omnia
1090 1648 1187 1690 quae
1207 1645 1308 1676 sunt
1326 1631 1404 1676 sibi
1425 1633 1621 1677 revelata.
1644 1659 1702 1665 —
1726 1634 1989 1691 Interrogata

344 1717 377 1759 si
400 1717 487 1774 ipsa
510 1715 650 1760 credat
668 1715 785 1774 quod
814 1715 864 1760 de
888 1716 970 1760 hoc
993 1716 1086 1760 Deo
1107 1715 1327 1774 displiceat
1354 1716 1474 1774 quod
1499 1718 1651 1760 veritas
1677 1716 1841 1761 dicatur
1867 1734 1875 1761 :
1906 1732 1989 1761 res-

345 1800 496 1857 pondit
517 1800 656 1853 nobis,
679 1801 896 1858 episcopo,
914 1798 1031 1858 quod
1048 1815 1172 1843 voces
1199 1801 1237 1843 ei
1256 1799 1588 1858 dixeruntquod
1613 1802 1701 1858 ipsa
1721 1800 1831 1844 dicat
1846 1800 1988 1858 aliqua

344 1885 429 1940 regi
450 1896 491 1927 et
512 1900 601 1927 non
631 1883 767 1927 nobis
793 1909 848 1915 —-
866 1884 1126 1941 Interrogata
1151 1885 1184 1926 si
1208 1899 1338 1927 suum
1354 1884 1588 1928 consilium
1615 1883 1756 1928 eidem
1782 1878 1988 1927 revelavit

345 1969 377 2010 si
407 1969 496 2025 ipsa
521 1966 753 2026 evad[er]et
773 1984 794 2010 a
816 1967 1077 2011 carceribus:
1111 1967 1358 2025 respondit⁶
1385 1984 1392 2010 :
1421 1985 1440 2007 «
1465 1969 1510 2022 Je
1531 1969 1562 2011 le
1578 1984 1674 2012 vous
1689 1969 1902 2027 ayddire?
1924 1976 1937 2002 7
1964 1984 1983 2008 »

342 2052 672 2110 —Interrogata
693 2053 743 2104 si,
760 2051 835 2095 bac
862 2064 1002 2104 nocte,
1016 2067 1099 2095 vox
1115 2051 1281 2095 dederit
1307 2053 1344 2095 ei
1361 2051 1595 2096 consilium
1609 2051 1661 2096 de
1678 2053 1739 2096 eis
1759 2051 1811 2096 de
1829 2051 1987 2110 quibus

343 2148 430 2179 erat
455 2151 708 2193 responsura
732 2153 739 2178 :
767 2134 986 2193 respondit
1003 2134 1137 2193 quod,
1162 2136 1194 2178 si
1211 2133 1321 2178 dicta
1343 2151 1427 2179 vox
1448 2135 1591 2179 eidem
1608 2136 1871 2188 revelaverit,
1902 2136 1989 2194 ipsa

344 2234 433 2262 non
458 2218 565 2262 bene
599 2218 809 2263 intellexit
837 2218 958 2263 illud.
992 2244 1046 2250 —
1079 2219 1345 2276 Interrogata
1371 2221 1424 2272 si,
1453 2221 1497 2263 in
1524 2221 1614 2263 istis
1642 2219 1814 2263 duobus
1838 2218 1989 2263 diebus

344 2303 387 2345 in
411 2302 569 2361 quibus
590 2302 851 2360 ultimoipsa
871 2302 1037 2346 audivit
1057 2301 1186 2346 dictas
1205 2318 1342 2356 voces,
1373 2304 1406 2346 si
1427 2319 1529 2347 curn
1551 2304 1610 2347 eis
1627 2304 1791 2347 venerit
1810 2303 1957 2347 lumen
1977 2319 1986 2346 ;

346 2385 566 2443 respondit
579 2385 712 2444 quod,
728 2387 771 2429 in
788 2387 967 2429 nomine
984 2386 1114 2439 vocis,
1132 2387 1250 2429 venit
1270 2385 1449 2429 claritas.
1476 2387 1811 2444 —Interrogata
1834 2387 1868 2430 si
1887 2402 1986 2430 cum

344 2471 549 2527 voceipsa
562 2468 879 2527 videtaliquam
893 2485 1007 2513 rem:
1027 2468 1255 2527 respondet
1273 2486 1280 2512 :
1304 2488 1323 2510 «
1349 2469 1438 2527 Ego
1464 2485 1552 2513 non
1568 2469 1665 2513 dico
1683 2469 1804 2514 vobis
1819 2471 1984 2523 omnia,

348 2565 388 2596 et
399 2568 488 2597 non
507 2551 642 2596 habeo
654 2551 706 2596 de
721 2552 802 2596 hoc
815 2552 1031 2596 licentiam
1051 2569 1090 2602 »‚
1106 2565 1147 2596 et
1160 2551 1278 2610 quod
1292 2569 1419 2596 suum
1436 2554 1731 2610 juramentum
1746 2569 1832 2596 non
1849 2553 1986 2610 tangit

348 2635 435 2679 illa.
454 2636 558 2679 Item
574 2636 682 2680 dixit
707 2635 827 2694 quod
847 2652 930 2680 vox
946 2636 1016 2679 illa
1030 2650 1091 2679 est
1107 2636 1300 2694 pulchra,
1319 2635 1430 2680 bona
1446 2649 1487 2681 et
1498 2635 1626 2693 digna
1641 2653 1652 2690 3
1669 2649 1710 2679 et
1728 2635 1847 2694 quod
1863 2635 1915 2680 de
1929 2636 1990 2679 eis

349 2735 445 2778 quae
470 2732 677 2776 petuntur
705 2719 755 2763 ab
783 2735 830 2764 ea
855 2735 945 2763 non
975 2731 1145 2763 tenetur
1174 2719 1446 2777 respondere.
1470 2745 1528 2751 —
1554 2720 1817 2777 Interrogata
1843 2720 1876 2764 si
1904 2735 1987 2763 vox

401 2976 430 2999 1.
448 2965 478 3000 C
494 2965 610 3011 ajoute
625 2977 664 2999 ex
678 2965 876 2999 abundanti.
896 2985 937 2990 —
960 2975 992 2999 2.
1012 2965 1041 2999 A
1057 2977 1067 2998 .·
1079 2965 1247 3011 Reqztisita
1261 2965 1364 3000 adhuc
1380 2965 1570 3012 dejurando
1584 2966 1802 2999 etammonita
1816 2978 1855 2999 ex
1865 2966 1988 3000 habun-

347 3024 445 3058 danti
463 3025 500 3058 de
519 3025 651 3059 dicendo
662 3026 848 3058 veritatem.
865 3045 910 3050 —
930 3035 958 3069 3.
978 3024 1042 3059 AC
1055 3033 1230 3059 omettent
1251 3026 1333 3071 ipsa.
1352 3035 1440 3068 eat.
1461 3025 1491 3058 A
1514 3037 1525 3059 .·
1541 3024 1719 3071 respondet.
1742 3045 1784 3050 —
1808 3035 1837 3068 5.
1851 3024 1883 3058 A
1900 3038 1910 3058 .-
1928 3034 1984 3060 cm.

351 3104 393 3108 —
413 3085 444 3118 6.
461 3084 490 3117 C
509 3097 518 3116 .·
538 3084 713 3129 rcsswmlet.
730 3105 777 3109 —
792 3094 824 3128 7.
841 3084 926 3117 Ben
945 3096 1064 3130 marge
1084 3096 1090 3117 τ
1111 3084 1250 3130 Superbe
1275 3090 1473 3130 responsum.
