2099 3356
313 168 391 221 196
587 165 743 208 PRoces
776 177 832 205 DE
864 174 1216 206 CONDAMNArioN
1250 174 1306 203 DE
1337 173 1504 215 JEANNE
1536 157 1663 202 D'ARc

367 279 491 331 Item,
514 276 581 320 die
602 275 777 327 sabbati,
804 275 927 318 tertia
959 274 1120 324 martii,
1150 274 1425 330 interrogata,
1449 287 1550 315 cum
1577 286 1649 314 rex
1683 285 1786 314 suus
1807 270 1949 328 primo

307 364 450 422 posuit
477 377 570 405 eam
592 361 637 403 in
658 374 787 417 opere
811 370 851 402 et
866 357 967 401 fecit
993 356 1083 400 fieri
1105 372 1233 400 suum
1251 355 1473 408 vexillum,
1493 370 1547 398 an
1558 367 1706 412 gentes
1728 368 1950 397 armorum

305 459 346 490 et
376 445 470 490 aliae
498 455 647 502 gentes
673 457 837 500 guerrae
870 440 1062 484 fecerunt
1103 439 1195 483 fieri
1235 437 1547 497 pannoncellos
1580 436 1632 481 ad
1668 435 1850 481 modum
1884 436 1950 480 sui

308 528 450 574 vexilli
487 545 494 571 :
529 524 749 584 respondit
781 541 788 568 :
823 542 843 564 ‹<
871 525 1045 568 Bonum
1077 535 1140 567 est
1174 523 1283 567 scitu
1313 521 1433 581 quod
1466 521 1636 565 domini
1664 530 1951 564 manutenent

307 628 422 656 arma
442 626 531 655 sua.
558 627 578 650 ›>
608 610 732 663 Item,
759 606 982 666 respondit
1014 606 1133 665 quod
1166 606 1298 664 aliqui
1321 606 1426 649 socii
1451 620 1616 663 guerrae
1642 603 1835 648 fecerunt
1862 602 1950 646 fieri

309 693 618 755 pannoncellos
644 691 695 736 ad
723 691 927 749 placitum
950 706 1119 743 eorum,
1149 702 1190 733 et
1205 689 1276 733 alii
1301 704 1406 733 non.
1433 689 1765 746 —Interrogata
1790 685 1842 731 de
1867 701 1953 745 qua

311 780 486 823 materia
509 776 703 822 fecerunt
725 775 832 829 fieri,
868 791 921 818 an
947 773 998 818 de
1019 774 1116 827 tela,
1139 789 1192 817 an
1214 772 1266 816 de
1285 788 1430 832 panno
1456 789 1464 815 :
1489 770 1709 830 respondit
1731 769 1849 829 quod
1871 769 1953 814 hoc

310 875 399 906 erat
423 861 473 905 de
499 860 596 904 albo
623 860 778 912 satino‚
801 871 842 902 et
868 859 911 901 in
946 855 1161 915 aliquibus
1190 869 1311 900 erant
1337 855 1445 910 lilia;
1487 871 1564 899 nec
1590 866 1710 898 erant
1742 854 1820 898 nisi
1857 852 1954 897 duae

310 946 377 988 vel
401 958 483 988 tres
508 944 663 988 lanceae
687 941 738 986 de
762 943 963 986 societate
996 956 1096 994 sua3
1139 939 1210 983 sed
1249 940 1352 983 socii
1381 953 1543 997 guerrae
1576 936 1808 996 aliquando
1835 936 1955 980 facie-

310 1030 411 1073 bant
430 1037 438 1054 ¹
466 1028 556 1072 fieri
573 1026 881 1085 pannoncellos
901 1024 951 1069 ad
964 1023 1298 1068 similitudinem
1319 1037 1610 1077 suorum,nec
1623 1020 1857 1065 faciebant²
1874 1019 1956 1064 hoc

308 1114 388 1157 nisi
424 1128 499 1170 pro
523 1108 824 1169 cognoscendo
842 1124 942 1152 suos
975 1107 1025 1152 ab
1050 1107 1156 1151 aliis.
1193 1132 1251 1138 —
1273 1107 1537 1164 Interrogata
1567 1106 1601 1148 si
1632 1104 1821 1148 multum
1843 1119 1954 1161 saepe

309 1195 627 1240 renovabantur
657 1211 665 1236 τ
697 1192 915 1251 respondit
942 1190 1058 1250 quod
1092 1192 1246 1245 nescit;
1275 1203 1317 1234 et
1338 1189 1511 1248 quando
1535 1189 1689 1233 lanceae
1710 1201 1830 1232 erant
1854 1203 1954 1246 rup-

310 1294 378 1333 tae,
406 1292 508 1323 tunc
540 1277 859 1322 renovabantur
886 1275 1172 1334 pannoncelli.
1209 1299 1266 1305 —
1293 1274 1556 1331 Interrogata
1580 1274 1613 1316 si
1647 1272 1802 1316 dixerit
1835 1269 1951 1329 quod

310 1362 583 1422 pannoncelli
605 1361 701 1405 facti
728 1360 779 1404 ad
806 1358 1139 1404 similitudinem
1177 1373 1359 1402 suorum
1392 1364 1563 1401 esseut³
1596 1356 1831 1400 fortunati:
1869 1370 1953 1398 res-

313 1446 463 1505 pondit
484 1444 600 1504 quod
619 1443 852 1502 aliquando
876 1442 1041 1486 dicebat
1057 1437 1164 1485 bene
1189 1458 1196 1484 :
1222 1458 1241 1481 «
1263 1442 1436 1485 Intretis
1450 1439 1650 1484 audacter
1670 1455 1743 1497 per
1760 1437 1956 1482 medium

313 1530 613 1586 Anglicorum,
639 1529 726 1571 sive
754 1525 861 1570 infra
898 1526 1102 1584 Anglicos
1136 1544 1174 1579 »,
1200 1538 1242 1568 et
1274 1525 1455 1582 ipsamet
1483 1522 1642 1567 ibidem
1672 1522 1872 1566 intrabat.
1898 1546 1955 1552 -

312 1614 572 1671 Interrogata
613 1613 647 1655 si
683 1611 838 1655 dixerit
880 1611 939 1654 eis
975 1608 1092 1668 quod
1127 1621 1344 1667 portarent
1375 1607 1587 1658 audacter,
1625 1621 1665 1651 et
1691 1617 1706 1640 4
1752 1606 1957 1650 haberent

313 1697 481 1742 bonum
508 1696 752 1740 fortunium
789 1711 797 1738 :
830 1693 1050 1752 respondit
1071 1692 1189 1751 quod
1211 1692 1318 1736 bene
1339 1692 1446 1735 dixit
1472 1693 1530 1735 eis
1564 1689 1605 1735 id
1634 1690 1751 1749 quod
1782 1702 1956 1733 venerat

309 1794 351 1825 et
371 1780 510 1824 adhuc
537 1792 623 1823 erat
649 1791 898 1822 venturum.
919 1803 976 1808 ——
1012 1778 1275 1833 Interrogata
1298 1777 1331 1819 si
1354 1775 1540 1833 ponebat
1559 1774 1623 1818 vel
1642 1775 1800 1832 apponi
1833 1772 1957 1816 facie-

312 1864 379 1908 bat
403 1880 560 1922 aquam
587 1861 869 1911 ¹benedictam
902 1877 1028 1919 supra
1048 1860 1184 1904 dictos
1215 1858 1540 1918 pannoncellos,
1565 1857 1670 1902 dum
1693 1874 1767 1902 eos
1790 1868 1958 1915 caperet

311 1948 362 1992 de
390 1964 507 1991 novo
531 1963 538 1990 z
558 1945 778 2004 respondit
802 1944 918 2003 quod
947 1943 997 1988 de
1027 1944 1107 1988 hoc
1123 1945 1254 1987 nescit
1275 1942 1462 2002 aliquid3
1493 1956 1551 1995 et,
1575 1943 1608 1985 si
1630 1941 1757 1986 fuerit
1778 1941 1955 1993 factum,

315 2032 395 2075 hoc
416 2047 505 2075 non
530 2030 610 2074 fuit
645 2029 696 2073 de
725 2041 936 2086 praecepto
962 2043 1056 2072 suo.
1092 2053 1151 2058 —
1192 2028 1455 2084 Interrogata
1488 2027 1521 2068 si
1554 2024 1708 2069 viderit
1734 2040 1862 2083 super
1885 2040 1957 2068 eos

314 2130 469 2173 aquam
496 2114 643 2172 projici
675 2130 682 2156 :
710 2111 930 2170 respondit
954 2125 961 2153 :
992 2128 1011 2150 «
1043 2111 1137 2154 Hoc
1165 2126 1253 2154 non
1277 2122 1340 2153 est
1362 2109 1413 2153 de
1440 2125 1639 2167 processu
1659 2121 1800 2152 vestro
1832 2125 1877 2162 »3
1901 2119 1956 2160 et,

315 2200 349 2241 si
377 2197 531 2241 viderit
554 2197 720 2255 projici,
740 2211 829 2239 non
849 2207 909 2238 est
922 2193 1108 2237 advisata
1133 2209 1249 2237 nunc
1273 2192 1324 2236 de
1354 2192 1434 2236 hoc
1448 2191 1716 2251 respondere.
1745 2217 1798 2222 —
1821 2192 1959 2234 Inter-

317 2294 460 2339 rogata
487 2282 520 2323 si
553 2281 658 2324 socii
693 2294 856 2337 guerrae
897 2277 1105 2322 faciebant
1132 2278 1235 2335 poni
1276 2278 1319 2319 in
1354 2277 1441 2319 suis
1473 2275 1768 2333 pannoncellis
1799 2276 1958 2331 JHESUS

318 2367 493 2409 MAiuA:
526 2362 760 2421 respondit,
787 2377 859 2420 per
875 2360 1005 2404 fidem
1023 2376 1161 2414 suam,
1187 2359 1238 2404 de
1264 2360 1346 2403 hoc
1374 2360 1533 2403 nescire
1556 2358 1733 2418 aliquid.
1754 2359 1958 2402 —Inter—

316 2462 461 2507 rogata
487 2449 535 2502 si,
559 2445 870 2491 circumeundo
883 2445 1011 2488 altare
1029 2442 1095 2488 vel
1121 2443 1359 2497 ecclesiam,
1382 2442 1432 2487 ad
1453 2441 1636 2487 modum
1655 2442 1953 2500 processionis,

314 2532 457 2576 fecerit
491 2530 642 2575 deferri
674 2530 792 2583 telas,
829 2544 905 2587 pro
938 2527 1133 2572 faciendo
1170 2526 1480 2586 pannoncellos
1516 2544 1525 2571 ε
1574 2524 1797 2584 respondit
1833 2523 1952 2584 quod

314 2631 420 2668 non,
445 2630 520 2657 nec
540 2613 591 2656 de
620 2613 701 2657 hoc
724 2611 967 2671 quidquam
988 2610 1079 2654 fieri
1101 2609 1223 2653 vidit.

375 2699 499 2750 Item,
529 2696 596 2740 die
634 2695 811 2748 sabbati,
850 2709 960 2738 xvii.
1010 2695 1166 2745 martii,
1205 2694 1461 2751 interrogata
1485 2691 1535 2736 de
1556 2708 1641 2751 qua
1668 2692 1845 2736 materia
1870 2703 1959 2736 erat

317 2781 471 2824 anulus
495 2796 615 2833 suus,
641 2780 685 2822 in
706 2794 794 2837 quo
815 2779 1022 2835 scriptum
1050 2789 1137 2820 erat
1155 2777 1315 2831 JHEsUs
1342 2777 1495 2820 Mam
1523 2793 1532 2819 :
1575 2774 1796 2833 respondit
1839 2773 1958 2834 quod

372 3016 399 3038 1.
429 3005 492 3038 AB
519 3016 529 3038 .·
547 3004 693 3049 faciebat
719 3004 808 3048 (ric).
841 3022 886 3027 -—
919 3012 951 3036 2.
974 3001 1035 3035 BC
1062 3013 1072 3035 :
1090 2996 1236 3046 facieba!
1267 3001 1358 3045 (sic).
1394 3022 1438 3024 —
1472 3010 1502 3044 3.
1526 3000 1556 3034 C
1577 3013 1586 3034 .·
1606 3005 1713 3035 erant.
1744 3021 1788 3024 —
1815 3011 1848 3042 4.
1880 2999 1952 3035 BC.

319 3065 478 3109 ajoutent
499 3064 592 3109 quod.
