2099 3356
305 166 378 220 184
579 165 736 207 PROCJ'ES
769 178 824 206 DE
857 178 1207 209 CONDAMNATION
1240 180 1297 209 DE
1327 181 1491 222 JEANNE
1524 168 1648 212 D'ARC

356 277 473 321 XIII.
500 294 519 317 «
544 277 669 330 Item,
693 276 801 320 dicta
818 276 1018 333 Johanna
1043 277 1238 322 attribuit
1260 279 1372 334 Deo,
1398 281 1575 339 Angelis
1595 294 1636 325 et
1657 281 1822 326 Sanctis
1842 283 1934 340 ejus

298 360 417 419 quod
436 362 688 418 praecipiunt
713 375 759 403 ea
785 376 882 418 quae
906 373 1008 404 sunt
1034 374 1181 405 contra
1203 362 1475 407 honestatem
1493 379 1617 408 sexus
1638 364 1876 420 muliebris,
1895 379 1937 410 et

299 445 343 487 in
368 444 460 501 lege
488 443 632 487 divina
666 442 897 501 prohibita,
923 457 964 487 et
989 453 998 469 ¹
1028 446 1158 488 etiam
1183 445 1278 490 Deo
1311 459 1352 489 et
1383 446 1638 491 hominibus
1664 447 1938 492 abominabi-

298 527 352 570 lia
373 535 404 579 2,
425 539 467 570 et
491 543 562 584 per
579 526 875 570 ecclesiasticas
892 528 1134 571 sanctiones
1148 527 1227 572 sub
1246 544 1375 586 poena
1398 528 1683 574 anathematis
1697 530 1936 585 interdicta,

300 624 347 655 ut
389 610 507 668 quod
535 609 738 665 induatur
755 610 946 654 vestibus
970 610 1181 666 virilibus,
1214 613 1359 665 curtis,
1397 612 1594 657 brevibus
1625 628 1666 657 et
1698 613 1937 668 dissolutis,

300 708 386 738 tam
415 695 458 736 in
483 692 826 737 subtunicalibus
846 706 888 737 et
911 693 1071 750 caligis,
1101 710 1232 752 quam
1261 695 1304 738 in
1337 695 1454 749 aliis;
1498 709 1540 740 et
1572 696 1796 755 sequendo
1836 713 1940 755 prae-

300 790 472 835 ceptum
500 792 669 830 eorum,
700 776 853 820 induta
873 790 934 821 est
960 777 1194 835 aliquando
1221 780 1490 836 sumptuosis
1525 792 1567 823 et
1593 782 1815 839 pomposis
1845 796 1942 824 ves—

302 860 430 914 tibus,
459 859 511 903 de
550 861 703 918 pannis
742 861 937 918 pretiosis
967 873 1008 904 et
1039 862 1192 915 aureis,
1233 878 1279 905 ac
1311 863 1441 906 etiam
1480 862 1759 918 foderaturis;
1782 876 1823 907 et
1851 880 1941 908 non

301 944 444 988 solum
471 959 544 987 usa
569 955 632 987 est
652 945 810 987 tunicis
842 943 1059 998 brevibus,
1088 944 1160 988 sed
1194 946 1323 989 etiam
1351 945 1534 990 tabardis
1561 960 1602 990 et
1629 948 1741 1005 togis
1767 949 1904 991 scissis
1927 956 1936 980 ³

302 1027 355 1071 ab
376 1040 562 1086 utroque
584 1027 742 1081 latere3
779 1040 820 1071 et
850 1027 932 1071 hoc
964 1029 1186 1072 notorium
1221 1043 1297 1079 est,
1333 1045 1434 1073 cum
1470 1043 1591 1089 capta
1631 1030 1760 1075 fuerit
1788 1032 1832 1074 in
1857 1047 1944 1076 una

305 1112 478 1170 heuqua
505 1127 647 1165 aurea,
678 1109 874 1170 undique
896 1125 1066 1169 aperta;
1095 1111 1254 1156 habens
1274 1123 1290 1146 4
1317 1114 1446 1156 etiam
1482 1114 1525 1156 in
1560 1116 1698 1173 capite
1732 1114 1945 1173 cappellos

304 1213 379 1240 seu
402 1195 536 1253 pileos
559 1208 600 1238 et
621 1195 795 1253 capillos
819 1203 828 1228 ὅ
857 1194 907 1238 ad
934 1195 1116 1239 modum
1144 1197 1336 1240 virorum
1365 1198 1408 1240 in
1431 1196 1673 1241 rotundum
1694 1210 1871 1252 tensos;
1900 1211 1943 1242 et

303 1279 572 1338 generaliter,
621 1280 742 1322 omni
779 1278 942 1336 pudore
985 1279 1187 1323 muliebri
1221 1279 1402 1336 abjecto,
1432 1294 1472 1324 et
1500 1296 1590 1324 non
1628 1280 1771 1324 solum
1798 1294 1947 1325 contra

305 1363 544 1408 decentiam
574 1362 848 1413 muliebrem,
880 1364 969 1406 inio
1003 1365 1131 1407 etiam
1160 1376 1309 1407 contra
1342 1364 1456 1407 illam
1494 1380 1590 1422 quae
1620 1366 1804 1423 pertinet
1847 1366 1947 1409 viris

307 1447 589 1504 morigeratis,
613 1462 685 1490 usa
709 1459 771 1490 est
792 1446 998 1490 omnibus
1022 1447 1104 1490 illis
1127 1447 1314 1490 cultibus
1332 1460 1373 1491 et
1395 1438 1600 1502 vestibus,
1630 1464 1728 1506 quae
1747 1448 1949 1492 homines

308 1530 624 1575 dissolutissimi
651 1529 728 1573 sibi
758 1530 898 1574 solent
924 1546 1154 1584 assumere,
1182 1547 1297 1574 arma
1331 1533 1459 1574 etiam
1502 1532 1693 1575 invasiva
1720 1531 1946 1589 portando.

309 1615 422 1667 Quae
449 1613 678 1657 attribuere
707 1627 917 1672 praecepto
934 1614 1029 1667 Dei,
1044 1627 1290 1658 sanctorum
1317 1615 1587 1671 Angelorum
1607 1631 1653 1658 ac
1672 1616 1801 1659 etiam
1828 1631 1948 1658 sanc-

309 1711 449 1741 tarum
462 1699 711 1755 Virginum,
731 1711 792 1740 est
809 1697 1100 1756 blasphemare
1113 1698 1257 1741 Deum
1274 1711 1314 1741 et
1332 1698 1525 1752 sanctos,
1543 1698 1788 1742 subvertere
1810 1698 1948 1756 legem

311 1783 406 1836 Dei,
437 1783 527 1839 jura
562 1782 766 1824 canonica
805 1781 977 1834 violare,
1013 1797 1163 1825 sexum
1199 1781 1455 1826 muliebrem
1483 1794 1524 1826 et
1560 1783 1651 1839 ejus
1679 1782 1949 1826 honestatem

310 1865 606 1918 scandalizare,
627 1881 806 1908 omnem
829 1864 1070 1908 decentiam
1087 1865 1227 1909 cultus
1239 1866 1458 1909 exterioris
1480 1877 1735 1923 pervertere,
1758 1865 1951 1923 exempla

312 1951 446 1993 totius
495 1948 793 1992 dissolutionis
834 1950 876 1991 in
915 1964 1070 2005 genere
1114 1948 1310 1992 humano
1332 1950 1347 1974 ⁶
1390 1948 1639 2007 approbare,
1682 1961 1723 1992 et
1765 1948 1816 1992 ad
1869 1948 1950 1992 hoc

314 2034 515 2076 homines
543 2031 759 2076 inducere.
787 2050 806 2070 »

371 2115 471 2159 *Ad
500 2116 615 2159 hunc
639 2124 652 2148 7
681 2115 907 2159 articulum
935 2114 1163 2172 respondet
1195 2115 1393 2171 Johanna
1418 2116 1433 2139 3
1470 2114 1589 2173 quod
1622 2131 1712 2158 non
1756 2114 1954 2173 blasphe-

317 2201 448 2243 mavit
474 2199 618 2242 Deum
642 2215 719 2243 nec
743 2200 918 2243 Sanctos
938 2200 1045 2256 ejus.

379 2284 459 2326 Die
484 2284 645 2336 martis,
670 2297 806 2326 xxvn.
846 2284 1005 2326 mensis
1040 2282 1257 2335 februarii,
1290 2284 1547 2339 interrogata
1585 2283 1618 2325 si
1654 2281 1851 2325 videatur
1875 2281 1955 2325 sibi

316 2366 431 2424 quod
459 2375 474 2398 ⁹
499 2379 758 2424 praeceptum
782 2365 922 2409 eidem
944 2365 1103 2409 factum
1122 2364 1174 2409 de
1198 2364 1444 2423 accipiendo
1472 2365 1670 2409 habitum
1705 2365 1872 2408 virilem
1903 2366 1956 2409 sit

371 2556 528 2604 *Quoad
547 2556 728 2595 decimum
754 2556 901 2595 tertium
923 2570 930 2594 :
956 2556 1128 2608 respond
1149 2569 1156 2595 ε
1187 2572 1204 2591 ι(
1230 2557 1274 2604 Je
1293 2554 1382 2608 n'ay
1404 2554 1635 2607 blaspheme
1668 2556 1785 2602 Dieu,
1813 2568 1861 2593 ne
1895 2568 1954 2594 ses

320 2629 489 2666 Saincts.
519 2643 538 2663 »

376 2700 423 2737 Et
442 2708 563 2751 quant
581 2699 605 2737 il
629 2699 698 2752 luy
715 2698 774 2737 fut
795 2700 942 2751 exposc'·
966 2712 1043 2752 que
1074 2699 1129 2738 les
1161 2700 1264 2737 sains
1295 2712 1443 2737 canons
1471 2708 1509 2737 et
1532 2697 1587 2737 les
1609 2699 1778 2736 sainctes
1808 2698 1957 2751 escrip-

323 2780 429 2808 tures
449 2780 623 2808 mectent
647 2784 722 2823 que
747 2770 802 2808 les
816 2769 984 2809 femmes
1004 2771 1072 2823 qui
1097 2780 1293 2822 prennent
1311 2769 1390 2808 abit
1412 2769 1602 2817 d’omme,
1626 2783 1677 2807 ou
1703 2768 1759 2807 les
1774 2769 1961 2808 hommes

374 2960 402 2982 1.
426 2948 457 2981 A
480 2960 489 2981 .·
511 2960 560 2982 ac.
594 2969 641 2972 —
671 2959 702 2981 2.
730 2948 817 2982 BC:
839 2948 1109 2982 abhominabilia.
1138 2969 1185 2972 —
1219 2958 1248 2992 3.
1277 2947 1365 2982 BC:
1401 2948 1521 2981 sciscis.
1548 2967 1594 2972 —
1626 2957 1659 2989 4.
1681 2946 1738 2990 Q:
1771 2946 1878 2993 hujus.
1912 2966 1959 2971 —

326 3018 355 3050 ς.
393 3007 422 3040 C
442 3016 538 3041 omet
554 3011 583 3040 et
600 3007 812 3053 capillos„—
834 3006 866 3042 6.
888 3006 918 3041 C
937 3016 1035 3041 ornet
1062 3009 1097 3040 in
1113 3018 1229 3051 genere
1246 3006 1405 3040 humano.
1422 3026 1468 3032 —
1485 3017 1519 3050 7.
1541 3006 1573 3039 A
1593 3018 1603 3040 :
1624 3005 1786 3040 decimum
1804 3007 1956 3039 tertium.

325 3088 369 3090 e„
387 3067 418 3099 S.
446 3066 477 3099 A
505 3079 514 3099 .·
531 3066 617 3099 dim
638 3066 787 3110 Jolmnna
808 3066 985 3112 respondet.
1011 3087 1053 3090 —
1072 3078 1104 3111 9.
1125 3066 1186 3100 BC
1204 3079 1213 3100 .·
1225 3072 1297 3112 per.
