2099 3356
331 167 414 221 236
612 164 769 207 PRoci'zs
802 177 858 206 DE
891 177 1243 206 CONDAMNATmN
1278 177 1334 206 DE
1364 177 1527 219 JEANNE
1560 163 1684 206 D’ARc

328 279 372 321 in
396 277 598 321 thesauro
625 277 733 334 regis
753 277 834 320 sui.
857 301 916 307 —-
935 276 1201 334 Interrogata
1216 277 1249 319 si
1266 278 1318 319 sit
1335 291 1506 329 aurum,
1523 289 1747 335 argentum
1779 277 1844 321 vel
1868 277 1972 336 lapis

329 362 554 420 pretiosus,
581 372 655 404 aut
678 375 839 404 corona
867 376 875 403 ε
906 358 1128 418 respondit
1151 377 1159 404 :
1195 376 1215 399 «
1243 361 1331 417 Ego
1351 344 1440 403 non
1467 358 1606 403 dicam
1622 359 1745 404 vobis
1765 360 1907 415 aliud3
1932 373 1974 405 et

332 446 511 488 nesciret
540 444 674 487 homo
696 442 930 487 describere
952 459 1040 487 rem
1061 445 1118 486 ita
1135 442 1332 497 divitem,
1363 444 1472 487 sicut
1493 455 1555 488 est
1575 442 1720 502 [illud]
1737 445 1927 502 signum.
1949 462 1970 484 »
2033 472 2035 475 -

331 527 400 587 [Et
425 528 536 571 ultra
563 526 669 571 dixit
699 526 731 585 z]
765 544 785 567 «
821 527 1003 584 Signum
1032 526 1151 586 quod
1177 539 1349 585 oportet
1376 527 1498 570 vobis
1521 540 1582 571 est
1611 527 1730 585 quod
1758 528 1876 571 Deus
1903 543 1973 572 me

331 610 478 655 liberet
504 610 555 655 de
584 610 783 656 manibus
803 611 980 664 vestris,
1009 623 1050 654 et
1071 622 1133 654 est
1153 611 1309 655 certius
1333 610 1451 669 quod
1479 612 1566 668 ipse
1599 612 1699 655 sciat
1725 610 1848 654 vobis
1870 612 1974 655 mit-

332 707 417 738 tere
434 695 441 737 !
471 711 490 734 ³>
513 720 568 724 —
587 695 713 747 Item,
738 710 783 737 ea
801 693 883 747 die,
907 693 1014 737 dixit
1029 693 1147 752 quod
1165 710 1280 738 unus
1299 693 1475 751 angelus
1495 710 1545 737 ex
1566 707 1681 753 parte
1697 694 1795 749 Dei,
1819 707 1861 738 et
1882 711 1971 738 non

331 794 381 822 ex
406 790 521 835 parte
536 778 723 828 alterius,
746 776 919 821 tradidit
941 779 1116 835 signum
1141 779 1228 835 regi
1244 794 1323 822 suo
1341 796 1351 832 3
1382 791 1423 821 et
1444 780 1531 836 ipsa
1547 777 1646 821 inde
1671 779 1893 835 regratiata
1913 791 1973 822 est

342 862 597 906 multotiens
620 861 731 905 Deo.
761 862 871 905 Item
908 861 1015 905 dixit
1058 860 1174 920 quod
1199 861 1339 905 clerici
1377 861 1428 905 de
1454 875 1570 919 parte
1597 878 1671 905 sua
1701 875 1972 906 cessaverunt

332 948 466 1004 ipsam
491 960 682 1002 arguere,
710 944 886 1003 quando
914 945 1158 989 habuerunt
1190 946 1363 1003 signum
1392 944 1662 1003 praedictum.
1697 971 1755 976 —
1785 946 1972 991 Interro-

330 1042 425 1087 gata
451 1030 484 1072 si
508 1029 708 1073 homines
734 1029 999 1073 ecclesiastici
1030 1028 1081 1072 de
1108 1041 1223 1087 parte
1253 1045 1327 1073 sua
1354 1028 1558 1073 viderunt
1592 1031 1768 1087 signum
1795 1029 1974 1087 praedic—

334 1127 430 1157 tum
453 1131 460 1157 :
485 1112 706 1171 respondit
723 1112 859 1171 quod,
882 1112 1059 1171 quando
1081 1128 1151 1156 rex
1177 1129 1281 1157 suus
1301 1126 1342 1157 et
1363 1114 1605 1157 assistentes
1626 1122 1634 1139 ¹
1657 1129 1756 1157 cum
1776 1129 1827 1158 eo
1853 1113 1975 1158 vide-

335 1209 437 1242 runt
467 1198 641 1254 signum
675 1196 927 1255 praedictum
958 1209 999 1241 et
1028 1198 1265 1255 ipsummet
1299 1196 1519 1255 angelum,
1556 1198 1631 1256 qui
1658 1199 1833 1255 signum
1867 1197 1973 1242 illud

331 1281 522 1335 tradidit,
552 1282 640 1339 ipsa
662 1282 812 1340 petivit
837 1282 924 1339 regi
946 1297 1026 1325 suo
1053 1282 1087 1324 si
1111 1293 1197 1325 erat
1221 1293 1481 1335 contentus3
1510 1282 1585 1339 qui
1606 1281 1827 1340 respondit
1853 1282 1972 1340 quod

330 1367 419 1419 sic3
450 1378 490 1409 et
515 1378 618 1409 tunc
642 1366 730 1423 ipsa
758 1367 943 1419 recessit,
971 1377 1013 1409 et
1037 1366 1114 1409 ivit
1143 1363 1194 1408 ad
1225 1381 1359 1409 unam
1386 1381 1559 1423 parvam
1594 1365 1843 1424 cappellam,
1875 1367 1973 1409 satis

334 1465 492 1508 prope,
523 1462 564 1493 et
592 1462 695 1492 tunc
719 1449 883 1493 audivit
910 1448 992 1493 dici
1017 1448 1152 1507 quod,
1182 1462 1276 1507 post
1301 1465 1431 1493 suum
1460 1464 1690 1503 recessum,
1721 1449 1816 1507 plus
1839 1465 1972 1508 quam

332 1542 561 1577 trecentae2
589 1549 781 1590 personae
811 1533 1013 1576 viderunt
1045 1532 1299 1591 praedictum
1324 1534 1513 1590 signum.
1545 1533 1664 1576 Dixit
1691 1533 1801 1577 ultra
1832 1532 1969 1591 quod,

332 1632 407 1676 pro
438 1632 584 1660 amore
612 1618 744 1674 ipsius
776 1616 1004 1672 Johannae,
1040 1630 1080 1660 et
1110 1629 1158 1660 ut
1187 1616 1387 1660 homines
1417 1615 1684 1660 dimitterent
1712 1618 1972 1679 interrogare

333 1716 444 1754 eam,
476 1702 591 1744 Deus
612 1701 751 1744 voluit
779 1701 1025 1758 permittere
1044 1699 1161 1759 quod
1191 1700 1249 1743 illi
1275 1700 1326 1744 de
1343 1713 1457 1759 parte
1482 1716 1572 1753 sua,
1593 1701 1665 1758 qui
1693 1699 1893 1744 viderunt
1919 1701 1972 1743 si—

331 1799 468 1840 gnum
495 1783 761 1841 praedictum,
792 1783 1015 1828 viderent3
1052 1773 1197 1842 ipsum
1225 1785 1397 1843 signum
1420 1794 1449 1827 4.

392 1869 516 1921 Item,
546 1867 613 1911 die
630 1868 759 1921 lunae,
785 1883 859 1911 ΧΗ.
887 1853 1048 1912 mensis
1071 1869 1226 1921 martii,
1248 1869 1506 1926 interrogata
1533 1881 1682 1912 utrum
1704 1868 1880 1925 angelus
1899 1869 1973 1926 qui

332 1953 571 2009 apportavit
599 1953 770 2009 signum
794 1951 929 1995 fuerat
948 1952 1143 1996 locutus:
1172 1951 1392 2009 respondit
1407 1951 1524 2009 quod
1549 1953 1633 2005 sic3
1657 1964 1696 1995 et
1723 1950 1839 2009 quod
1868 1950 1975 1995 dixit

332 2036 420 2093 regi
447 2051 526 2079 suo
566 2035 683 2094 quod
712 2037 800 2093 ipsa
833 2036 1029 2092 johanna
1065 2048 1297 2094 poneretur
1327 2044 1336 2068 ³
1370 2037 1413 2078 in
1444 2052 1569 2093 opus,
1600 2049 1640 2078 et
1674 2036 1805 2093 patria
1831 2036 1974 2078 statim

332 2132 441 2162 esset
463 2119 670 2163 alleviata.
696 2146 754 2150 —
771 2120 898 2173 Item,
918 2121 1175 2177 interrogata
1193 2121 1225 2162 si
1244 2119 1422 2177 angelus
1442 2121 1516 2177 qui
1537 2120 1776 2177 apportavit
1800 2117 1975 2176 praedic-

335 2215 428 2246 tum
445 2204 617 2260 signum
639 2203 720 2247 fuit
736 2203 806 2246 ille
821 2203 997 2260 angelus
1016 2204 1090 2261 qui
1113 2204 1254 2260 primo
1275 2204 1469 2261 apparuit
1490 2202 1585 2256 sibi,
1603 2203 1669 2246 vel
1694 2202 1820 2246 fuerit
1835 2202 1942 2246 alius
1963 2219 1971 2245 :

335 2285 555 2344 respondit
582 2285 699 2344 quod
725 2300 786 2329 est
810 2302 978 2344 semper
1005 2285 1134 2339 idem,
1164 2298 1205 2329 et
1234 2302 1459 2343 nunquam
1489 2287 1525 2329 ei
1561 2285 1730 2329 defecit.
1759 2311 1817 2315 —
1846 2285 1971 2338 Item,

335 2385 381 2413 ea
409 2368 492 2423 die,
529 2371 790 2427 interrogata
818 2369 869 2413 de
893 2371 1016 2426 signo
1048 2368 1205 2412 tradito
1234 2371 1320 2426 regi
1347 2385 1426 2412 suo
1457 2386 1465 2412 :
1503 2367 1723 2426 respondit
1753 2368 1869 2427 quod
1904 2367 1973 2426 [de

336 2454 416 2496 hoc
439 2452 544 2511 ipsa]
575 2452 746 2497 habebit
764 2453 995 2496 consilium
1019 2469 1041 2496 a
1064 2466 1206 2496 sancta
1230 2452 1478 2496 Katharina.

394 2537 519 2590 Item,
536 2536 604 2580 die
624 2539 787 2590 martis,
810 2551 901 2579 xm.
922 2537 1078 2589 martii,
1105 2537 1378 2594 interrogata,
1398 2535 1449 2579 de
1464 2537 1588 2594 signo
1608 2535 1765 2580 tradito
1780 2536 1865 2594 regi
1878 2551 1974 2589 suo,

338 2620 462 2678 quale
482 2620 586 2664 illud
612 2620 713 2664 fuit:
729 2619 949 2678 respondit
972 2637 979 2662 :
1006 2637 1025 2659 «
1042 2620 1223 2663 Essetis6
1242 2636 1318 2663 vos
1340 2631 1584 2672 contentuS,
1599 2618 1717 2677 quod
1728 2620 1817 2677 ego
1836 2620 1975 2663 incur-

337 2718 474 2747 rerem
506 2705 804 2760 perjuriumv?
834 2721 854 2743 >)
884 2729 940 2733 -
966 2704 1231 2761 Interrogata
1251 2715 1398 2746 utrum
1422 2704 1630 2760 juraverat
1655 2715 1696 2746 et
1722 2704 1974 2761 promiserat

337 2799 492 2847 sanctae
506 2786 750 2829 Katharinae
764 2802 853 2830 non
866 2786 1004 2830 dicere
1019 2785 1125 2830 illud
1143 2788 1316 2844 signum
1342 2803 1349 2829 :
1373 2785 1615 2844 respondit:
1644 2802 1663 2825 «
1683 2786 1920 2844 Egojuravi
1935 2799 1975 2830 et

391 3016 419 3038 1.
442 3005 508 3039 AC
529 3017 539 3038 .·
557 3006 805 3043 e.riste11tes.,—
825 3015 858 3038 2.
878 3004 976 3039 ABC
997 3018 1006 3039 :
1029 3006 1216 3040 tricentum.
1231 3025 1273 3030 ——
1293 3015 1322 3050 3.
1341 3005 1370 3039 C
1391 3017 1401 3039 :
1418 3004 1588 3039 viderunt.
1608 3025 1654 3029 —
1669 3014 1704 3047 4.
1726 3005 1759 3038 A
1778 3014 1853 3039 mot
1874 3007 1970 3050 raye.

343 3085 386 3089 —
422 3074 450 3103 ς.
474 3064 505 3096 Α
532 3076 541 3097 .·
562 3063 643 3109 quod
664 3069 840 3108 poneretur·
859 3066 926 3110 ipsa
942 3064 1109 3107 Johannu.
1127 3095 1133 3101 ,
1151 3091 1158 3099 .
1185 3085 1230 3088 ——
1251 3063 1283 3098 6.
1307 3064 1335 3097 B
1359 3076 1368 3098 :
1387 3064 1488 3097 Estis.
1510 3084 1551 3088 —
1572 3075 1604 3108 7.
1621 3063 1718 3098 ABC
1737 3075 1748 3098 :
1762 3065 1968 3110 parjurium.
