<?xml version="1.0" encoding="UTF-8"?>
<!DOCTYPE html PUBLIC "-//W3C//DTD XHTML 1.0 Transitional//EN"
    "http://www.w3.org/TR/xhtml1/DTD/xhtml1-transitional.dtd">
<html xmlns="http://www.w3.org/1999/xhtml" xml:lang="en" lang="en">
 <head>
  <title>
</title>
<meta http-equiv="Content-Type" content="text/html;charset=utf-8" />
  <meta name='ocr-system' content='tesseract 3.04.00' />
  <meta name='ocr-capabilities' content='ocr_page ocr_carea ocr_par ocr_line ocrx_word'/>
</head>
<body>
  <div class='ocr_page' id='page_1' title='image "./procsdecondamn01cham/procsdecondamn01cham_0310.png"; bbox 0 0 2099 3356; ppageno 0'>
   <div class='ocr_carea' id='block_1_1' title="bbox 391 185 1746 244">
    <p class='ocr_par' dir='ltr' id='par_1_1' title="bbox 391 185 1746 244">
     <span class='ocr_line' id='line_1_1' title="bbox 391 185 1746 244; baseline -0.004 -9"><span class='ocrx_word' id='word_1_1' title='bbox 391 194 475 235; x_wconf 81' lang='lat'>260</span> <span class='ocrx_word' id='word_1_2' title='bbox 670 189 825 233; x_wconf 67' lang='lat' dir='ltr'>PROCES</span> <span class='ocrx_word' id='word_1_3' title='bbox 858 203 914 231; x_wconf 82' lang='lat' dir='ltr'>DE</span> <span class='ocrx_word' id='word_1_4' title='bbox 946 201 1298 231; x_wconf 68' lang='lat' dir='ltr'>CONDAMNArioN</span> <span class='ocrx_word' id='word_1_5' title='bbox 1332 202 1388 231; x_wconf 78' lang='lat' dir='ltr'>DE</span> <span class='ocrx_word' id='word_1_6' title='bbox 1419 202 1586 244; x_wconf 66' lang='lat' dir='ltr'>JEANNE</span> <span class='ocrx_word' id='word_1_7' title='bbox 1619 185 1746 231; x_wconf 72' lang='lat' dir='ltr'>D’ARc</span> 
     </span>
    </p>
   </div>
   <div class='ocr_carea' id='block_1_2' title="bbox 391 297 2099 2866">
    <p class='ocr_par' dir='ltr' id='par_1_2' title="bbox 391 297 2063 778">
     <span class='ocr_line' id='line_1_2' title="bbox 450 297 2035 358; baseline -0.004 -11"><span class='ocrx_word' id='word_1_8' title='bbox 450 305 574 355; x_wconf 82' lang='lat' dir='ltr'>Item,</span> <span class='ocrx_word' id='word_1_9' title='bbox 605 301 673 346; x_wconf 91' lang='lat' dir='ltr'>die</span> <span class='ocrx_word' id='word_1_10' title='bbox 717 300 894 354; x_wconf 84' lang='lat' dir='ltr'>sabbati,</span> <span class='ocrx_word' id='word_1_11' title='bbox 926 315 1032 344; x_wconf 80' lang='lat' dir='ltr'>xvn.</span> <span class='ocrx_word' id='word_1_12' title='bbox 1081 302 1239 351; x_wconf 87' lang='lat' dir='ltr'>martii,</span> <span class='ocrx_word' id='word_1_13' title='bbox 1282 302 1541 358; x_wconf 86' lang='lat' dir='ltr'>interrogata</span> <span class='ocrx_word' id='word_1_14' title='bbox 1578 311 1727 344; x_wconf 87' lang='lat' dir='ltr'>utrum</span> <span class='ocrx_word' id='word_1_15' title='bbox 1779 300 1816 342; x_wconf 89' lang='lat' dir='ltr'>ei</span> <span class='ocrx_word' id='word_1_16' title='bbox 1863 297 2035 341; x_wconf 87' lang='lat' dir='ltr'>videtur</span> 
     </span>
     <span class='ocr_line' id='line_1_3' title="bbox 391 382 2030 446; baseline -0.003 -16"><span class='ocrx_word' id='word_1_17' title='bbox 391 386 509 446; x_wconf 89' lang='lat' dir='ltr'>quod</span> <span class='ocrx_word' id='word_1_18' title='bbox 537 397 732 429; x_wconf 84' lang='lat' dir='ltr'>teneatur</span> <span class='ocrx_word' id='word_1_19' title='bbox 767 384 892 442; x_wconf 93' lang='lat' dir='ltr'>plane</span> <span class='ocrx_word' id='word_1_20' title='bbox 932 383 1188 442; x_wconf 89' lang='lat' dir='ltr'>respondere</span> <span class='ocrx_word' id='word_1_21' title='bbox 1215 384 1440 427; x_wconf 82' lang='lat' dir='ltr'>veritatem</span> <span class='ocrx_word' id='word_1_22' title='bbox 1474 382 1658 427; x_wconf 90' lang='lat' dir='ltr'>domino</span> <span class='ocrx_word' id='word_1_23' title='bbox 1702 395 1850 426; x_wconf 88' lang='lat' dir='ltr'>nostro</span> <span class='ocrx_word' id='word_1_24' title='bbox 1889 382 2030 439; x_wconf 74' lang='lat' dir='ltr'>Papae,</span> 
     </span>
     <span class='ocr_line' id='line_1_4' title="bbox 393 463 2063 525; baseline -0.003 -13"><span class='ocrx_word' id='word_1_25' title='bbox 393 471 548 514; x_wconf 72' lang='lat' dir='ltr'>vicario</span> <span class='ocrx_word' id='word_1_26' title='bbox 576 470 674 521; x_wconf 85' lang='lat' dir='ltr'>Dei,</span> <span class='ocrx_word' id='word_1_27' title='bbox 704 481 744 512; x_wconf 92' lang='lat' dir='ltr'>et</span> <span class='ocrx_word' id='word_1_28' title='bbox 771 476 779 493; x_wconf 89' lang='lat'>¹</span> <span class='ocrx_word' id='word_1_29' title='bbox 811 466 863 511; x_wconf 90' lang='lat' dir='ltr'>de</span> <span class='ocrx_word' id='word_1_30' title='bbox 885 468 1008 511; x_wconf 86' lang='lat' dir='ltr'>omni</span> <span class='ocrx_word' id='word_1_31' title='bbox 1036 466 1110 510; x_wconf 94' lang='lat' dir='ltr'>illo</span> <span class='ocrx_word' id='word_1_32' title='bbox 1135 466 1252 525; x_wconf 88' lang='lat' dir='ltr'>quod</span> <span class='ocrx_word' id='word_1_33' title='bbox 1289 466 1367 510; x_wconf 85' lang='lat' dir='ltr'>sibi</span> <span class='ocrx_word' id='word_1_34' title='bbox 1415 479 1645 525; x_wconf 83' lang='lat' dir='ltr'>peteretur,</span> <span class='ocrx_word' id='word_1_35' title='bbox 1673 477 1875 523; x_wconf 84' lang='lat' dir='ltr'>tangente</span> <span class='ocrx_word' id='word_1_36' title='bbox 1903 463 2033 508; x_wconf 83' lang='lat' dir='ltr'>fidem</span> <span class='ocrx_word' id='word_1_37' title='bbox 2059 475 2063 479; x_wconf 55' lang='lat'><strong>⁴</strong></span> 
     </span>
     <span class='ocr_line' id='line_1_5' title="bbox 391 547 2033 609; baseline -0.003 -12"><span class='ocrx_word' id='word_1_38' title='bbox 391 566 431 597; x_wconf 88' lang='lat' dir='ltr'>et</span> <span class='ocrx_word' id='word_1_39' title='bbox 461 554 618 596; x_wconf 79' lang='lat' dir='ltr'>factum</span> <span class='ocrx_word' id='word_1_40' title='bbox 657 552 931 595; x_wconf 60' lang='lat' dir='ltr'>conscientiae</span> <span class='ocrx_word' id='word_1_41' title='bbox 977 567 1065 594; x_wconf 73' lang='lat' dir='ltr'>suae</span> <span class='ocrx_word' id='word_1_42' title='bbox 1114 567 1122 593; x_wconf 90' lang='lat'>:</span> <span class='ocrx_word' id='word_1_43' title='bbox 1170 550 1392 608; x_wconf 87' lang='lat' dir='ltr'>respondit</span> <span class='ocrx_word' id='word_1_44' title='bbox 1415 549 1534 609; x_wconf 90' lang='lat' dir='ltr'>quod</span> <span class='ocrx_word' id='word_1_45' title='bbox 1578 551 1667 608; x_wconf 85' lang='lat' dir='ltr'>ipsa</span> <span class='ocrx_word' id='word_1_46' title='bbox 1710 549 1891 607; x_wconf 79' lang='lat' dir='ltr'>requirit</span> <span class='ocrx_word' id='word_1_47' title='bbox 1917 547 2033 607; x_wconf 90' lang='lat' dir='ltr'>quod</span> 
     </span>
     <span class='ocr_line' id='line_1_6' title="bbox 391 630 2034 692; baseline -0.002 -13"><span class='ocrx_word' id='word_1_48' title='bbox 391 636 571 680; x_wconf 86' lang='lat' dir='ltr'>ducatur</span> <span class='ocrx_word' id='word_1_49' title='bbox 596 651 742 678; x_wconf 85' lang='lat' dir='ltr'>coram</span> <span class='ocrx_word' id='word_1_50' title='bbox 784 650 853 688; x_wconf 88' lang='lat' dir='ltr'>eo,</span> <span class='ocrx_word' id='word_1_51' title='bbox 884 646 924 677; x_wconf 87' lang='lat' dir='ltr'>et</span> <span class='ocrx_word' id='word_1_52' title='bbox 958 646 1105 692; x_wconf 87' lang='lat' dir='ltr'>postea</span> <span class='ocrx_word' id='word_1_53' title='bbox 1133 633 1425 692; x_wconf 84' lang='lat' dir='ltr'>respondebit,</span> <span class='ocrx_word' id='word_1_54' title='bbox 1456 649 1599 677; x_wconf 87' lang='lat' dir='ltr'>coram</span> <span class='ocrx_word' id='word_1_55' title='bbox 1622 635 1732 690; x_wconf 85' lang='lat' dir='ltr'>ipso,</span> <span class='ocrx_word' id='word_1_56' title='bbox 1762 648 1895 676; x_wconf 91' lang='lat' dir='ltr'>omne</span> <span class='ocrx_word' id='word_1_57' title='bbox 1929 630 2034 675; x_wconf 89' lang='lat' dir='ltr'>illud</span> 
     </span>
     <span class='ocr_line' id='line_1_7' title="bbox 391 717 985 778; baseline -0.005 -15"><span class='ocrx_word' id='word_1_58' title='bbox 391 719 508 778; x_wconf 88' lang='lat' dir='ltr'>quod</span> <span class='ocrx_word' id='word_1_59' title='bbox 529 718 699 763; x_wconf 84' lang='lat' dir='ltr'>debebit</span> <span class='ocrx_word' id='word_1_60' title='bbox 714 717 985 776; x_wconf 89' lang='lat' dir='ltr'>respondere.</span> 
     </span>
    </p>

    <p class='ocr_par' dir='ltr' id='par_1_3' title="bbox 392 799 2099 2866">
     <span class='ocr_line' id='line_1_8' title="bbox 452 799 2033 859; baseline -0.003 -13"><span class='ocrx_word' id='word_1_61' title='bbox 452 805 577 855; x_wconf 83' lang='lat' dir='ltr'>Item,</span> <span class='ocrx_word' id='word_1_62' title='bbox 602 801 669 845; x_wconf 88' lang='lat' dir='ltr'>die</span> <span class='ocrx_word' id='word_1_63' title='bbox 700 800 877 854; x_wconf 86' lang='lat' dir='ltr'>sabbati,</span> <span class='ocrx_word' id='word_1_64' title='bbox 919 801 1074 845; x_wconf 85' lang='lat' dir='ltr'>ultima</span> <span class='ocrx_word' id='word_1_65' title='bbox 1109 802 1249 845; x_wconf 90' lang='lat' dir='ltr'>martii</span> <span class='ocrx_word' id='word_1_66' title='bbox 1276 809 1307 854; x_wconf 87' lang='lat'>²,</span> <span class='ocrx_word' id='word_1_67' title='bbox 1353 803 1613 859; x_wconf 88' lang='lat' dir='ltr'>interrogata</span> <span class='ocrx_word' id='word_1_68' title='bbox 1647 813 1796 844; x_wconf 89' lang='lat' dir='ltr'>utrum</span> <span class='ocrx_word' id='word_1_69' title='bbox 1838 799 1940 844; x_wconf 92' lang='lat' dir='ltr'>velit</span> <span class='ocrx_word' id='word_1_70' title='bbox 1990 815 2033 843; x_wconf 87' lang='lat' dir='ltr'>se</span> 
     </span>
     <span class='ocr_line' id='line_1_9' title="bbox 394 881 2033 942; baseline -0.002 -13"><span class='ocrx_word' id='word_1_71' title='bbox 394 886 549 929; x_wconf 86' lang='lat' dir='ltr'>referre</span> <span class='ocrx_word' id='word_1_72' title='bbox 572 884 623 929; x_wconf 89' lang='lat' dir='ltr'>ad</span> <span class='ocrx_word' id='word_1_73' title='bbox 651 884 861 942; x_wconf 85' lang='lat' dir='ltr'>judicium</span> <span class='ocrx_word' id='word_1_74' title='bbox 892 885 1105 938; x_wconf 64' lang='lat' dir='ltr'>Ecclesiae,</span> <span class='ocrx_word' id='word_1_75' title='bbox 1135 901 1232 942; x_wconf 80' lang='lat' dir='ltr'>quae</span> <span class='ocrx_word' id='word_1_76' title='bbox 1260 897 1322 928; x_wconf 90' lang='lat' dir='ltr'>est</span> <span class='ocrx_word' id='word_1_77' title='bbox 1347 885 1390 927; x_wconf 92' lang='lat' dir='ltr'>in</span> <span class='ocrx_word' id='word_1_78' title='bbox 1417 885 1554 930; x_wconf 74' lang='lat' dir='ltr'>terris,</span> <span class='ocrx_word' id='word_1_79' title='bbox 1585 883 1635 928; x_wconf 89' lang='lat' dir='ltr'>de</span> <span class='ocrx_word' id='word_1_80' title='bbox 1663 885 1785 928; x_wconf 86' lang='lat' dir='ltr'>omni</span> <span class='ocrx_word' id='word_1_81' title='bbox 1813 883 1888 927; x_wconf 94' lang='lat' dir='ltr'>illo</span> <span class='ocrx_word' id='word_1_82' title='bbox 1915 881 2033 942; x_wconf 89' lang='lat' dir='ltr'>quod</span> 
     </span>
     <span class='ocr_line' id='line_1_10' title="bbox 392 965 2030 1026; baseline -0.001 -12"><span class='ocrx_word' id='word_1_83' title='bbox 392 970 498 1014; x_wconf 81' lang='lat' dir='ltr'>dixit</span> <span class='ocrx_word' id='word_1_84' title='bbox 519 982 560 1013; x_wconf 84' lang='lat' dir='ltr'>et</span> <span class='ocrx_word' id='word_1_85' title='bbox 584 968 695 1022; x_wconf 85' lang='lat' dir='ltr'>fecit,</span> <span class='ocrx_word' id='word_1_86' title='bbox 742 970 830 1012; x_wconf 90' lang='lat' dir='ltr'>sive</span> <span class='ocrx_word' id='word_1_87' title='bbox 873 968 1039 1012; x_wconf 91' lang='lat' dir='ltr'>bonum</span> <span class='ocrx_word' id='word_1_88' title='bbox 1077 969 1146 1014; x_wconf 78' lang='lat' dir='ltr'>sit,</span> <span class='ocrx_word' id='word_1_89' title='bbox 1175 970 1263 1012; x_wconf 88' lang='lat' dir='ltr'>sive</span> <span class='ocrx_word' id='word_1_90' title='bbox 1299 968 1481 1022; x_wconf 87' lang='lat' dir='ltr'>malum,</span> <span class='ocrx_word' id='word_1_91' title='bbox 1509 967 1749 1026; x_wconf 77' lang='lat' dir='ltr'>specialiter</span> <span class='ocrx_word' id='word_1_92' title='bbox 1776 966 1826 1011; x_wconf 92' lang='lat' dir='ltr'>de</span> <span class='ocrx_word' id='word_1_93' title='bbox 1850 965 2030 1013; x_wconf 73' lang='lat' dir='ltr'>casibus.</span> 
     </span>
     <span class='ocr_line' id='line_1_11' title="bbox 393 1050 2036 1111; baseline -0.002 -15"><span class='ocrx_word' id='word_1_94' title='bbox 393 1052 646 1096; x_wconf 84' lang='lat' dir='ltr'>criminibus</span> <span class='ocrx_word' id='word_1_95' title='bbox 680 1065 720 1096; x_wconf 87' lang='lat' dir='ltr'>et</span> <span class='ocrx_word' id='word_1_96' title='bbox 746 1051 911 1096; x_wconf 88' lang='lat' dir='ltr'>delictis</span> <span class='ocrx_word' id='word_1_97' title='bbox 938 1069 1033 1111; x_wconf 65' lang='lat' dir='ltr'>quat·</span> <span class='ocrx_word' id='word_1_98' title='bbox 1082 1051 1160 1095; x_wconf 82' lang='lat' dir='ltr'>sibi</span> <span class='ocrx_word' id='word_1_99' title='bbox 1190 1053 1393 1110; x_wconf 83' lang='lat' dir='ltr'>imposita</span> <span class='ocrx_word' id='word_1_100' title='bbox 1433 1050 1625 1103; x_wconf 86' lang='lat' dir='ltr'>fuerunt,</span> <span class='ocrx_word' id='word_1_101' title='bbox 1671 1064 1712 1095; x_wconf 88' lang='lat' dir='ltr'>et</span> <span class='ocrx_word' id='word_1_102' title='bbox 1739 1050 1790 1095; x_wconf 88' lang='lat' dir='ltr'>de</span> <span class='ocrx_word' id='word_1_103' title='bbox 1818 1052 1940 1095; x_wconf 88' lang='lat' dir='ltr'>omni</span> <span class='ocrx_word' id='word_1_104' title='bbox 1962 1050 2036 1094; x_wconf 94' lang='lat' dir='ltr'>illo</span> 
     </span>
     <span class='ocr_line' id='line_1_12' title="bbox 401 1133 2035 1195; baseline -0.002 -15"><span class='ocrx_word' id='word_1_105' title='bbox 401 1136 519 1195; x_wconf 84' lang='lat' dir='ltr'>quod</span> <span class='ocrx_word' id='word_1_106' title='bbox 565 1138 701 1194; x_wconf 86' lang='lat' dir='ltr'>tangit</span> <span class='ocrx_word' id='word_1_107' title='bbox 740 1152 988 1193; x_wconf 79' lang='lat' dir='ltr'>processum</span> <span class='ocrx_word' id='word_1_108' title='bbox 1024 1150 1182 1188; x_wconf 84' lang='lat' dir='ltr'>suu1n;</span> <span class='ocrx_word' id='word_1_109' title='bbox 1229 1135 1451 1193; x_wconf 84' lang='lat' dir='ltr'>respondit</span> <span class='ocrx_word' id='word_1_110' title='bbox 1497 1135 1629 1194; x_wconf 83' lang='lat' dir='ltr'>quod,</span> <span class='ocrx_word' id='word_1_111' title='bbox 1661 1135 1712 1179; x_wconf 89' lang='lat' dir='ltr'>de</span> <span class='ocrx_word' id='word_1_112' title='bbox 1755 1135 1830 1179; x_wconf 94' lang='lat' dir='ltr'>illo</span> <span class='ocrx_word' id='word_1_113' title='bbox 1857 1133 1974 1193; x_wconf 91' lang='lat' dir='ltr'>quod</span> <span class='ocrx_word' id='word_1_114' title='bbox 1999 1135 2035 1177; x_wconf 86' lang='lat' dir='ltr'>ei</span> 
     </span>
     <span class='ocr_line' id='line_1_13' title="bbox 397 1217 2036 1278; baseline -0.001 -14"><span class='ocrx_word' id='word_1_115' title='bbox 397 1233 564 1278; x_wconf 85' lang='lat' dir='ltr'>petetur</span> <span class='ocrx_word' id='word_1_116' title='bbox 592 1229 620 1273; x_wconf 79' lang='lat'>³,</span> <span class='ocrx_word' id='word_1_117' title='bbox 653 1222 740 1278; x_wconf 86' lang='lat' dir='ltr'>ipsa</span> <span class='ocrx_word' id='word_1_118' title='bbox 782 1236 824 1263; x_wconf 89' lang='lat' dir='ltr'>se</span> <span class='ocrx_word' id='word_1_119' title='bbox 874 1219 1024 1263; x_wconf 89' lang='lat' dir='ltr'>referet</span> <span class='ocrx_word' id='word_1_120' title='bbox 1053 1220 1247 1264; x_wconf 63' lang='lat' dir='ltr'>Ecclesiae</span> <span class='ocrx_word' id='word_1_121' title='bbox 1277 1219 1497 1273; x_wconf 87' lang='lat' dir='ltr'>militanti,</span> <span class='ocrx_word' id='word_1_122' title='bbox 1531 1220 1702 1277; x_wconf 90' lang='lat' dir='ltr'>proviso</span> <span class='ocrx_word' id='word_1_123' title='bbox 1733 1218 1850 1277; x_wconf 90' lang='lat' dir='ltr'>quod</span> <span class='ocrx_word' id='word_1_124' title='bbox 1886 1217 2036 1262; x_wconf 87' lang='lat' dir='ltr'>eadem</span> 
     </span>
     <span class='ocr_line' id='line_1_14' title="bbox 397 1301 2037 1362; baseline -0.001 -15"><span class='ocrx_word' id='word_1_125' title='bbox 397 1305 580 1348; x_wconf 69' lang='lat' dir='ltr'>Ecclesia</span> <span class='ocrx_word' id='word_1_126' title='bbox 609 1320 696 1347; x_wconf 88' lang='lat' dir='ltr'>non</span> <span class='ocrx_word' id='word_1_127' title='bbox 721 1304 935 1361; x_wconf 72' lang='lat' dir='ltr'>praecipiat</span> <span class='ocrx_word' id='word_1_128' title='bbox 954 1302 1032 1346; x_wconf 88' lang='lat' dir='ltr'>sibi</span> <span class='ocrx_word' id='word_1_129' title='bbox 1054 1302 1216 1362; x_wconf 87' lang='lat' dir='ltr'>aliquid</span> <span class='ocrx_word' id='word_1_130' title='bbox 1245 1302 1510 1361; x_wconf 86' lang='lat' dir='ltr'>impossibile</span> <span class='ocrx_word' id='word_1_131' title='bbox 1528 1302 1642 1357; x_wconf 81' lang='lat' dir='ltr'>fieri3</span> <span class='ocrx_word' id='word_1_132' title='bbox 1662 1316 1703 1346; x_wconf 88' lang='lat' dir='ltr'>et</span> <span class='ocrx_word' id='word_1_133' title='bbox 1730 1302 1912 1361; x_wconf 85' lang='lat' dir='ltr'>appellat</span> <span class='ocrx_word' id='word_1_134' title='bbox 1933 1301 2037 1345; x_wconf 88' lang='lat' dir='ltr'>illud</span> 
     </span>
     <span class='ocr_line' id='line_1_15' title="bbox 398 1384 2037 1446; baseline -0.001 -16"><span class='ocrx_word' id='word_1_135' title='bbox 398 1387 515 1446; x_wconf 89' lang='lat' dir='ltr'>quod</span> <span class='ocrx_word' id='word_1_136' title='bbox 541 1400 710 1444; x_wconf 88' lang='lat' dir='ltr'>reputat</span> <span class='ocrx_word' id='word_1_137' title='bbox 737 1386 1002 1444; x_wconf 85' lang='lat' dir='ltr'>impossibile</span> <span class='ocrx_word' id='word_1_138' title='bbox 1042 1387 1199 1430; x_wconf 88' lang='lat' dir='ltr'>scilicet</span> <span class='ocrx_word' id='word_1_139' title='bbox 1244 1386 1378 1444; x_wconf 82' lang='lat' dir='ltr'>quod,</span> <span class='ocrx_word' id='word_1_140' title='bbox 1410 1386 1514 1430; x_wconf 85' lang='lat' dir='ltr'>facta</span> <span class='ocrx_word' id='word_1_141' title='bbox 1565 1403 1661 1445; x_wconf 78' lang='lat' dir='ltr'>quae</span> <span class='ocrx_word' id='word_1_142' title='bbox 1694 1385 1799 1430; x_wconf 82' lang='lat' dir='ltr'>dixit</span> <span class='ocrx_word' id='word_1_143' title='bbox 1836 1398 1877 1430; x_wconf 90' lang='lat' dir='ltr'>et</span> <span class='ocrx_word' id='word_1_144' title='bbox 1919 1384 2037 1440; x_wconf 89' lang='lat' dir='ltr'>fecit,</span> 
     </span>
     <span class='ocr_line' id='line_1_16' title="bbox 397 1468 2039 1529; baseline -0.001 -15"><span class='ocrx_word' id='word_1_145' title='bbox 397 1471 602 1514; x_wconf 82' lang='lat' dir='ltr'>declarata</span> <span class='ocrx_word' id='word_1_146' title='bbox 629 1473 669 1513; x_wconf 91' lang='lat' dir='ltr'>in</span> <span class='ocrx_word' id='word_1_147' title='bbox 698 1487 912 1529; x_wconf 79' lang='lat' dir='ltr'>processu,</span> <span class='ocrx_word' id='word_1_148' title='bbox 940 1470 990 1514; x_wconf 87' lang='lat' dir='ltr'>de</span> <span class='ocrx_word' id='word_1_149' title='bbox 1029 1470 1270 1514; x_wconf 88' lang='lat' dir='ltr'>visionibus</span> <span class='ocrx_word' id='word_1_150' title='bbox 1300 1483 1341 1514; x_wconf 90' lang='lat' dir='ltr'>et</span> <span class='ocrx_word' id='word_1_151' title='bbox 1369 1469 1706 1514; x_wconf 78' lang='lat' dir='ltr'>revelationibus</span> <span class='ocrx_word' id='word_1_152' title='bbox 1736 1486 1839 1528; x_wconf 85' lang='lat' dir='ltr'>quas</span> <span class='ocrx_word' id='word_1_153' title='bbox 1866 1468 1971 1513; x_wconf 86' lang='lat' dir='ltr'>dixit</span> <span class='ocrx_word' id='word_1_154' title='bbox 1992 1485 2039 1513; x_wconf 87' lang='lat' dir='ltr'>se</span> 
     </span>
     <span class='ocr_line' id='line_1_17' title="bbox 396 1543 2036 1612; baseline -0.001 -14"><span class='ocrx_word' id='word_1_155' title='bbox 396 1554 539 1611; x_wconf 84' lang='lat' dir='ltr'>fecisse</span> <span class='ocrx_word' id='word_1_156' title='bbox 567 1570 616 1597; x_wconf 81' lang='lat' dir='ltr'>ex</span> <span class='ocrx_word' id='word_1_157' title='bbox 639 1567 754 1612; x_wconf 88' lang='lat' dir='ltr'>parte</span> <span class='ocrx_word' id='word_1_158' title='bbox 774 1555 851 1597; x_wconf 87' lang='lat' dir='ltr'>Dei</span> <span class='ocrx_word' id='word_1_159' title='bbox 873 1553 1080 1612; x_wconf 73' lang='lat' dir='ltr'>[revocetl</span> <span class='ocrx_word' id='word_1_160' title='bbox 1106 1573 1115 1607; x_wconf 81' lang='lat'>3</span> <span class='ocrx_word' id='word_1_161' title='bbox 1142 1567 1181 1597; x_wconf 90' lang='lat' dir='ltr'>et</span> <span class='ocrx_word' id='word_1_162' title='bbox 1204 1570 1290 1598; x_wconf 89' lang='lat' dir='ltr'>non</span> <span class='ocrx_word' id='word_1_163' title='bbox 1323 1553 1538 1598; x_wconf 70' lang='lat' dir='ltr'>revocabit</span> <span class='ocrx_word' id='word_1_164' title='bbox 1559 1570 1626 1597; x_wconf 88' lang='lat' dir='ltr'>eas</span> <span class='ocrx_word' id='word_1_165' title='bbox 1654 1543 1736 1611; x_wconf 32' lang='lat' dir='ltr'>&#39;pro</span> <span class='ocrx_word' id='word_1_166' title='bbox 1762 1569 2036 1612; x_wconf 87' lang='lat' dir='ltr'>quacumque</span> 
     </span>
     <span class='ocr_line' id='line_1_18' title="bbox 395 1636 2037 1696; baseline 0 -14"><span class='ocrx_word' id='word_1_167' title='bbox 395 1655 459 1691; x_wconf 80' lang='lat' dir='ltr'>re3</span> <span class='ocrx_word' id='word_1_168' title='bbox 483 1651 523 1682; x_wconf 89' lang='lat' dir='ltr'>et</span> <span class='ocrx_word' id='word_1_169' title='bbox 550 1637 600 1681; x_wconf 87' lang='lat' dir='ltr'>de</span> <span class='ocrx_word' id='word_1_170' title='bbox 630 1638 725 1688; x_wconf 86' lang='lat' dir='ltr'>hoc,</span> <span class='ocrx_word' id='word_1_171' title='bbox 753 1637 871 1696; x_wconf 87' lang='lat' dir='ltr'>quod</span> <span class='ocrx_word' id='word_1_172' title='bbox 902 1639 1120 1681; x_wconf 86' lang='lat' dir='ltr'>Dominus</span> <span class='ocrx_word' id='word_1_173' title='bbox 1146 1651 1289 1681; x_wconf 87' lang='lat' dir='ltr'>noster</span> <span class='ocrx_word' id='word_1_174' title='bbox 1314 1636 1410 1681; x_wconf 88' lang='lat' dir='ltr'>fecit</span> <span class='ocrx_word' id='word_1_175' title='bbox 1425 1637 1503 1681; x_wconf 91' lang='lat' dir='ltr'>sibi</span> <span class='ocrx_word' id='word_1_176' title='bbox 1535 1636 1669 1681; x_wconf 81' lang='lat' dir='ltr'>facere</span> <span class='ocrx_word' id='word_1_177' title='bbox 1690 1653 1736 1680; x_wconf 84' lang='lat' dir='ltr'>ac</span> <span class='ocrx_word' id='word_1_178' title='bbox 1765 1639 1961 1696; x_wconf 84' lang='lat' dir='ltr'>praecepit</span> <span class='ocrx_word' id='word_1_179' title='bbox 1991 1653 2037 1682; x_wconf 89' lang='lat' dir='ltr'>ac</span> 
     </span>
     <span class='ocr_line' id='line_1_19' title="bbox 396 1721 2039 1780; baseline 0 -15"><span class='ocrx_word' id='word_1_180' title='bbox 396 1723 623 1780; x_wconf 76' lang='lat' dir='ltr'>praecipiet‚</span> <span class='ocrx_word' id='word_1_181' title='bbox 652 1724 737 1780; x_wconf 87' lang='lat' dir='ltr'>ipsa</span> <span class='ocrx_word' id='word_1_182' title='bbox 767 1738 853 1765; x_wconf 89' lang='lat' dir='ltr'>non</span> <span class='ocrx_word' id='word_1_183' title='bbox 898 1721 1088 1765; x_wconf 77' lang='lat' dir='ltr'>dimittet</span> <span class='ocrx_word' id='word_1_184' title='bbox 1130 1722 1210 1766; x_wconf 77' lang='lat' dir='ltr'>hoc</span> <span class='ocrx_word' id='word_1_185' title='bbox 1257 1721 1407 1775; x_wconf 78' lang='lat' dir='ltr'>facere,</span> <span class='ocrx_word' id='word_1_186' title='bbox 1443 1738 1518 1779; x_wconf 91' lang='lat' dir='ltr'>pro</span> <span class='ocrx_word' id='word_1_187' title='bbox 1557 1722 1735 1765; x_wconf 86' lang='lat' dir='ltr'>homine</span> <span class='ocrx_word' id='word_1_188' title='bbox 1763 1723 1936 1765; x_wconf 87' lang='lat' dir='ltr'>vivente</span> <span class='ocrx_word' id='word_1_189' title='bbox 1961 1740 1971 1776; x_wconf 89' lang='lat'>;</span> <span class='ocrx_word' id='word_1_190' title='bbox 1998 1734 2039 1765; x_wconf 89' lang='lat' dir='ltr'>et</span> 
     </span>
     <span class='ocr_line' id='line_1_20' title="bbox 393 1805 2039 1864; baseline 0 -15"><span class='ocrx_word' id='word_1_191' title='bbox 393 1818 501 1849; x_wconf 86' lang='lat' dir='ltr'>esset</span> <span class='ocrx_word' id='word_1_192' title='bbox 522 1805 598 1848; x_wconf 91' lang='lat' dir='ltr'>sibi</span> <span class='ocrx_word' id='word_1_193' title='bbox 634 1805 897 1862; x_wconf 87' lang='lat' dir='ltr'>impossibile</span> <span class='ocrx_word' id='word_1_194' title='bbox 924 1806 993 1848; x_wconf 82' lang='lat' dir='ltr'>illa</span> <span class='ocrx_word' id='word_1_195' title='bbox 1020 1821 1218 1849; x_wconf 74' lang='lat' dir='ltr'>revocare</span> <span class='ocrx_word' id='word_1_196' title='bbox 1244 1823 1254 1859; x_wconf 80' lang='lat'>3</span> <span class='ocrx_word' id='word_1_197' title='bbox 1299 1818 1340 1850; x_wconf 86' lang='lat' dir='ltr'>et</span> <span class='ocrx_word' id='word_1_198' title='bbox 1365 1807 1408 1848; x_wconf 91' lang='lat' dir='ltr'>in</span> <span class='ocrx_word' id='word_1_199' title='bbox 1433 1821 1530 1850; x_wconf 87' lang='lat' dir='ltr'>casu</span> <span class='ocrx_word' id='word_1_200' title='bbox 1573 1822 1662 1864; x_wconf 88' lang='lat' dir='ltr'>quo</span> <span class='ocrx_word' id='word_1_201' title='bbox 1696 1805 1880 1849; x_wconf 85' lang='lat' dir='ltr'>Ecclesia</span> <span class='ocrx_word' id='word_1_202' title='bbox 1907 1805 2039 1849; x_wconf 90' lang='lat' dir='ltr'>vellet</span> 
     </span>
     <span class='ocr_line' id='line_1_21' title="bbox 395 1887 2042 1947; baseline 0 -15"><span class='ocrx_word' id='word_1_203' title='bbox 395 1891 527 1946; x_wconf 81' lang='lat' dir='ltr'>ipsam</span> <span class='ocrx_word' id='word_1_204' title='bbox 558 1888 690 1931; x_wconf 80' lang='lat' dir='ltr'>facere</span> <span class='ocrx_word' id='word_1_205' title='bbox 711 1887 841 1937; x_wconf 79' lang='lat' dir='ltr'>aliud,</span> <span class='ocrx_word' id='word_1_206' title='bbox 873 1902 1019 1932; x_wconf 84' lang='lat' dir='ltr'>contra</span> <span class='ocrx_word' id='word_1_207' title='bbox 1058 1902 1320 1947; x_wconf 55' lang='lat' dir='ltr'>praeceptum</span> <span class='ocrx_word' id='word_1_208' title='bbox 1346 1888 1463 1946; x_wconf 88' lang='lat' dir='ltr'>quod</span> <span class='ocrx_word' id='word_1_209' title='bbox 1508 1888 1609 1932; x_wconf 89' lang='lat' dir='ltr'>dicit</span> <span class='ocrx_word' id='word_1_210' title='bbox 1635 1898 1646 1920; x_wconf 70' lang='lat'><strong>⁴</strong></span> <span class='ocrx_word' id='word_1_211' title='bbox 1688 1888 1766 1932; x_wconf 90' lang='lat' dir='ltr'>sibi</span> <span class='ocrx_word' id='word_1_212' title='bbox 1819 1888 1975 1933; x_wconf 81' lang='lat' dir='ltr'>factum</span> <span class='ocrx_word' id='word_1_213' title='bbox 2019 1905 2042 1932; x_wconf 85' lang='lat' dir='ltr'>a</span> 
     </span>
     <span class='ocr_line' id='line_1_22' title="bbox 395 1971 2039 2031; baseline 0.001 -16"><span class='ocrx_word' id='word_1_214' title='bbox 395 1974 506 2026; x_wconf 85' lang='lat' dir='ltr'>Deo,</span> <span class='ocrx_word' id='word_1_215' title='bbox 530 1974 615 2030; x_wconf 82' lang='lat' dir='ltr'>ipsa</span> <span class='ocrx_word' id='word_1_216' title='bbox 638 1988 725 2015; x_wconf 90' lang='lat' dir='ltr'>non</span> <span class='ocrx_word' id='word_1_217' title='bbox 752 1971 920 2023; x_wconf 79' lang='lat' dir='ltr'>faceret,</span> <span class='ocrx_word' id='word_1_218' title='bbox 948 1988 1023 2030; x_wconf 85' lang='lat' dir='ltr'>pro</span> <span class='ocrx_word' id='word_1_219' title='bbox 1039 1988 1313 2031; x_wconf 87' lang='lat' dir='ltr'>quacumque</span> <span class='ocrx_word' id='word_1_220' title='bbox 1338 1987 1393 2016; x_wconf 86' lang='lat' dir='ltr'>re.</span> <span class='ocrx_word' id='word_1_221' title='bbox 1418 1999 1472 2002; x_wconf 97' lang='lat'><strong>—</strong></span> <span class='ocrx_word' id='word_1_222' title='bbox 1493 1974 1772 2030; x_wconf 81' lang='lat' dir='ltr'>Interrogata,</span> <span class='ocrx_word' id='word_1_223' title='bbox 1795 1974 1828 2016; x_wconf 91' lang='lat' dir='ltr'>si</span> <span class='ocrx_word' id='word_1_224' title='bbox 1854 1973 2039 2016; x_wconf 86' lang='lat' dir='ltr'>Ecclesia</span> 
     </span>
     <span class='ocr_line' id='line_1_23' title="bbox 397 2054 2036 2113; baseline 0.001 -15"><span class='ocrx_word' id='word_1_225' title='bbox 397 2056 586 2099; x_wconf 86' lang='lat' dir='ltr'>militans</span> <span class='ocrx_word' id='word_1_226' title='bbox 605 2054 715 2098; x_wconf 87' lang='lat' dir='ltr'>dicat</span> <span class='ocrx_word' id='word_1_227' title='bbox 744 2055 862 2113; x_wconf 85' lang='lat' dir='ltr'>quod</span> <span class='ocrx_word' id='word_1_228' title='bbox 890 2072 978 2099; x_wconf 83' lang='lat' dir='ltr'>suae</span> <span class='ocrx_word' id='word_1_229' title='bbox 1001 2056 1283 2100; x_wconf 82' lang='lat' dir='ltr'>revelationes</span> <span class='ocrx_word' id='word_1_230' title='bbox 1317 2070 1418 2099; x_wconf 90' lang='lat' dir='ltr'>sunt</span> <span class='ocrx_word' id='word_1_231' title='bbox 1442 2056 1680 2109; x_wconf 84' lang='lat' dir='ltr'>illusiones,</span> <span class='ocrx_word' id='word_1_232' title='bbox 1700 2069 1773 2100; x_wconf 85' lang='lat' dir='ltr'>aut</span> <span class='ocrx_word' id='word_1_233' title='bbox 1810 2072 1873 2100; x_wconf 88' lang='lat' dir='ltr'>res</span> <span class='ocrx_word' id='word_1_234' title='bbox 1892 2055 2036 2100; x_wconf 86' lang='lat' dir='ltr'>diabo-</span> 
     </span>
     <span class='ocr_line' id='line_1_24' title="bbox 398 2126 2040 2196; baseline 0.001 -15"><span class='ocrx_word' id='word_1_235' title='bbox 398 2140 501 2185; x_wconf 73' lang='lat' dir='ltr'>licae,</span> <span class='ocrx_word' id='word_1_236' title='bbox 529 2151 602 2182; x_wconf 87' lang='lat' dir='ltr'>aut</span> <span class='ocrx_word' id='word_1_237' title='bbox 625 2140 952 2196; x_wconf 81' lang='lat' dir='ltr'>superstitiones</span> <span class='ocrx_word' id='word_1_238' title='bbox 986 2126 1051 2182; x_wconf 73' lang='lat' dir='ltr'>vel</span> <span class='ocrx_word' id='word_1_239' title='bbox 1097 2139 1218 2182; x_wconf 76' lang='lat' dir='ltr'>malae</span> <span class='ocrx_word' id='word_1_240' title='bbox 1267 2155 1344 2193; x_wconf 88' lang='lat' dir='ltr'>res,</span> <span class='ocrx_word' id='word_1_241' title='bbox 1391 2152 1536 2182; x_wconf 87' lang='lat' dir='ltr'>utrum</span> <span class='ocrx_word' id='word_1_242' title='bbox 1581 2157 1623 2183; x_wconf 87' lang='lat' dir='ltr'>se</span> <span class='ocrx_word' id='word_1_243' title='bbox 1672 2138 1723 2183; x_wconf 90' lang='lat' dir='ltr'>de</span> <span class='ocrx_word' id='word_1_244' title='bbox 1767 2140 1847 2184; x_wconf 87' lang='lat' dir='ltr'>hoc</span> <span class='ocrx_word' id='word_1_245' title='bbox 1890 2139 2040 2184; x_wconf 88' lang='lat' dir='ltr'>referet</span> 
     </span>
     <span class='ocr_line' id='line_1_25' title="bbox 398 2221 2040 2282; baseline 0.001 -17"><span class='ocrx_word' id='word_1_246' title='bbox 398 2222 591 2266; x_wconf 72' lang='lat' dir='ltr'>Ecclesiae</span> <span class='ocrx_word' id='word_1_247' title='bbox 623 2239 630 2264; x_wconf 91' lang='lat'>:</span> <span class='ocrx_word' id='word_1_248' title='bbox 665 2221 882 2279; x_wconf 77' lang='lat' dir='ltr'>respondit</span> <span class='ocrx_word' id='word_1_249' title='bbox 911 2221 1026 2280; x_wconf 87' lang='lat' dir='ltr'>quod</span> <span class='ocrx_word' id='word_1_250' title='bbox 1052 2240 1094 2265; x_wconf 90' lang='lat' dir='ltr'>se</span> <span class='ocrx_word' id='word_1_251' title='bbox 1135 2222 1260 2266; x_wconf 88' lang='lat' dir='ltr'>refert</span> <span class='ocrx_word' id='word_1_252' title='bbox 1286 2223 1396 2276; x_wconf 86' lang='lat' dir='ltr'>Deo,</span> <span class='ocrx_word' id='word_1_253' title='bbox 1427 2225 1547 2280; x_wconf 83' lang='lat' dir='ltr'>cujus</span> <span class='ocrx_word' id='word_1_254' title='bbox 1596 2225 1682 2281; x_wconf 88' lang='lat' dir='ltr'>ipsa</span> <span class='ocrx_word' id='word_1_255' title='bbox 1724 2239 1892 2282; x_wconf 87' lang='lat' dir='ltr'>semper</span> <span class='ocrx_word' id='word_1_256' title='bbox 1917 2224 2040 2268; x_wconf 75' lang='lat' dir='ltr'>faciet</span> 
     </span>
     <span class='ocr_line' id='line_1_26' title="bbox 401 2305 2097 2364; baseline 0.001 -16"><span class='ocrx_word' id='word_1_257' title='bbox 401 2319 687 2363; x_wconf 70' lang='lat' dir='ltr'>praeceptum3</span> <span class='ocrx_word' id='word_1_258' title='bbox 726 2318 766 2348; x_wconf 84' lang='lat' dir='ltr'>et</span> <span class='ocrx_word' id='word_1_259' title='bbox 790 2305 908 2364; x_wconf 88' lang='lat' dir='ltr'>quod</span> <span class='ocrx_word' id='word_1_260' title='bbox 938 2305 1044 2349; x_wconf 81' lang='lat' dir='ltr'>bene</span> <span class='ocrx_word' id='word_1_261' title='bbox 1072 2307 1149 2349; x_wconf 89' lang='lat' dir='ltr'>scit</span> <span class='ocrx_word' id='word_1_262' title='bbox 1177 2305 1291 2364; x_wconf 87' lang='lat' dir='ltr'>quod</span> <span class='ocrx_word' id='word_1_263' title='bbox 1317 2305 1422 2350; x_wconf 91' lang='lat' dir='ltr'>illud</span> <span class='ocrx_word' id='word_1_264' title='bbox 1459 2306 1575 2364; x_wconf 86' lang='lat' dir='ltr'>quod</span> <span class='ocrx_word' id='word_1_265' title='bbox 1613 2308 1862 2350; x_wconf 86' lang='lat' dir='ltr'>continetur</span> <span class='ocrx_word' id='word_1_266' title='bbox 1889 2308 1932 2350; x_wconf 90' lang='lat' dir='ltr'>in</span> <span class='ocrx_word' id='word_1_267' title='bbox 1958 2322 2038 2351; x_wconf 90' lang='lat' dir='ltr'>suo</span> <span class='ocrx_word' id='word_1_268' title='bbox 2095 2356 2097 2361; x_wconf 18' lang='lat' dir='ltr'><em>A</em></span> 
     </span>
     <span class='ocr_line' id='line_1_27' title="bbox 402 2381 2038 2448; baseline 0.001 -17"><span class='ocrx_word' id='word_1_269' title='bbox 402 2405 596 2446; x_wconf 88' lang='lat' dir='ltr'>processu</span> <span class='ocrx_word' id='word_1_270' title='bbox 642 2381 760 2432; x_wconf 66' lang='lat' dir='ltr'>venit</span> <span class='ocrx_word' id='word_1_271' title='bbox 803 2405 874 2446; x_wconf 88' lang='lat' dir='ltr'>per</span> <span class='ocrx_word' id='word_1_272' title='bbox 901 2402 1160 2446; x_wconf 58' lang='lat' dir='ltr'>praeceptum</span> <span class='ocrx_word' id='word_1_273' title='bbox 1190 2390 1302 2442; x_wconf 86' lang='lat' dir='ltr'>Dei;</span> <span class='ocrx_word' id='word_1_274' title='bbox 1338 2403 1378 2432; x_wconf 88' lang='lat' dir='ltr'>et</span> <span class='ocrx_word' id='word_1_275' title='bbox 1415 2389 1520 2433; x_wconf 84' lang='lat' dir='ltr'>illud</span> <span class='ocrx_word' id='word_1_276' title='bbox 1564 2389 1681 2448; x_wconf 90' lang='lat' dir='ltr'>quod</span> <span class='ocrx_word' id='word_1_277' title='bbox 1727 2389 1970 2443; x_wconf 81' lang='lat' dir='ltr'>affirmavit,</span> <span class='ocrx_word' id='word_1_278' title='bbox 1995 2391 2038 2433; x_wconf 93' lang='lat' dir='ltr'>in</span> 
     </span>
     <span class='ocr_line' id='line_1_28' title="bbox 402 2468 2099 2532; baseline 0.001 -18"><span class='ocrx_word' id='word_1_279' title='bbox 402 2471 515 2514; x_wconf 85' lang='lat' dir='ltr'>dicto</span> <span class='ocrx_word' id='word_1_280' title='bbox 563 2488 777 2528; x_wconf 84' lang='lat' dir='ltr'>processu,</span> <span class='ocrx_word' id='word_1_281' title='bbox 829 2472 973 2515; x_wconf 89' lang='lat' dir='ltr'>fecisse</span> <span class='ocrx_word' id='word_1_282' title='bbox 1023 2489 1070 2515; x_wconf 85' lang='lat' dir='ltr'>ex</span> <span class='ocrx_word' id='word_1_283' title='bbox 1105 2486 1318 2530; x_wconf 63' lang='lat' dir='ltr'>praecepto</span> <span class='ocrx_word' id='word_1_284' title='bbox 1362 2475 1456 2519; x_wconf 83' lang='lat' dir='ltr'>Dei,</span> <span class='ocrx_word' id='word_1_285' title='bbox 1503 2486 1610 2517; x_wconf 89' lang='lat' dir='ltr'>esset</span> <span class='ocrx_word' id='word_1_286' title='bbox 1643 2473 1719 2517; x_wconf 88' lang='lat' dir='ltr'>sibi</span> <span class='ocrx_word' id='word_1_287' title='bbox 1775 2472 2040 2532; x_wconf 85' lang='lat' dir='ltr'>impossibile</span> <span class='ocrx_word' id='word_1_288' title='bbox 2096 2468 2099 2469; x_wconf 37' lang='lat'><em>⁷</em></span> 
     </span>
     <span class='ocr_line' id='line_1_29' title="bbox 403 2555 2042 2615; baseline 0.002 -18"><span class='ocrx_word' id='word_1_289' title='bbox 403 2555 534 2598; x_wconf 85' lang='lat' dir='ltr'>facere</span> <span class='ocrx_word' id='word_1_290' title='bbox 561 2557 852 2609; x_wconf 80' lang='lat' dir='ltr'>contrarium3</span> <span class='ocrx_word' id='word_1_291' title='bbox 882 2569 922 2599; x_wconf 89' lang='lat' dir='ltr'>et</span> <span class='ocrx_word' id='word_1_292' title='bbox 958 2557 998 2598; x_wconf 90' lang='lat' dir='ltr'>in</span> <span class='ocrx_word' id='word_1_293' title='bbox 1023 2572 1119 2600; x_wconf 86' lang='lat' dir='ltr'>casu</span> <span class='ocrx_word' id='word_1_294' title='bbox 1143 2572 1230 2614; x_wconf 85' lang='lat' dir='ltr'>quo</span> <span class='ocrx_word' id='word_1_295' title='bbox 1255 2556 1435 2599; x_wconf 82' lang='lat' dir='ltr'>Ecclesia</span> <span class='ocrx_word' id='word_1_296' title='bbox 1471 2557 1662 2600; x_wconf 88' lang='lat' dir='ltr'>militans</span> <span class='ocrx_word' id='word_1_297' title='bbox 1694 2556 1771 2600; x_wconf 91' lang='lat' dir='ltr'>sibi</span> <span class='ocrx_word' id='word_1_298' title='bbox 1796 2558 2042 2615; x_wconf 82' lang='lat' dir='ltr'>praeciperet</span> 
     </span>
     <span class='ocr_line' id='line_1_30' title="bbox 403 2637 2091 2697; baseline 0.002 -17"><span class='ocrx_word' id='word_1_299' title='bbox 403 2637 534 2681; x_wconf 87' lang='lat' dir='ltr'>facere</span> <span class='ocrx_word' id='word_1_300' title='bbox 556 2641 834 2691; x_wconf 88' lang='lat' dir='ltr'>contrarium,</span> <span class='ocrx_word' id='word_1_301' title='bbox 865 2640 952 2697; x_wconf 81' lang='lat' dir='ltr'>ipsa</span> <span class='ocrx_word' id='word_1_302' title='bbox 980 2656 1069 2682; x_wconf 89' lang='lat' dir='ltr'>non</span> <span class='ocrx_word' id='word_1_303' title='bbox 1114 2639 1285 2682; x_wconf 83' lang='lat' dir='ltr'>referret</span> <span class='ocrx_word' id='word_1_304' title='bbox 1320 2656 1362 2683; x_wconf 90' lang='lat' dir='ltr'>se</span> <span class='ocrx_word' id='word_1_305' title='bbox 1405 2639 1454 2683; x_wconf 93' lang='lat' dir='ltr'>ad</span> <span class='ocrx_word' id='word_1_306' title='bbox 1484 2639 1709 2683; x_wconf 86' lang='lat' dir='ltr'>hominem</span> <span class='ocrx_word' id='word_1_307' title='bbox 1760 2639 1929 2691; x_wconf 90' lang='lat' dir='ltr'>mundi,</span> <span class='ocrx_word' id='word_1_308' title='bbox 1960 2641 2042 2684; x_wconf 87' lang='lat' dir='ltr'>nlsi</span> <span class='ocrx_word' id='word_1_309' title='bbox 2088 2643 2091 2646; x_wconf 64' lang='grc'>’</span> 
     </span>
     <span class='ocr_line' id='line_1_31' title="bbox 401 2709 2099 2782; baseline 0.002 -19"><span class='ocrx_word' id='word_1_310' title='bbox 401 2721 451 2765; x_wconf 90' lang='lat' dir='ltr'>ad</span> <span class='ocrx_word' id='word_1_311' title='bbox 473 2721 617 2764; x_wconf 90' lang='lat' dir='ltr'>solum</span> <span class='ocrx_word' id='word_1_312' title='bbox 646 2723 805 2774; x_wconf 90' lang='lat' dir='ltr'>Deum,</span> <span class='ocrx_word' id='word_1_313' title='bbox 837 2724 944 2780; x_wconf 84' lang='lat' dir='ltr'>quin</span> <span class='ocrx_word' id='word_1_314' title='bbox 970 2739 1138 2780; x_wconf 89' lang='lat' dir='ltr'>semper</span> <span class='ocrx_word' id='word_1_315' title='bbox 1164 2722 1316 2767; x_wconf 85' lang='lat' dir='ltr'>faceret</span> <span class='ocrx_word' id='word_1_316' title='bbox 1339 2739 1469 2766; x_wconf 89' lang='lat' dir='ltr'>suum</span> <span class='ocrx_word' id='word_1_317' title='bbox 1494 2723 1660 2767; x_wconf 91' lang='lat' dir='ltr'>bonum</span> <span class='ocrx_word' id='word_1_318' title='bbox 1679 2736 1956 2782; x_wconf 82' lang='lat' dir='ltr'>praeceptum.</span> <span class='ocrx_word' id='word_1_319' title='bbox 1990 2749 2041 2754; x_wconf 91' lang='lat'>—</span> <span class='ocrx_word' id='word_1_320' title='bbox 2091 2709 2099 2743; x_wconf 61' lang='lat'>¹.</span> 
     </span>
     <span class='ocr_line' id='line_1_32' title="bbox 399 2805 2096 2866; baseline 0.002 -19"><span class='ocrx_word' id='word_1_321' title='bbox 399 2805 664 2862; x_wconf 81' lang='lat' dir='ltr'>Interrogata</span> <span class='ocrx_word' id='word_1_322' title='bbox 691 2818 898 2849; x_wconf 86' lang='lat' dir='ltr'>utrumne</span> <span class='ocrx_word' id='word_1_323' title='bbox 925 2805 1058 2850; x_wconf 90' lang='lat' dir='ltr'>credit</span> <span class='ocrx_word' id='word_1_324' title='bbox 1084 2806 1202 2864; x_wconf 89' lang='lat' dir='ltr'>quod</span> <span class='ocrx_word' id='word_1_325' title='bbox 1231 2808 1320 2864; x_wconf 86' lang='lat' dir='ltr'>ipsa</span> <span class='ocrx_word' id='word_1_326' title='bbox 1352 2808 1404 2850; x_wconf 91' lang='lat' dir='ltr'>sit</span> <span class='ocrx_word' id='word_1_327' title='bbox 1432 2807 1621 2865; x_wconf 88' lang='lat' dir='ltr'>subjecta</span> <span class='ocrx_word' id='word_1_328' title='bbox 1641 2807 1835 2851; x_wconf 62' lang='lat' dir='ltr'>Ecclesiae</span> <span class='ocrx_word' id='word_1_329' title='bbox 1860 2824 1956 2866; x_wconf 81' lang='lat' dir='ltr'>quae</span> <span class='ocrx_word' id='word_1_330' title='bbox 1979 2819 2041 2851; x_wconf 87' lang='lat' dir='ltr'>est</span> <span class='ocrx_word' id='word_1_331' title='bbox 2092 2814 2096 2817; x_wconf 88' lang='lat'>&#39;</span> 
     </span>
    </p>
   </div>
   <div class='ocr_carea' id='block_1_3' title="bbox 399 2887 2091 2949">
    <p class='ocr_par' dir='ltr' id='par_1_4' title="bbox 399 2887 2091 2949">
     <span class='ocr_line' id='line_1_33' title="bbox 399 2887 2091 2949; baseline 0.004 -20"><span class='ocrx_word' id='word_1_332' title='bbox 399 2889 443 2929; x_wconf 92' lang='lat' dir='ltr'>in</span> <span class='ocrx_word' id='word_1_333' title='bbox 472 2889 607 2941; x_wconf 86' lang='lat' dir='ltr'>terris,</span> <span class='ocrx_word' id='word_1_334' title='bbox 650 2888 808 2932; x_wconf 89' lang='lat' dir='ltr'>scilicet</span> <span class='ocrx_word' id='word_1_335' title='bbox 844 2887 1027 2933; x_wconf 90' lang='lat' dir='ltr'>domino</span> <span class='ocrx_word' id='word_1_336' title='bbox 1055 2902 1205 2933; x_wconf 90' lang='lat' dir='ltr'>nostro</span> <span class='ocrx_word' id='word_1_337' title='bbox 1239 2890 1377 2948; x_wconf 87' lang='lat' dir='ltr'>Papae,</span> <span class='ocrx_word' id='word_1_338' title='bbox 1426 2890 1743 2943; x_wconf 86' lang='lat' dir='ltr'>Cardinalibus,</span> <span class='ocrx_word' id='word_1_339' title='bbox 1789 2890 2038 2949; x_wconf 87' lang='lat' dir='ltr'>Archiepis-</span> <span class='ocrx_word' id='word_1_340' title='bbox 2084 2890 2091 2939; x_wconf 62' lang='lat' dir='ltr'>J</span> 
     </span>
    </p>
   </div>
   <div class='ocr_carea' id='block_1_4' title="bbox 401 3023 2036 3115">
    <p class='ocr_par' dir='ltr' id='par_1_5' title="bbox 401 3023 2036 3115">
     <span class='ocr_line' id='line_1_34' title="bbox 452 3023 2036 3073; baseline 0.003 -17"><span class='ocrx_word' id='word_1_341' title='bbox 452 3034 479 3056; x_wconf 85' lang='lat'>1.</span> <span class='ocrx_word' id='word_1_342' title='bbox 497 3023 564 3057; x_wconf 81' lang='lat' dir='ltr'>AC</span> <span class='ocrx_word' id='word_1_343' title='bbox 580 3032 755 3058; x_wconf 84' lang='lat' dir='ltr'>omettent</span> <span class='ocrx_word' id='word_1_344' title='bbox 775 3030 815 3057; x_wconf 76' lang='lat' dir='ltr'>el.</span> <span class='ocrx_word' id='word_1_345' title='bbox 842 3046 881 3049; x_wconf 40' lang='grc' dir='ltr'><strong>ἡ</strong></span> <span class='ocrx_word' id='word_1_346' title='bbox 902 3036 931 3058; x_wconf 79' lang='lat'>2.</span> <span class='ocrx_word' id='word_1_347' title='bbox 953 3025 1074 3071; x_wconf 71' lang='lat' dir='ltr'>&#39;Voyez</span> <span class='ocrx_word' id='word_1_348' title='bbox 1093 3025 1258 3071; x_wconf 82' lang='lat' dir='ltr'>ci-apres,</span> <span class='ocrx_word' id='word_1_349' title='bbox 1280 3037 1313 3071; x_wconf 93' lang='lat' dir='ltr'>p.</span> <span class='ocrx_word' id='word_1_350' title='bbox 1335 3026 1414 3070; x_wconf 78' lang='lat'>267.</span> <span class='ocrx_word' id='word_1_351' title='bbox 1439 3047 1484 3051; x_wconf 88' lang='lat'><strong>—</strong></span> <span class='ocrx_word' id='word_1_352' title='bbox 1508 3037 1536 3071; x_wconf 82' lang='lat'>3.</span> <span class='ocrx_word' id='word_1_353' title='bbox 1564 3028 1594 3061; x_wconf 77' lang='lat' dir='ltr'><em>A</em></span> <span class='ocrx_word' id='word_1_354' title='bbox 1615 3040 1624 3060; x_wconf 84' lang='lat'><em>:</em></span> <span class='ocrx_word' id='word_1_355' title='bbox 1639 3032 1767 3073; x_wconf 73' lang='lat' dir='ltr'>petetur</span> <span class='ocrx_word' id='word_1_356' title='bbox 1786 3029 1826 3061; x_wconf 80' lang='lat' dir='ltr'>ei.</span> <span class='ocrx_word' id='word_1_357' title='bbox 1849 3048 1893 3052; x_wconf 83' lang='lat'>——</span> <span class='ocrx_word' id='word_1_358' title='bbox 1914 3038 1947 3069; x_wconf 84' lang='grc'>4.</span> <span class='ocrx_word' id='word_1_359' title='bbox 1969 3027 2001 3061; x_wconf 87' lang='grc' dir='ltr'><em>Α</em></span> <span class='ocrx_word' id='word_1_360' title='bbox 2027 3039 2036 3061; x_wconf 90' lang='grc'><em>;</em></span> 
     </span>
     <span class='ocr_line' id='line_1_35' title="bbox 401 3082 502 3115; baseline 0.01 -1"><span class='ocrx_word' id='word_1_361' title='bbox 401 3082 502 3115; x_wconf 59' lang='lat' dir='ltr'>dms.</span> 
     </span>
    </p>
   </div>
  </div>
 </body>
</html>
