2099 3356
384 159 544 203 PRocEs
576 173 632 202 DE
665 172 1017 203 CONDAMNATION
1052 174 1108 202 DE
1138 174 1303 215 JEANNE
1337 158 1464 203 D'ARc
1660 173 1740 216 249

101 273 220 333 quod
235 275 417 331 ipsamet
431 272 625 331 portabat
641 271 746 317 illud
760 273 957 316 estendart
974 288 1073 316 cum
1095 274 1271 317 intraret
1294 274 1337 316 in
1366 271 1642 326 adversarios,
1667 288 1744 331 pro

97 356 302 401 evitando
319 373 372 401 ne
387 356 577 415 aliquem
592 356 848 400 interficeret
865 373 876 409 3
893 368 935 399 et
956 355 1062 400 dixit
1082 356 1200 415 quod
1229 372 1457 414 nunquam
1478 355 1746 400 interfecerat

100 442 344 485 hominem.

158 525 282 577 Item,
304 524 373 568 die
387 523 566 579 sabbati,
582 525 704 568 tertia
720 525 878 578 martii,
897 523 1003 582 dixit
1018 525 1106 582 ipsa
1120 524 1317 581 Johanna
1332 523 1450 582 quod
1463 541 1594 568 suum
1610 523 1745 568 vexil—

98 609 189 653 lum
211 610 299 652 sive
322 609 519 652 estendart
539 608 619 653 fuit
643 609 686 651 in
718 607 893 652 ecclesia
921 609 1149 663 Remensi3
1176 621 1217 652 et
1242 610 1280 652 ei
1304 608 1476 652 videtur
1499 607 1617 667 quod
1645 609 1743 651 satis

98 708 230 751 prope
257 691 309 736 de
335 692 455 736 altari
471 709 483 746 3
512 691 630 751 quod
656 693 838 750 ipsamet
866 708 1018 751 parum
1047 693 1186 737 tenuit
1203 709 1214 745 3
1249 707 1326 736 nec
1354 693 1431 736 scit
1464 690 1582 750 quod
1615 690 1746 735 frater

98 777 304 821 Ricardus
322 777 508 820 tenuerit
532 775 654 820 illud.

156 861 281 914 Item,
313 859 492 914 sabbati,
522 859 689 904 decima
721 861 881 913 martii,
916 861 1173 917 interrogata
1207 861 1241 903 si
1270 861 1313 903 in
1339 859 1414 903 illo
1442 859 1638 904 estendart
1667 874 1742 904 seu

96 944 253 988 vexillo
282 953 291 970 ¹
326 943 519 988 mundus
546 956 609 987 est
637 943 831 1002 depictus
858 956 899 988 et
926 943 1013 988 duo
1036 943 1192 1002 angeli,
1221 957 1301 987 etc.
1341 961 1349 987 2
1382 936 1744 1002 respondit²quod

97 1028 177 1081 ita3
210 1044 288 1072 nec
318 1044 513 1085 unquam
543 1026 708 1078 habuit,
738 1028 821 1071 nisi
849 1044 1005 1072 unum.
1035 1053 1092 1058 —-
1118 1028 1383 1085 Interrogata
1415 1027 1539 1086 quale
1566 1028 1741 1085 signum

97 1125 185 1156 erat
205 1128 277 1156 seu
307 1111 563 1170 significatio
590 1127 737 1170 capere
762 1112 909 1156 Deum
935 1124 1159 1156 tenentem
1187 1111 1424 1166 mundum,
1453 1124 1494 1155 et
1518 1111 1615 1155 illos
1639 1111 1748 1156 duos

95 1196 274 1255 angelos
298 1213 306 1240 ε
332 1194 555 1254 respondit
581 1194 701 1253 quod
719 1208 875 1240 sanctae
899 1195 1134 1240 Katharina
1158 1208 1199 1240 et
1225 1196 1461 1254 Margareta
1482 1194 1684 1240 dixerunt
1707 1196 1744 1238 ei

96 1279 214 1339 quod
235 1281 326 1339 ipsa
347 1293 513 1338 caperet
538 1280 750 1333 estendam,
772 1293 813 1323 et
836 1292 1021 1338 portaret
1043 1279 1270 1334 audacter3
1296 1292 1338 1324 et
1357 1278 1476 1339 quod
1497 1281 1541 1324 in
1566 1296 1617 1324 eo
1642 1279 1748 1324 face-

97 1378 159 1408 ret
176 1366 281 1423 poni
298 1366 341 1408 in
362 1365 522 1423 pictura
536 1365 698 1422 Regem
716 1364 814 1408 coeli
831 1381 842 1418 3
865 1377 907 1408 et
923 1364 1005 1408 hoc
1023 1363 1131 1408 dixit
1146 1365 1234 1422 regi
1250 1380 1345 1414 suo,
1363 1363 1435 1408 sed
1454 1363 1576 1408 valde
1592 1365 1743 1418 invite,

95 1453 171 1493 tre's
191 1451 300 1493 e'nvis
324 1448 474 1507 gallice
488 1466 498 1502 3
522 1461 578 1502 et,
601 1447 653 1492 de
676 1448 1009 1506 significatione,
1034 1449 1168 1492 nescit
1193 1446 1326 1492 aliud.
1349 1449 1685 1506 -Interrogata
1708 1449 1743 1492 si

97 1531 276 1577 habebat
299 1545 472 1576 scutum
496 1545 537 1576 et
562 1548 678 1576 arma
709 1550 717 1576 z
741 1531 962 1590 respondit
982 1531 1102 1591 quod
1118 1548 1345 1591 nunquam
1369 1531 1546 1587 habuit3
1574 1531 1645 1575 sed
1671 1548 1743 1576 rex

94 1633 197 1661 suus
217 1616 335 1661 dedit
361 1615 562 1660 fratribus
586 1617 688 1670 suis,
713 1615 911 1660 videlicet
935 1633 943 1660 :
973 1632 1115 1660 unum
1142 1628 1315 1660 scutum
1340 1631 1545 1661 azureum
1572 1615 1623 1660 ad
1655 1615 1744 1660 duo

96 1701 182 1745 lilia
201 1716 342 1754 aurea,
359 1713 401 1744 et
425 1717 567 1744 unum
583 1716 730 1744 ensem
751 1702 795 1744 in
811 1700 957 1744 medio
977 1718 988 1754 3
1010 1717 1108 1759 quae
1122 1716 1240 1744 arma
1260 1699 1454 1744 distinxit
1477 1700 1551 1744 uni
1575 1701 1745 1758 pictori,

93 1787 138 1829 in
173 1784 250 1829 hac
283 1785 452 1828 civitate
481 1784 847 1843 Rothomagensi,
875 1786 977 1843 quia
1008 1785 1096 1843 ipse
1124 1785 1303 1842 petierat
1336 1784 1478 1843 qualia
1512 1799 1629 1827 arma
1661 1785 1749 1843 ipsa

97 1868 291 1913 habebat.
324 1869 433 1913 Item
469 1868 576 1913 dixit
614 1867 733 1927 quod
764 1869 847 1913 hoc
873 1868 955 1913 fuit
982 1868 1132 1913 datum
1160 1867 1359 1913 fratribus
1389 1869 1477 1912 suis
1502 1884 1575 1926 per
1604 1884 1747 1926 regem

91 1969 241 2005 suum,
272 1952 323 1997 ad
350 1953 710 2011 complacentiam
729 1968 899 2006 eorum,
931 1952 1089 2011 absque
1117 1951 1312 2011 ejusdem
1337 1952 1549 2009 johannae
1577 1966 1747 2010 reques-

96 2051 152 2091 ta,
176 2050 217 2081 et
244 2038 336 2081 sine
356 2037 631 2081 revelatione.

155 2122 237 2164 Die
252 2120 432 2175 sabbati,
446 2135 553 2165 xv11.
573 2122 735 2175 martii,
754 2122 1012 2179 interrogata
1027 2123 1124 2180 quis
1140 2122 1279 2165 movit
1303 2136 1395 2164 eam
1418 2120 1552 2164 facere
1567 2118 1742 2177 depingi

93 2205 270 2263 angelos
299 2206 343 2248 in
371 2221 450 2249 suo
482 2205 660 2260 vexillo,
697 2221 798 2249 cum
827 2205 1024 2259 brachiis,
1062 2204 1259 2264 pedibus,
1286 2204 1402 2249 tibiis
1432 2218 1474 2248 et
1506 2203 1695 2248 vestibus
1731 2220 1741 2247 ε

94 2289 316 2348 respondit
346 2306 354 2333 z
388 2306 408 2329 «
434 2290 524 2334 Vos
542 2290 642 2334 estis
664 2290 855 2348 responsi
876 2288 928 2333 ad
951 2290 1048 2334 hoc.
1080 2308 1100 2330 »
1128 2316 1187 2321 —
1213 2290 1478 2347 Interrogata
1505 2289 1539 2332 si
1567 2287 1745 2332 faciebat

94 2373 267 2418 eosdem
289 2373 464 2432 angelos
485 2372 659 2432 depingi
677 2374 781 2418 tales
795 2375 905 2418 sicut
919 2373 1150 2418 veniebant
1164 2372 1215 2417 ad
1237 2389 1331 2417 eam
1356 2387 1364 2416 :
1385 2371 1605 2431 respondit
1624 2370 1743 2430 quod

95 2458 210 2515 ipsos
231 2457 405 2516 depingi
426 2457 524 2502 fecit
548 2459 592 2501 in
618 2456 751 2501 modo
769 2474 858 2516 quo
873 2471 974 2502 sunt
990 2459 1091 2516 picti
1108 2459 1152 2501 in
1177 2457 1376 2501 ecclesiis.
1405 2482 1464 2487 —-
1481 2456 1746 2513 Interrogata

95 2543 129 2585 si
176 2557 372 2600 unquam
411 2540 568 2585 viderit
601 2557 674 2585 eos
711 2542 755 2584 in
793 2540 927 2585 modo
958 2557 1048 2599 quo
1080 2540 1258 2585 fuerunt
1299 2541 1397 2598 picti
1435 2557 1442 2583 :
1484 2538 1708 2597 respondit
1734 2556 1743 2582 ε

98 2642 118 2665 «
139 2625 228 2683 Ego
250 2641 339 2669 non
365 2624 503 2669 dicam
526 2625 646 2668 vobis
664 2623 779 2668 aliud
799 2641 849 2668 ex
874 2624 969 2668 hoc.
995 2642 1014 2662 »
1033 2625 1373 2682 —Interrogata
1394 2639 1525 2682 quare
1540 2639 1629 2667 non
1649 2622 1748 2667 fecit

94 2707 270 2767 depingi
290 2708 528 2753 claritatem
544 2725 642 2767 quae
655 2707 916 2752 veniebatad
932 2724 1027 2752 eam
1049 2724 1150 2752 cum
1177 2708 1331 2766 angelo
1355 2722 1397 2752 et
1424 2706 1604 2751 vocibus
1627 2725 1635 2752 :
1661 2723 1745 2750 res-

96 2791 248 2850 pondit
267 2791 385 2851 quod
411 2793 492 2837 hoc
514 2809 605 2836 non
632 2792 770 2836 fuerat
798 2791 940 2836 eidem
962 2805 1242 2851 praeceptum.
1266 2818 1326 2824 -—
1342 2793 1467 2843 Item,
1494 2791 1645 2836 eadem
1673 2790 1742 2835 die

95 2875 271 2930 sabbati,
302 2875 468 2921 decima
494 2878 677 2935 septima
705 2877 864 2929 martii,
900 2877 1159 2934 interrogata
1183 2878 1217 2920 si
1245 2879 1323 2935 ipsi
1357 2876 1445 2920 duo
1480 2876 1634 2934 angeli,
1663 2877 1762 2934 qui,

149 3084 176 3108 1.
198 3073 227 3107 C
249 3073 400 3107 :vexillo
420 3085 471 3107 seu
494 3073 675 3108 estandart.
