2099 3356
323 206 405 249 324
587 191 747 234 PRocizs
785 205 841 233 DE
879 204 1236 233 CONDAMNATION
1278 204 1334 232 DE
1370 204 1536 245 JEANNE
1568 190 1692 234 D'ARc

376 294 638 360 Interrogata
664 314 814 345 utrum
841 301 945 345 velit
972 316 1015 344 se
1042 299 1196 345 referre
1220 300 1287 344 vel
1318 299 1571 345 submittere
1599 300 1787 345 ecclesiae
1820 302 1963 345 Picta-

315 388 452 441 vensi,
472 385 546 430 ubi
575 387 664 444 ipsa
683 384 766 428 fuit
785 385 1025 428 examinata
1054 400 1062 427 :
1090 382 1312 441 respondit
1342 401 1350 427 :
1376 399 1396 422 «
1422 383 1609 428 Creditis
1631 400 1708 428 vos
1729 400 1798 428 me
1819 400 1965 443 capere

314 487 390 530 per
410 470 526 514 hunc
552 468 735 513 modum
759 480 801 511 et
826 483 894 512 me
922 482 995 525 per
1020 467 1104 511 hoc
1123 467 1290 512 trahere
1315 476 1324 493 ¹
1348 467 1399 512 ad
1424 468 1536 512 vos?
1560 486 1580 506 »

373 555 498 607 Item,
537 554 580 596 in
620 551 917 604 conclusione,
962 567 1012 595 ex
1051 549 1324 595 abundanti²
1355 563 1397 597 et
1435 550 1487 594 de
1523 567 1641 595 novo
1683 550 1764 595 fuit
1810 551 1959 595 eadem

314 632 512 688 Johanna
536 629 792 688 generaliter
813 629 981 672 monita
1005 627 1056 672 de
1085 627 1384 672 submittendo
1415 644 1459 672 se
1499 619 1693 673 Ecclesiae
1725 628 1805 673 sub
1833 645 1963 687 poena

316 714 481 758 essendi
504 712 678 756 dimissa
705 711 756 756 ab
782 712 987 766 Ecclesia;
1013 711 1131 770 quod
1155 713 1189 755 si
1214 712 1398 755 Ecclesia
1429 713 1562 769 ipsam
1592 711 1842 765 dimitteret,
1873 714 1960 771 ipsa

316 809 423 840 esset
462 798 505 840 in
548 812 705 854 magno
741 795 930 855 periculo
972 796 1161 853 corporis
1200 807 1240 838 et
1281 795 1453 848 animae,
1491 807 1532 838 et
1566 806 1707 853 posset
1742 811 1786 839 se
1821 796 1958 853 ipsam

318 895 479 937 ponere
522 881 564 922 in
598 878 788 937 periculo
831 877 1078 922 incurrendi
1118 893 1270 936 poenas
1305 879 1416 936 ignis
1451 879 1619 932 aeterni,
1659 890 1872 936 quantum
1911 877 1962 922 ad

318 964 525 1017 animam,
548 975 590 1006 et
616 962 878 1021 temporalis,
901 961 1046 1021 quoad
1067 978 1237 1019 corpus,
1265 977 1337 1019 per
1357 962 1615 1005 sententiam
1644 961 1830 1005 aliorum
1852 961 1962 1019 judi-

317 1063 432 1090 cum.
462 1046 529 1090 Ad
552 1045 669 1105 quod
688 1045 910 1104 respondit
938 1063 945 1088 :
972 1062 991 1085 «
1019 1046 1109 1089 Vos
1134 1061 1223 1088 non
1251 1047 1337 1103 jam
1359 1044 1520 1088 facietis
1543 1043 1650 1088 illud
1677 1043 1796 1104 quod
1824 1044 1965 1089 dicitis

316 1143 462 1174 contra
491 1146 575 1184 me,
602 1131 709 1188 quin
732 1129 842 1173 male
869 1128 989 1173 vobis
1015 1129 1234 1187 contingat
1263 1130 1306 1171 in
1331 1144 1508 1186 corpore
1535 1142 1576 1172 et
1595 1129 1755 1172 anima.
1791 1145 1810 1168 »

375 1198 639 1272 Interrogata
673 1213 790 1272 quod
821 1212 979 1257 diceret
1011 1229 1145 1256 unam
1181 1228 1351 1256 causam
1386 1224 1559 1270 propter
1591 1228 1723 1271 quam
1752 1220 1761 1244 ³
1793 1228 1882 1257 non
1916 1229 1958 1256 se

318 1297 663 1353 refertEcclesiae
691 1315 698 1340 :
723 1296 772 1341 ad
803 1297 883 1341 hoc
912 1296 1053 1340 noluit
1074 1306 1090 1323 ⁴²
1123 1295 1257 1340 facere
1284 1296 1411 1340 aliam
1437 1297 1764 1354 responsionem
1796 1303 1824 1339 ⁵.

375 1383 476 1425 Post
513 1380 618 1435 haec,
656 1380 796 1438 plures
822 1379 1018 1424 doctores
1047 1392 1087 1422 et
1124 1380 1202 1422 viri
1228 1380 1350 1438 periti
1382 1378 1654 1423 diversorum
1685 1391 1877 1423 statuum
1914 1393 1955 1424 et

320 1464 586 1509 diversarum
624 1463 875 1508 facultatum
912 1475 1180 1508 monuerunt
1212 1475 1253 1507 et
1289 1461 1554 1507 induxerunt
1590 1479 1684 1506 eam
1721 1463 1956 1517 caritative,

318 1561 447 1606 atque
467 1547 678 1592 exhortati
705 1560 807 1591 sunt
835 1560 881 1590 ut
905 1546 1179 1591 submitteret
1198 1562 1241 1590 se
1268 1546 1462 1590 Ecclesiae
1483 1546 1712 1591 universali
1743 1546 1960 1593 militanti,

318 1632 501 1676 domino
523 1645 671 1675 nostro
699 1632 820 1689 Papae
844 1645 885 1674 et
911 1646 1028 1674 sacro
1062 1630 1262 1675 Concilio
1291 1630 1496 1688 generali,
1532 1629 1794 1688 exponendo
1820 1628 1961 1674 eidem

320 1714 505 1773 pericula
541 1715 698 1773 quibus
734 1731 776 1758 se
813 1714 1071 1773 exponebat,
1119 1726 1334 1772 quantum
1373 1712 1425 1757 ad
1467 1714 1657 1757 animam
1703 1726 1743 1758 et
1786 1729 1958 1771 corpus,

372 1942 625 1994 interroguee
645 1953 685 1979 se
710 1941 730 1978 ἐι
754 1939 903 1993 l'e'glise
932 1939 979 1978 de
1012 1941 1218 1987 Poictiers,
1241 1941 1294 1978 οὺ
1316 1939 1390 1978 elle
1420 1953 1440 1977 a
1465 1940 1546 1978 este
1571 1940 1793 1987 examinee‚
1820 1939 1894 1978 elle
1920 1953 1961 1978 se

321 2013 428 2052 veult
457 2022 631 2066 raporter
658 2021 695 2050 et
720 2012 958 2050 submeictre
986 2026 994 2050 :
1022 2011 1194 2064 respond
1219 2025 1226 2049 :
1254 2027 1272 2047 <c
1310 2012 1375 2050 Me
1409 2010 1671 2050 cuidez-vous
1695 2011 1867 2064 prandre
1896 2024 1966 2064 par

317 2094 420 2124 ceste
442 2085 634 2131 nianiere,
661 2093 697 2122 et
722 2097 790 2136 par
808 2083 891 2122 cela
913 2084 1030 2121 atirer
1051 2083 1187 2121 {avons
1210 2084 1225 2120 ?
1247 2099 1264 2118 »

371 2158 479 2198 Item,
503 2170 550 2194 en
576 2156 830 2202 conclusion,
854 2154 1095 2193 d'abondant
1113 2163 1151 2192 et
1169 2154 1216 2192 de
1239 2153 1402 2201 nouvel,
1423 2153 1481 2192 fut
1505 2155 1766 2192 amonnestee
1786 2153 1964 2206 general-

320 2227 468 2266 lement
503 2227 549 2266 de
586 2240 625 2265 se
661 2226 899 2264 submeictre
937 2226 958 2264 a
998 2224 1173 2278 l’Eglise,
1215 2234 1252 2263 et
1288 2238 1353 2263 sur
1391 2225 1508 2277 paine
1548 2224 1688 2263 d'estre
1721 2224 1858 2264 laissee
1896 2239 1966 2277 par

320 2298 479 2351 l'Eglisc
499 2313 507 2346 3
531 2308 623 2337 etse
649 2297 810 2350 l’Eglise
837 2297 871 2335 la
899 2297 1063 2338 laissoit.
1091 2296 1166 2335 elle
1198 2297 1318 2334 seroit
1348 2309 1396 2334 en
1431 2296 1555 2348 grand
1582 2295 1680 2349 peril
1709 2295 1761 2334 du
1786 2309 1909 2348 corps>
1927 2305 1965 2334 et

321 2370 368 2408 de
390 2369 519 2413 l'ame,
543 2380 579 2408 et
604 2383 644 2408 se
670 2370 850 2422 pourroit
874 2369 966 2407 bien
992 2369 1153 2406 meictre
1181 2381 1230 2406 en
1256 2367 1355 2420 peril
1381 2367 1429 2406 de
1453 2368 1640 2406 encourir
1667 2368 1804 2420 paines
1824 2367 1876 2405 du
1898 2367 1963 2406 feu

320 2441 483 2490 esemel,
516 2450 638 2494 quant
665 2442 685 2479 ii
719 2440 850 2489 l’aime,
878 2449 916 2478 et
943 2440 994 2478 du
1025 2439 1089 2478 feu
1114 2438 1327 2492 temporel,
1360 2448 1484 2492 quant
1516 2452 1564 2477 au
1602 2452 1734 2491 corpS‚
1776 2447 1813 2477 et
1838 2452 1906 2491 par
1926 2438 1962 2477 la

319 2523 504 2551 sentence
526 2513 574 2551 de
595 2522 724 2551 autres
745 2514 872 2565 juges,
898 2510 1086 2563 Respond
1109 2525 1116 2549 ε
1143 2527 1162 2546 «
1183 2511 1293 2548 Vous
1319 2524 1367 2548 ne
1389 2509 1491 2548 fere's
1510 2510 1545 2561 ja
1560 2523 1604 2548 ce
1620 2523 1696 2562 que
1711 2523 1813 2548 vous
1837 2509 1960 2548 dictes

318 2594 453 2622 contre
478 2597 589 2636 moy,
616 2597 693 2636 que
716 2583 741 2621 il
766 2597 815 2622 ne
830 2595 929 2621 vous
950 2596 998 2621 en
1024 2595 1201 2635 prengne
1225 2580 1302 2620 mal
1324 2590 1363 2620 et
1386 2595 1432 2619 au
1456 2594 1571 2634 corps
1601 2590 1639 2619 et
1657 2581 1677 2619 a
1699 2580 1829 2619 l'arne.
1854 2596 1873 2616 »

371 2656 625 2706 Interroguee
664 2654 809 2707 qu’elle
849 2654 911 2692 die
952 2667 1028 2692 une
1073 2666 1189 2691 cause
1229 2666 1442 2706 pourquoy
1479 2652 1552 2691 elle
1588 2665 1636 2690 ne
1679 2666 1718 2690 se
1752 2661 1908 2705 raporte
1941 2653 1960 2689 a

316 2725 475 2778 l'Eglise
509 2741 516 2763 ε
541 2727 561 2764 a
582 2739 689 2779 quoy
711 2726 784 2765 elle
807 2739 856 2764 ne
877 2725 989 2764 voult
1013 2723 1106 2763 faire
1131 2733 1240 2763 autre
1263 2737 1474 2776 responce.

369 2799 419 2836 Et
448 2802 568 2850 postea
597 2796 725 2851 plures
759 2797 914 2836 doctores
941 2796 1170 2835 diversorum
1211 2799 1377 2834 statuum
1407 2799 1439 2833 et
1466 2794 1699 2833 diversarum
1726 2794 1960 2848 facultatum

374 3044 401 3066 1.
422 3032 456 3076 Q
475 3032 638 3066 strodere.
659 3042 762 3072 μβ,
782 3032 812 3065 C
830 3043 839 3065 :
857 3031 1075 3065 habundanti.
1097 3051 1141 3055 ——
1163 3040 1192 3074 3.
1207 3030 1239 3064 A
1256 3038 1353 3064 omct
1367 3040 1478 3075 quam.
1492 3051 1536 3054 —
1551 3040 1584 3072 4.
1599 3030 1663 3063 Sur
1678 3037 1833 3075 grattagc
1852 3041 1895 3063 en
1911 3029 1940 3063 B

322 3112 365 3115 ——
398 3102 425 3133 5.
450 3092 553 3126 Idem.

2064 2975 2071 2977 ’
2060 2909 2076 2958 ‘⁹⁴³
2057 2824 2081 2899 ’μ
2062 1879 2096 2810 θ’ἶωὴωὲἰἑΜΜΜθᾶψῑῑῦΜωεὲνηύτιμα..
2075 1412 2099 1863 ΑμωωκκᾰῑαΜμη
2075 1390 2080 1394 ’

2051 3312 2078 3356 '5²2¹‘
2047 3152 2074 3300 ''0s·⁴.⁴-‘<'·1⁶B
2055 3101 2074 3148 ἠῢν
2056 3023 2081 3094 »ψη
2061 2986 2068 2996 -
