2099 3356
331 200 383 242 28
611 199 769 243 PRocizs
802 214 859 243 DE
891 214 1242 244 CONDAMNA’rtoN
1277 215 1333 244 DE
1363 216 1527 258 JEANNE
1560 201 1690 246 D’ARc

326 324 572 362 permanere,
597 321 641 351 ut
659 312 714 351 sic
730 312 1167 366 populuschrisfianus,
1194 314 1443 366 praecipuein
1469 323 1601 353 nostra
1613 314 1778 354 dioecesi
1792 324 1829 354 et
1852 324 1965 355 caete-

324 383 376 422 ris
396 382 574 436 partibus
619 384 736 436 hujus
783 384 1102 423 christianissimi
1146 386 1275 438 regni,
1312 399 1382 439 per
1410 399 1545 425 sanam
1579 385 1801 426 doctrinam
1823 387 1967 440 iugiter

326 454 543 494 aedificetur
572 455 619 494 ad
636 454 801 494 salutem
831 470 840 503 3
861 469 1019 495 causam
1044 455 1226 509 praefatae
1245 456 1424 496 mulieris
1446 458 1558 496 omni
1580 457 1712 496 studio
1737 466 1775 496 et
1795 457 1969 511 diligen-

323 527 376 565 tia
394 526 634 575 examinare,
657 540 700 565 ac
715 526 763 566 de
784 528 868 578 ejus
888 527 1002 566 dictis
1024 537 1061 567 et
1073 527 1184 567 factis
1201 527 1323 567 fidem
1344 528 1608 568 orthodoxam
1634 528 1967 568 concernentibus

322 598 522 651 inquirere
547 598 761 637 duximus:
805 599 1060 653 evocatisque
1096 599 1316 648 nonnullis,
1343 609 1421 639 tam
1444 613 1562 639 sacrae
1601 600 1817 654 theologiae
1848 614 1966 654 quam

323 670 417 721 juris
442 670 625 709 canonici
664 669 897 710 doctoribus
930 679 968 709 et
991 670 1077 709 aliis
1119 671 1271 724 peritiS‚
1300 672 1515 725 juridicum
1550 685 1783 724 processum
1812 672 1851 710 in
1891 673 1964 712 hac

320 740 433 788 urbe,
453 754 545 780 cum
562 741 700 795 grandi
725 751 762 780 et
789 751 943 780 maturo
964 742 1148 786 consilio,
1173 743 1468 782 inchoavimus.
1489 744 1655 792 Verum,
1678 744 1870 797 quoniam
1905 757 1965 783 res

323 813 407 866 ipsa
428 811 607 852 officium
622 822 796 852 vestrum
819 814 1092 867 inquisitionis
1105 814 1356 867 singulariter
1376 815 1596 863 concernit,
1616 815 1728 868 cujus
1744 815 1905 854 interest
1926 816 1966 855 in

323 884 601 938 hujuscemodi
639 885 936 938 suspicionibus
973 886 1172 925 haeresum
1191 885 1362 925 lucidam
1388 887 1616 941 perquirere
1637 887 1858 936 veritatem,
1877 901 1961 927 ves-

318 966 418 996 tram
443 956 708 996 venerandam
731 957 1005 1010 paternitatem
1031 971 1220 1011 rogamus
1245 967 1282 997 et
1304 968 1312 985 ¹
1335 959 1373 996 in
1406 958 1581 997 favorem
1603 957 1696 997 fidei
1717 972 1964 997 sommamus

325 1039 364 1069 et
380 1029 617 1082 requirimus
632 1037 843 1082 quatenus,
879 1042 950 1082 pro
987 1029 1164 1068 ulteriori
1197 1030 1376 1082 ejusdem
1413 1043 1622 1083 processus
1645 1030 1899 1078 deductione,
1918 1030 1965 1069 ad

323 1101 425 1139 hanc
448 1099 587 1139 urbem
605 1099 768 1139 indilate
793 1101 1002 1149 accedatis,
1029 1114 1187 1140 causam
1209 1103 1351 1154 ipsam,
1372 1111 1490 1155 prout
1509 1111 1641 1141 vestro
1663 1101 1859 1141 incumbit
1879 1101 1967 1141 offi-

322 1173 399 1219 cio,
439 1171 659 1212 secundum
692 1171 860 1211 formam
884 1172 978 1224 juris
1006 1183 1043 1212 et
1064 1173 1302 1226 apostolicas
1343 1174 1585 1220 sanctiones,
1624 1183 1873 1222 tractaturus,
1902 1182 1961 1222 ut,

325 1244 516 1283 concordi
538 1244 731 1283 sententia
761 1253 797 1282 et
813 1243 1005 1283 uniformi
1022 1258 1226 1297 processu,
1247 1246 1301 1283 rei
1337 1244 1507 1298 praefatae
1532 1245 1960 1298 pariterintendamuS.

326 1316 448 1362 Quod
480 1316 510 1354 si
540 1329 612 1354 vos
630 1324 737 1354 tanta
770 1316 982 1369 occupatio
1021 1316 1215 1355 detineret
1243 1326 1287 1355 ut
1325 1316 1490 1369 alicujus
1531 1330 1652 1356 morae
1684 1316 1960 1356 rationabilem

322 1401 480 1426 causam
503 1387 748 1440 praetendere
773 1388 958 1440 possetiS,
997 1387 1134 1427 saltem
1177 1387 1283 1427 fratri
1317 1388 1493 1438 Johanni
1519 1388 1714 1441 Magistri,
1746 1389 1894 1427 vicario
1926 1388 1965 1428 in

319 1460 477 1498 civitate
493 1468 530 1498 et
549 1458 714 1498 dioecesi
750 1460 1065 1512 Rothomagensi
1090 1473 1110 1498 a
1150 1460 1262 1498 vobis
1296 1460 1502 1513 deputato,
1523 1469 1588 1499 aut
1609 1459 1717 1498 alteri
1738 1460 1962 1513 specialiter

320 1531 461 1570 adhoc
491 1532 749 1570 committatis
779 1531 1018 1578 facultatem,
1055 1545 1103 1570 ne
1134 1531 1224 1570 sacti
1262 1532 1396 1584 hujuS,
1428 1532 1467 1569 in
1498 1531 1775 1584 praejudicium
1814 1531 1905 1570 fidei
1924 1542 1961 1571 et

322 1602 553 1642 scandalum
568 1603 707 1656 populi
733 1603 951 1649 christiani,
973 1614 1130 1641 morosa
1152 1603 1288 1642 dilatio
1309 1612 1448 1642 vestrae
1470 1602 1659 1642 absentiae
1679 1613 1768 1656 post
1786 1602 1958 1642 debitam

321 1675 623 1728 requisitionem
649 1674 773 1713 valeat
799 1674 1226 1728 imputari.Quidquid
1242 1684 1374 1713 autem
1402 1675 1492 1713 inde
1524 1674 1752 1714 faciendum
1775 1674 1958 1713 decreve-

321 1747 402 1785 ritis
425 1760 492 1799 per
517 1745 662 1785 litteras
684 1756 831 1785 vestras
857 1755 1034 1798 patentes
1059 1746 1174 1785 nobis
1198 1746 1360 1785 indilate
1386 1746 1608 1799 significare
1631 1747 1790 1785 curetis.
1812 1747 1957 1785 Datum

324 1818 565 1870 Rothomagi
595 1817 666 1856 sub
699 1817 831 1870 sigillo
867 1827 1154 1874 nostro,·anno
1185 1819 1349 1856 Domini
1393 1817 1609 1857 millesimo
1644 1817 1960 1866 CCCCXXX„

324 1890 387 1928 die
433 1903 530 1928 xxn.
588 1890 733 1928 mensis
771 1889 969 1928 februarii.
1011 1906 1028 1924 »
1072 1889 1131 1929 Sic
1160 1890 1303 1943 signata
1328 1898 1342 1916 ²
1380 1904 1386 1927 :
1425 1906 1443 1925 «
1483 1890 1531 1950 G:
1583 1891 1908 1928 BOISGOELLAUME
1934 1898 1962 1937 κ,

327 1962 376 2000 G.
398 1962 609 2000 Maxcnox
632 1969 661 1999 4.
693 1978 708 1995 »

577 2141 767 2168 MERCURII
801 2142 884 2167 XXI.
921 2141 1279 2168 FEBRUARHAERIMA
1311 2141 1437 2168 SESSIO
1475 2141 1641 2168 PUBLICA
1665 2135 1691 2166 3.

386 2280 492 2323 Item
532 2280 746 2330 mercurii,
793 2279 951 2322 scilicet
997 2294 1087 2322 XXI.
1131 2278 1198 2322 die
1226 2280 1384 2322 mensis
1432 2277 1650 2333 februarii,
1701 2278 1802 2322 hora
1842 2279 1962 2337 quasi

326 2375 472 2406 octava
505 2362 556 2406 de
600 2378 742 2415 mane,
776 2377 869 2416 nos,
911 2363 1136 2420 episcopus
1176 2360 1417 2420 praedictUS,
1465 2363 1720 2406 accessimus
1765 2361 1816 2405 ad
1864 2377 1964 2419 cap-

327 2446 480 2503 pellam
521 2447 680 2503 regiam
709 2447 831 2490 castri
878 2445 1255 2503 Rothomagensis,
1299 2444 1350 2489 ad
1386 2461 1520 2503 quam
1554 2445 1789 2503 cappellam
1811 2445 1962 2489 mulie-

325 2545 415 2573 rem
477 2528 692 2587 praefatam
746 2530 862 2572 citari
919 2530 1194 2585 jusseramus,
1254 2527 1321 2572 die
1368 2540 1408 2572 et
1454 2528 1559 2572 hora
1605 2527 1813 2586 praedictis
1849 2544 1964 2571 com-

327 2614 590 2671 parituram3
624 2611 871 2670 ibidemque
905 2627 981 2669 pro
1017 2611 1220 2654 tribunali
1248 2610 1454 2665 sedimus,
1499 2611 1793 2655 assistentibus
1841 2610 1967 2655 nobis

326 2694 570 2739 reverendis
594 2694 797 2753 patribus,
834 2694 1024 2738 dominis
1063 2707 1102 2738 et
1128 2695 1339 2752 magistris
1365 2711 1372 2738 :
1404 2693 1591 2752 AEgidio,
1615 2693 1764 2738 abbate
1806 2695 1968 2738 Sanctae

327 2779 551 2822 Trinitatis
601 2779 956 2835 Fiscampnensis,
1011 2779 1153 2831 Petro,
1218 2778 1358 2835 priore
1405 2777 1454 2821 de
1496 2777 1962 2835 Longavilla-Giffardi,

327 2863 524 2918 Johanne
570 2860 620 2904 de
659 2860 933 2913 castellione,
974 2860 1171 2916 Johanne
1215 2862 1424 2919 Beaupe're,
1463 2859 1623 2916 Jacobo
1662 2859 1713 2904 de
1749 2860 1962 2913 Turonia‚

383 3055 410 3078 1.
433 3044 467 3088 Q
495 3052 592 3077 omet
618 3048 659 3077 et.
681 3064 728 3068 —
749 3035 825 3077 §.A
848 3056 857 3077 :
878 3044 1016 3089 signate.
1039 3063 1085 3068 ——
1110 3053 1139 3087 3.
1155 3043 1185 3077 C
1214 3055 1224 3076 .·
1249 3043 1524 3088 Boscguillaume.
1547 3064 1593 3067 —
1610 3052 1644 3085 4.
1662 3042 1690 3076 Β
1710 3054 1720 3076 .·
1741 3042 1894 3077 Machon.
1918 3063 1960 3068 -

338 3113 365 3145 5.
387 3103 437 3136 En
454 3113 574 3146 marge
591 3102 634 3136 de
651 3101 754 3136 ΑΒΕ.
