2099 3356
353 210 513 254 PRocizs
546 224 602 254 DE
635 224 987 254 CONDAMNATION
1022 225 1078 254 DE
1109 225 1273 267 JEANNE
1307 210 1436 254 D’ARc
1624 224 1704 266 243

66 323 329 382 parentibus,
359 338 541 381 magnos
577 322 769 368 redditus
809 324 1093 382 temporalem
1137 325 1181 368 in
1220 324 1301 367 hoc
1334 322 1548 367 imitando
1586 322 1713 365 falsos

66 407 295 466 prophetas
319 408 409 466 qui,
444 420 617 466 propter
651 420 868 466 quaestum
897 408 1179 466 temporalem
1211 421 1284 452 aut
1317 407 1484 451 favores
1511 405 1713 450 domino-

67 507 164 536 rum
199 491 509 549 temporalium
534 490 835 550 acquirendos,
865 504 1186 536 consueverunt
1209 490 1371 549 fingere
1404 489 1522 550 quod
1544 477 1712 534 divinas

67 574 352 619 revelationes
376 574 590 619 habebant
617 573 668 618 de
693 574 773 628 his,
802 591 899 633 quae
920 575 1229 633 >intelligebant
1257 575 1420 634 placere
1451 572 1716 633 principibus

67 657 405 716 temporalibus;
431 657 656 704 abutentes
673 658 832 702 divinis
852 658 1052 712 oraculis,
1080 672 1121 703 et
1142 658 1365 703 mendacia
1392 674 1467 703 sua
1486 658 1582 702 Deo
1597 657 1716 701 attri-

70 741 264 786 buentes.
305 757 325 780 »

124 825 214 870 *Ad
243 825 359 870 hunc
387 834 398 851 ¹
424 826 670 879 articulum,
698 826 928 884 respondet
952 835 966 852 ²
996 826 1114 886 quod
1141 827 1241 870 alias
1268 828 1355 885 ipsa
1383 825 1630 885 respondit3
1657 837 1716 878 et,

67 923 282 969 quantum
309 909 360 953 ad
390 909 505 954 dona
533 910 638 954 facta
665 909 865 954 fratribus
895 911 998 964 suis,
1027 909 1133 955 illud
1169 910 1287 970 quod
1324 927 1395 954 rex
1422 909 1539 954 dedit
1569 911 1628 953 eis
1658 921 1720 953 est

68 992 120 1038 de
137 995 270 1051 gratia
296 1010 387 1047 sua,
405 994 497 1038 sine
518 1006 714 1053 requesta
739 993 863 1038 dictae
884 994 1112 1051 Johannae.
1143 995 1375 1047 Quantum
1403 1010 1506 1038 vero
1531 993 1582 1038 ad
1607 1009 1720 1037 onus

70 1076 189 1137 quod
211 1078 288 1122 sibi
313 1077 384 1122 dat
409 1091 636 1137 promotor
671 1091 711 1122 et
748 1078 1074 1122 conclusionem
1101 1079 1287 1132 articuli,
1318 1080 1407 1137 ipsa
1438 1094 1481 1122 se
1511 1076 1636 1121 refert
1669 1075 1720 1121 ad

74 1162 323 1206 Dominum
349 1175 566 1206 nostrum.
1694 1222 1696 1225 Ι

130 1247 256 1300 Item,
286 1245 355 1290 die
384 1245 561 1300 sabbati,
595 1261 637 1289 x.
665 1247 827 1300 martii,
868 1247 1129 1304 interrogata
1159 1247 1193 1290 si
1221 1262 1416 1305 unquam
1445 1244 1595 1289 habuit
1622 1244 1722 1288 alias

75 1328 244 1374 divitias
280 1346 303 1374 a
329 1346 410 1374 suo
444 1346 540 1387 rege
576 1345 709 1388 quarn
748 1346 850 1374 suos
885 1346 1054 1388 equos:
1097 1330 1319 1388 respondit
1358 1328 1476 1388 quod
1516 1330 1604 1388 ipsa
1632 1344 1723 1372 non

74 1411 242 1471 petebat
266 1413 429 1472 aliquid
450 1429 471 1457 a
494 1429 590 1472 rege
611 1430 706 1464 suo,
731 1415 812 1457 nisi
835 1413 947 1458 bona
974 1429 1106 1467 arma,
1124 1413 1264 1457 bonos
1282 1429 1417 1472 equos
1437 1426 1478 1457 et
1503 1413 1720 1471 pecunias,

72 1496 124 1540 ad
142 1496 402 1542 solvendum
429 1510 578 1555 gentes
596 1513 692 1541 suas
719 1496 771 1541 de
797 1496 933 1541 domo
960 1513 1050 1541 sua.
1075 1523 1131 1528 —
1154 1498 1264 1541 Item
1286 1498 1548 1554 interrogata
1573 1508 1723 1539 utrum

73 1580 312 1625 habebatne
357 1581 610 1626 thesaurum
650 1599 659 1624 ι
701 1581 965 1640 respondit3
1013 1580 1132 1639 quod
1172 1579 1323 1624 decem
1383 1580 1449 1624 vel
1490 1579 1724 1624 duodecim

76 1665 209 1708 millia
235 1681 334 1723 quae
363 1664 489 1709 habet
514 1666 558 1708 in
588 1664 748 1717 valore,
777 1681 865 1708 non
882 1678 943 1708 est
968 1680 1150 1722 magnus
1169 1663 1395 1708 thesaurus
1420 1679 1497 1722 pro
1525 1661 1724 1707 ducendo

76 1764 307 1806 guerram3
338 1761 380 1793 et
400 1748 519 1808 quod
554 1765 705 1807 parum
734 1748 839 1807 quid
868 1761 954 1802 est;
981 1761 1023 1797 et
1051 1748 1121 1792 illa
1149 1748 1309 1792 habent
1337 1747 1484 1791 fratres
1512 1748 1594 1800 sui,
1617 1747 1726 1790 sicut

78 1833 167 1890 ipsa
194 1834 391 1877 aestimat.
423 1833 473 1876 Et
505 1832 612 1877 dixit
635 1831 753 1891 quod
782 1832 853 1876 illa
887 1849 986 1891 quae
1014 1831 1141 1876 habet
1179 1845 1282 1876 sunt
1315 1831 1367 1877 de
1401 1833 1596 1890 pecuniis
1624 1846 1725 1889 pro-

82 1917 182 1975 priis
209 1917 275 1961 sui
317 1918 442 1975 regis.
475 1917 585 1961 Item
613 1916 720 1960 dixit
748 1916 868 1975 quod
890 1930 1009 1975 capta
1039 1916 1119 1961 fuit
1145 1932 1273 1975 supet
1300 1926 1316 1949 4
1340 1932 1480 1960 unum
1517 1917 1727 1959 semicur-

76 2002 255 2045 sarium.
277 2001 616 2059 —Interrogata
652 2002 749 2059 quis
775 1999 893 2045 dedit
926 2000 1032 2044 sibi:
1063 1999 1285 2059 respondit
1307 2000 1425 2059 quod
1454 2017 1524 2044 rex
1543 2016 1646 2044 suus
1660 1999 1727 2042 vel

77 2098 227 2142 gentes
253 2101 341 2128 suae
390 2084 604 2130 dederunt
633 2085 672 2128 ei
698 2083 752 2128 de
778 2097 956 2142 argento
987 2085 1095 2142 regis
1123 2085 1211 2137 sui;
1249 2096 1289 2127 et
1323 2083 1504 2127 habebat
1534 2085 1728 2142 quinque

77 2169 288 2213 cursarios
318 2168 369 2213 de
395 2181 574 2227 argento
606 2169 714 2226 regis
748 2169 831 2221 sui,
863 2180 1014 2227 praeter
1039 2169 1238 2212 trotarios
1269 2183 1379 2227 quos
1414 2166 1595 2211 habebat
1633 2166 1728 2225 plus

82 2267 213 2311 quarn
245 2265 426 2311 septem.

140 2403 250 2446 LVI.
284 2420 304 2443 «
335 2403 463 2456 ITEM,
488 2401 598 2446 dicta
618 2402 818 2459 Johanna
841 2403 1010 2460 jactavit
1035 2418 1077 2445 se
1105 2401 1264 2459 pluries
1292 2400 1444 2445 habere
1466 2399 1577 2445 duos
1589 2402 1730 2445 consi-

82 2485 224 2530 liarios
251 2502 362 2545 quos
400 2488 490 2545 ipsa
523 2498 645 2530 vocat
680 2486 963 2530 Consiliarios
1001 2486 1165 2539 Fontis,
1202 2486 1279 2544 qui
1311 2497 1525 2529 venerunt
1553 2483 1604 2528 ad
1633 2500 1729 2528 eam

135 2670 152 2688 *
169 2670 356 2724 Respond
383 2684 391 2709 z
418 2687 436 2707 ‹<
459 2669 544 2720 J'en
573 2684 623 2723 ay
643 2669 861 2724 respondu.
893 2687 910 2705 n

86 2744 90 2747 ’
139 2742 277 2788 Quant
300 2756 372 2781 aux
390 2742 491 2781 dons
508 2742 578 2781 fais
600 2742 620 2781 a
641 2755 702 2781 ses
726 2741 862 2788 freres,
885 2755 929 2780 ce
948 2755 1023 2795 que
1041 2741 1078 2780 le
1099 2755 1171 2795 roy
1195 2741 1281 2780 leur
1308 2754 1327 2779 a
1349 2741 1497 2790 donne,
1516 2740 1608 2780 c’est
1628 2741 1673 2780 de
1693 2754 1733 2779 sa

84 2813 215 2866 grace,
230 2826 320 2853 sans
342 2814 379 2853 la
402 2824 583 2868 requeste
606 2813 734 2853 d'elle.
754 2814 893 2859 Quant
917 2813 936 2851 a
955 2813 989 2851 la
1013 2813 1156 2866 charge
1175 2826 1252 2866 que
1271 2812 1405 2852 donne
1422 2813 1456 2852 le
1482 2823 1731 2866 promoteur‚

87 2894 124 2923 et
147 2885 383 2924 conclusion
409 2885 456 2924 de
482 2885 662 2933 l'article,
688 2885 766 2924 s’en
792 2894 946 2938 raporte
972 2884 990 2922 a
1017 2894 1150 2923 nostre
1173 2885 1258 2923 Sire
1282 2890 1309 2923 ἱ.

140 3075 168 3099 ῐ.
191 3065 222 3099 Α
249 3066 581 3111 :quinquagesimum
595 3066 765 3111 quintum.
799 3075 874 3099 —2.
895 3064 975 3098 BC:
990 3064 1180 3110 respondz'IJ
1200 3064 1232 3098 A
1255 3076 1264 3097 .·
1287 3063 1455 3111 respondet
1469 3063 1732 3107 dicttzsohtmna.

90 3145 136 3149 —
160 3135 189 3169 3.
213 3124 279 3159 AC
302 3137 311 3158 .·
341 3125 522 3171 respondet.
542 3145 588 3150 —
618 3134 650 3166 4.
675 3124 706 3158 C
730 3131 869 3170 :supra
892 3144 939 3148 —
960 3134 990 3167 5.
1019 3124 1059 3166 U,
1084 3124 1144 3158 iol.
1168 3133 1225 3170 29,
1244 3133 1297 3158 νο.
