2099 3356
339 223 422 277 308
617 218 772 262 1>Rocifis
805 233 861 261 DE
893 231 1238 262 CONDAMNA'HON
1280 232 1336 261 DE
1366 233 1532 274 JEANNE
1564 218 1695 262 D’ARC

393 333 519 385 Item,
547 332 647 390 quia
674 329 839 374 dicebat
878 346 920 373 se
964 328 1118 374 habere
1145 329 1289 388 plures
1316 330 1602 375 revelationes
1643 346 1695 374 ex
1732 343 1846 390 parte
1875 331 1973 384 Dei,

335 431 408 474 per
457 426 654 458 sanctum
692 412 948 457 Michaelem
981 424 1022 456 et
1061 425 1224 457 sanctas
1273 413 1558 458 Katharinam
1594 427 1636 458 et
1675 415 1977 472 Margaretam,

331 500 587 555 interrogata
612 496 707 550 fuit,
734 497 768 540 si
802 497 968 539 veniret
985 495 1127 554 aliqua
1152 495 1264 540 bona
1292 492 1479 541 creatura
1499 496 1721 541 affirmans
1747 513 1791 541 se
1819 496 1980 541 habere

330 582 634 625 revelationem
671 595 720 623 ex
753 591 870 638 parte
906 579 1004 632 Dei,
1040 591 1288 637 tangentem
1310 579 1470 624 fa'ctum
1497 581 1630 638 ipsius
1656 580 1881 637 Johannae,
1925 596 1978 624 an

330 665 417 723 ipsa
445 663 632 707 crederet
659 663 736 706 illi.
775 661 1015 721 Respondit
1047 661 1166 720 quod
1192 679 1282 706 non
1314 676 1375 707 est
1417 663 1680 708 christianus
1721 665 1766 707 in
1810 663 1979 708 mundo

331 749 405 806 qui
428 748 592 790 veniret
629 745 679 790 ad
705 762 815 799 eam,
851 758 891 789 et
925 745 1083 790 diceret
1116 762 1159 790 se
1188 746 1340 790 habere
1376 747 1704 801 revelationem,
1741 748 1847 805 quin
1891 748 1979 806 ipsa

333 830 439 875 bene
467 833 591 874 sciret
617 847 671 874 an
699 829 770 874 ille
797 829 954 874 diceret
982 845 1133 874 verum
1159 842 1231 874 aut
1256 845 1374 884 non,
1416 843 1457 874 et
1492 820 1574 875 hoc
1608 832 1731 875 sciret
1763 846 1836 889 per
1860 846 1976 875 sanc-

319 927 389 965 ,tas
417 914 743 958 Katharinamet
776 915 1076 971 Margaretam.

389 999 648 1056 Interrogata
676 1013 729 1042 an
771 998 916 1055 ipsane
943 998 1205 1054 imaginetur
1227 995 1345 1055 quod
1374 997 1494 1041 Deus
1515 998 1649 1055 possit
1673 997 1859 1041 revelare
1897 997 1976 1041 ali—

329 1081 432 1139 quid
472 1080 643 1125 cuidam
685 1080 810 1125 bonae
836 1093 1052 1134 creaturae,
1077 1079 1195 1138 quod
1223 1081 1302 1138 ipsi
1323 1080 1535 1136 Johannae
1563 1081 1617 1124 sit
1667 1081 1968 1138 incognitum:

327 1165 545 1223 respondit
573 1164 689 1223 quod
717 1163 884 1208 bonum
906 1176 967 1208 est
982 1165 1086 1207 scire
1111 1163 1230 1221 quod
1246 1165 1332 1217 sic,
1359 1163 1469 1208 «sed
1498 1179 1578 1222 ego
1603 1179 1692 1208 non
1709 1163 1925 1208 crederem
1946 1181 1966 1204 »

326 1250 482 1307 inquit,
516 1266 536 1288 «
575 1249 668 1291 viro
693 1263 834 1306 neque
863 1247 1051 1301 mulieri,
1078 1248 1159 1290 nisi
1181 1262 1260 1305 ego
1285 1246 1488 1291 haberem
1522 1246 1699 1305 aliquod
1726 1248 1900 1306 signum
1924 1262 1962 1291 ».

382 1333 646 1389 Interrogata
672 1347 726 1375 an
754 1332 843 1389 ipsa
870 1330 1002 1374 credit
1046 1330 1162 1389 quod
1197 1339 1355 1374 sancta¹
1396 1331 1613 1388 Scriptura
1635 1332 1690 1374 sit
1725 1331 1907 1375 revelata
1942 1345 1964 1374 a

325 1416 446 1460 Deo:
478 1415 696 1474 respondit
726 1431 733 1458 :
767 1415 894 1458 «Vos
921 1413 1025 1458 bene
1058 1415 1189 1468 scitis,
1214 1427 1253 1458 et
1284 1413 1449 1458 bonum
1482 1426 1544 1458 est
1570 1415 1674 1458 scire
1701 1413 1819 1472 quod
1841 1415 1913 1458 sic.
1942 1431 1962 1454 ›>

386 1500 510 1550 Item,
549 1498 630 1543 fuit
662 1510 890 1547 sommata,
920 1497 1142 1542 exhortata
1174 1510 1215 1541 et
1252 1498 1457 1556 requisita
1492 1496 1543 1541 de
1569 1496 1778 1556 capiendo
1802 1496 1968 1542 bonum

325 1582 557 1626 consilium
585 1598 606 1625 a
642 1581 801 1625 clericis
827 1595 868 1625 et
911 1580 1172 1624 notabilibus
1217 1579 1481 1634 doctoribus,
1517 1593 1559 1624 et
1593 1579 1708 1624 idem
1735 1580 1969 1625 consilium

325 1665 492 1710 credere
518 1681 593 1725 pro
614 1665 749 1709 salute
772 1666 928 1709 animae
952 1680 1054 1709 suae.

370 1899 480 1945 Item,
524 1897 592 1950 luy
613 1896 670 1936 fut
710 1896 822 1936 faicte
851 1896 1160 1949 interrogacion‚
1190 1908 1292 1948 pour
1313 1909 1357 1934 ce
1391 1894 1532 1949 qu’elle
1561 1895 1617 1933 dit
1647 1895 1757 1934 avoir
1786 1908 1834 1934 eu
1874 1894 1963 1948 plu-

315 1971 438 2009 sieurs
460 1969 534 2008 fois
566 1969 810 2008 revelacions
835 1968 882 2007 de
914 1981 981 2020 par
1013 1968 1130 2012 Dieu,
1159 1980 1225 2019 par
1246 1967 1369 2005 sainct
1389 1966 1580 2023 'Michieh
1608 1967 1777 2020 sainctes
1818 1966 1965 2005 Kathe-

314 2042 398 2080 rine
435 2051 471 2079 et
505 2041 758 2093 Marguerite,
795 2053 835 2077 se
872 2038 896 2077 il
931 2039 1068 2077 venoit
1100 2050 1254 2077 aucune
1292 2037 1424 2076 bonne
1449 2038 1625 2076 creature
1662 2038 1729 2091 qui
1767 2036 1970 2076 affermast

319 2114 428 2151 avoir
458 2126 505 2150 eu
537 2111 759 2150 revelacion
790 2111 837 2149 de
871 2124 938 2163 par
969 2111 1085 2157 Dieu‚
1121 2109 1314 2148 touchant
1336 2108 1372 2148 le
1403 2108 1471 2147 fait
1493 2108 1624 2156 d’elle,
1653 2107 1762 2148 s’elle
1786 2108 1823 2147 le
1859 2109 1964 2148 croi-

319 2185 395 2223 roit
419 2199 427 2231 3
448 2183 620 2236 respond
645 2182 736 2236 qu’il
766 2181 831 2234 n'y
850 2195 870 2220 a
894 2182 1062 2220 crestien
1080 2194 1128 2219 eu
1153 2180 1300 2220 monde
1319 2181 1387 2234 qui
1410 2180 1691 2219 venistdevers
1713 2180 1804 2229 elle,
1828 2180 1895 2233 qui
1928 2193 1968 2219 se

318 2255 418 2293 deist
439 2256 548 2293 avoir
568 2268 617 2292 eu
645 2253 883 2300 revelacion,
906 2251 1048 2305 qu'elle
1076 2266 1123 2290 ne
1149 2261 1279 2290 sceust
1303 2247 1361 2289 s'il
1385 2251 1503 2290 disoit
1522 2265 1616 2304 vray
1646 2265 1697 2290 ou
1723 2265 1803 2290 non
1828 2265 1837 2298 ;
1867 2260 1903 2290 et
1930 2250 1965 2289 lc

319 2327 461 2373 scaroit
486 2335 498 2352 2
521 2339 588 2378 par
612 2326 779 2363 sainctcs
802 2324 1012 2363 Katherine
1034 2332 1072 2362 et
1091 2323 1343 2375 Marguerite.

372 2398 627 2451 Interroguee
651 2410 691 2435 se
730 2396 806 2435 elle
836 2396 1021 2448 ymagine
1053 2395 1167 2447 point
1197 2408 1273 2448 que
1299 2395 1398 2432 Dieu
1425 2394 1557 2447 puisse
1582 2393 1733 2432 re'veler
1773 2395 1894 2433 chose
1940 2394 1960 2432 2¹1

320 2482 395 2507 une
418 2469 551 2507 bonne
590 2469 781 2514 creature,
809 2467 875 2520 qui
909 2465 977 2518 luy
1016 2466 1094 2504 soit
1123 2466 1376 2518 incongneue
1399 2478 1406 2503 :
1430 2465 1605 2517 respond
1627 2479 1634 2502 ε
1662 2480 1680 2500 «
1704 2464 1733 2502 ΙΙ
1756 2473 1813 2503 est
1837 2464 1914 2503 bon
1940 2464 1961 2502 ἐι

319 2541 448 2579 savoir
478 2554 554 2593 que
589 2539 694 2587 ouil;
719 2538 816 2577 mais
848 2539 881 2588 je
909 2536 999 2575 n’en
1022 2537 1202 2589 croiroye
1225 2536 1388 2575 homme
1411 2549 1460 2574 ne
1478 2535 1641 2583 femme,
1665 2549 1705 2574 se
1727 2536 1761 2587 je
1792 2535 1960 2588 n’avoye

321 2624 448 2650 aucun
476 2612 600 2663 signe.
629 2627 647 2646 »

368 2683 622 2735 Interrogue'e
645 2681 751 2719 s'elle
776 2681 895 2719 croist
917 2693 994 2733 que
1010 2679 1045 2718 la
1067 2679 1216 2717 saincte
1238 2679 1463 2731 Escripture
1487 2679 1564 2717 soit
1582 2677 1734 2717 re'velee
1759 2677 1807 2716 de
1828 2677 1955 2716 Dieu:

316 2753 488 2805 respond
512 2767 518 2790 :
546 2769 564 2788 «
591 2754 702 2791 Vous
728 2752 761 2790 le
778 2752 911 2799 scaves
933 2750 1049 2797 bien3
1073 2760 1110 2788 et
1135 2759 1193 2788 est
1217 2749 1295 2788 bon
1322 2750 1343 2788 a
1367 2749 1497 2788 savoir
1522 2763 1598 2803 que
1620 2749 1722 2788 ouil.
1748 2765 1766 2807 ξ)

365 2814 474 2868 Item,
517 2823 575 2862 fut
613 2824 806 2869 sommee,
834 2823 992 2861 exortee
1019 2831 1057 2860 et
1093 2821 1248 2873 requise
1273 2820 1320 2859 de
1348 2821 1517 2873 prandre
1542 2819 1577 2858 le
1597 2819 1677 2859 bon
1703 2820 1854 2859 conseil
1890 2820 1958 2859 des

313 2894 434 2934 clercs
449 2905 486 2934 et
504 2894 682 2933 notables
705 2894 901 2940 docteurs,
925 2902 962 2932 et
981 2892 1015 2931 le
1037 2893 1163 2931 croire
1188 2905 1289 2945 pour
1312 2891 1348 2930 le
1367 2891 1468 2930 salut
1485 2891 1532 2930 de
1564 2904 1636 2930 son
1662 2892 1762 2930 ame.

369 3125 395 3147 1.
419 3114 448 3147 C
472 3126 480 3146 .·
503 3124 607 3147 sacra.
630 3133 675 3137 ——
698 3123 729 3147 2.
752 3112 820 3146 Ms.
841 3113 975 3152 sravoit.
