2099 3356
343 213 502 256 PRoc'Es
536 227 590 255 DE
624 226 981 256 CONDAMNATION
1017 227 1071 254 DE
1103 226 1268 267 JEANNE
1302 211 1428 255 D’ARC
1661 226 1705 255 11

67 337 178 377 papae
210 325 257 363 V.
304 337 409 363 anno
435 325 564 371 xm„
605 325 644 362 in
669 324 839 363 bastillia
873 324 1131 362 illustrissimi
1172 324 1364 376 principis
1400 324 1555 362 domini
1599 324 1712 362 ducis

67 396 323 448 Burgundiae,
347 397 388 434 in
412 396 494 434 acie
516 409 586 434 sua
607 409 739 435 coram
766 395 1021 448 Compendio
1055 404 1198 434 statuta
1220 408 1227 434 2
1260 395 1526 447 praesentibus
1563 395 1713 434 nobili—-

64 467 135 506 bus
180 468 290 515 viris,
339 467 515 506 dominis
553 467 722 506 Nicolao
766 468 813 506 de
859 467 1075 516 Mailliaco‚
1130 466 1293 505 baillivo
1336 467 1628 514 viromandiae,
1673 475 1712 506 et

60 539 245 588 Johanne
282 539 329 578 de
354 541 494 592 Pressy,
533 539 744 588 militibus,
768 552 860 578 cum
898 539 1077 592 pluribus
1113 539 1199 577 aliis
1240 538 1444 578 nobilibus
1469 540 1507 578 in
1546 540 1711 592 copiosa

64 610 321 649 multitudine
348 611 530 658 testibus,
562 621 655 658 etc.‚
685 611 758 649 fuit
786 620 1020 663 praesentata
1054 625 1122 663 per
1163 611 1428 649 reverendum
1469 610 1508 648 in
1548 610 1709 649 Christo

63 692 211 735 patrem
235 682 447 721 dominum
472 684 646 730 Petrum,
676 684 747 721 Dei
773 683 895 735 gratia
929 683 1165 735 episcopum
1197 691 1234 721 et
1262 683 1454 721 comitem
1496 681 1710 722 Belvacen—

61 766 160 801 sem,
193 753 357 807 praefato
386 754 655 793 illustrissimo
684 755 855 807 principi
898 754 1066 792 domino
1101 754 1191 792 duci
1226 754 1484 806 Burgundiae,
1522 754 1706 807 quaedam

62 825 285 864 schedula¹
318 839 506 879 papyrea,
545 827 758 865 continens
794 827 841 865 de
865 825 988 865 verbo
1013 826 1060 864 ad
1097 825 1263 864 verbum
1301 826 1479 878 quinque
1521 825 1711 865 articulos

63 898 352 950 suprascriptos
383 911 391 936 :
420 897 706 952 quamquidem
742 898 975 937 schedulam
1003 898 1086 951 ipse
1116 898 1306 936 dominus
1337 897 1417 935 dux
1446 896 1601 935 realiter
1637 907 1711 936 tra-

64 968 164 1007 didit
187 969 311 1008 nobili
332 970 419 1008 viro
435 969 603 1008 Nicolao
630 970 783 1017 Rauliu,
812 970 942 1015 militi,
960 984 1032 1008 suo
1055 969 1308 1016 cancellario,
1333 968 1479 1007 ibidem
1502 970 1708 1022 praesenti,

65 1050 103 1079 et
127 1041 309 1079 eamdem
335 1041 432 1080 tradi
462 1043 652 1094 praecepit
675 1055 744 1094 per
770 1044 957 1080 eumdem
995 1041 1277 1080 cancellarium
1312 1040 1439 1079 nobili
1479 1050 1517 1079 et
1555 1042 1711 1094 potenti

62 1113 148 1151 viro
171 1113 339 1151 domino
359 1113 531 1162 Johanni
571 1113 618 1152 de
643 1113 940 1166 Luxemburgo,
987 1113 1119 1161 militi,
1166 1113 1334 1151 domino
1368 1112 1415 1151 de
1454 1112 1706 1160 Beaurevoir3

62 1194 179 1237 prout
203 1185 386 1223 eamdem
419 1184 648 1224 schedulam
672 1185 828 1224 realiter
848 1185 1048 1238 expedivit
1075 1194 1112 1224 et
1145 1184 1378 1224 deliberavit
1402 1185 1487 1237 ipse
1518 1184 1708 1223 dominus

62 1255 318 1295 cancellarius
340 1257 388 1295 de
410 1257 597 1295 mandato
620 1257 811 1310 praedicto
834 1257 909 1309 ipsi
932 1256 1100 1296 domino
1120 1257 1297 1306 Johanni
1323 1256 1370 1295 de
1400 1255 1703 1308 Luxemburgo,

63 1327 208 1366 ibidem
231 1329 526 1381 supervenienti
552 1344 560 1377 3
587 1330 655 1382 qui
680 1329 862 1367 eamdem
891 1328 1139 1376 schedulam,
1159 1338 1202 1367 ut
1232 1329 1331 1367 mihi
1362 1327 1583 1376 videbatur,
1619 1341 1708 1381 per-

68 1399 176 1452 legit.
200 1416 218 1435 »
241 1400 305 1439 Sic
328 1401 480 1453 signata
508 1413 514 1439 :
542 1417 560 1437 «
600 1402 656 1439 Ita
682 1410 812 1439 actum
845 1410 916 1448 est,
963 1415 1026 1440 me
1057 1410 1251 1454 prcesente
1287 1399 1506 1454 Triqszot,
1546 1400 1706 1453 publico

60 1472 277 1524 apostolica
298 1482 311 1498 2
333 1473 565 1512 auctoritate
589 1472 817 1512 tabellione.
842 1490 860 1509 ))

164 1685 259 1711 ITEM
284 1681 293 1706 3
320 1685 522 1716 SEQUITUR
546 1684 679 1712 TENOR
700 1684 955 1712 LITTERARUM
988 1684 1116 1710 DICTAE
1140 1685 1255 1711 ALMAE
1287 1684 1596 1711 UNIVERSITATIS

337 1757 472 1784 STUDII
494 1757 732 1784 PARISIENSIS
754 1757 869 1784 NOBIS
895 1756 1083 1784 EPISCOPO
1105 1756 1444 1783 TRANSMISSARUM.

112 1906 130 1925 «
155 1888 389 1928 Reverendo
410 1890 450 1927 in
474 1889 632 1928 Christo
659 1890 760 1928 Patri
787 1903 831 1928 ac
857 1890 1052 1938 Domino,
1073 1889 1241 1928 domino
1279 1890 1472 1943 episcopo
1492 1904 1536 1930 ac
1565 1890 1704 1929 comiti

58 1960 301 2000 Belvacensi.
329 1961 538 2010 Miramur,
562 1961 777 2000 reverende
796 1971 957 2014 pateret
979 1962 1157 2010 domine,
1182 1963 1383 2016 praecipue
1405 1963 1704 2016 expeditionem

58 2032 235 2072 mulieris
266 2032 388 2080 illius,
424 2047 545 2086 quam
583 2033 728 2086 vulgus
767 2033 943 2073 Puellam
983 2034 1170 2088 appellat,
1200 2036 1246 2073 vin
1280 2034 1488 2074 laesionem
1531 2035 1624 2073 fidei
1667 2044 1705 2074 et

56 2104 331 2144 ecclesiasticae
355 2105 643 2157 jurisdictionis
665 2115 771 2144 tanta
795 2107 1090 2159 exspectatione
1113 2106 1299 2159 protelari
1319 2121 1327 2156 3
1352 2108 1588 2160 piaesertim,
1612 2120 1703 2145 cum

59 2177 97 2214 in
124 2176 306 2215 manibus
334 2177 488 2215 domini
514 2178 637 2216 nostri
673 2178 776 2230 regis
801 2177 879 2229 jam
914 2179 1043 2230 posita
1073 2192 1158 2217 esse
1196 2178 1354 2218 feratur.
1398 2180 1706 2218 Consueverunt

57 2249 166 2287 enim
184 2249 386 2302 principes
408 2249 611 2288 christiani
637 2263 696 2288 res
721 2249 899 2288 ecclesiae
919 2258 935 2281 4
956 2259 993 2289 et
1017 2257 1026 2282 5
1050 2250 1287 2289 orthodoxae
1306 2250 1398 2290 fidei
1419 2251 1538 2289 tantis
1563 2264 1707 2303 prose-

46 2321 122 2374 Ι(1111
144 2319 359 2368 favoribm,
380 2330 445 2369 ut„
467 2321 497 2359 si
522 2322 742 2374 cujuspiam
768 2322 1031 2360 temeritatem
1054 2322 1260 2362 catholicae
1281 2323 1460 2376 ejusdem
1479 2322 1571 2361 fidei
1601 2322 1701 2375 dog-

55 2392 224 2431 matibus
248 2392 444 2431 adversari
468 2393 716 2446 contigisset,
744 2393 853 2432 illam
871 2393 1071 2446 judicibus
1091 2393 1370 2434 ecclesiasticis
1401 2394 1697 2447 corripiendam

54 2474 170 2518 atque
194 2464 439 2517 puniendam
466 2466 661 2504 continuo
685 2466 944 2505 remitterent.
973 2467 1035 2514 Et,
1055 2467 1086 2505 si
1108 2466 1240 2505 forsan
1263 2467 1302 2505 in
1326 2467 1409 2518 ejus
1435 2467 1489 2505 rei
1508 2479 1700 2520 prosecu-

52 2536 160 2575 tione
177 2546 304 2575 vestra
328 2537 540 2590 paternitas
567 2536 817 2590 diligentiam
848 2537 1081 2590 praebuisset
1113 2539 1323 2586 acriorem,
1358 2540 1435 2591 jam
1455 2540 1469 2564 ⁶
1496 2539 1536 2577 in
1577 2537 1702 2577 eccle—

53 2608 209 2647 siastico
232 2608 382 2660 judicio
402 2622 519 2647 causa
539 2609 712 2662 praefatae
739 2609 917 2648 mulieris
939 2620 1133 2663 ageretur.
1167 2611 1261 2649 Non
1283 2624 1421 2664 parum
1447 2620 1579 2649 autem
1611 2624 1703 2650 ves-

52 2688 109 2718 tra
131 2680 309 2728 interest,
333 2680 429 2718 dum
462 2681 502 2719 in
525 2690 656 2720 sancta
676 2691 690 2716 7
716 2682 788 2720 Dei
819 2681 986 2720 ecclesia
1010 2681 1207 2721 celebrem
1238 2683 1385 2735 geratis
1423 2682 1699 2735 praesulatum,

107 2900 135 2923 1.
164 2890 195 2923 A
219 2902 228 2923 .·
247 2890 409 2935 toujours
432 2890 555 2924 cedula.
586 2912 630 2914 a
651 2901 682 2925 2.
713 2892 743 2924 A
763 2891 880 2937 ajoute
901 2896 928 2925 el
952 2892 1135 2938 imperiali.
1161 2913 1207 2917 —
1231 2903 1261 2937 3.
1291 2893 1324 2926 A
1347 2904 1391 2927 en
1419 2904 1539 2939 mai-ge
1563 2906 1569 2927 :
1594 2893 1701 2927 Tenos

57 2948 246 2983 litterarum
278 2950 520 2984 Universitatis
547 2950 751 2985 Parisiensis
774 2951 866 2985 nohis
891 2952 1080 2986 Belvacensi
1098 2952 1262 2998 episcopm
1284 2953 1312 2986 B
1338 2963 1382 2987 en
1410 2963 1528 2999 marge
1553 2965 1559 2987 ;
1592 2951 1699 2987 Tenor

56 3008 246 3043 litterarum
267 3009 508 3043 Universz‘tatis
528 3011 618 3044 nobis
635 3011 778 3057 episcopo
789 3011 980 3045 Belvacensi
996 3013 1271 3045 tmnsmissarum
1286 3024 1298 3053 ‚·
1321 3011 1350 3046 C
1361 3023 1404 3046 en
1425 3023 1545 3057 marge
1563 3024 1569 3046 ε
1592 3012 1700 3046 Τεηον

55 3067 246 3102 litterarum
288 3068 531 3103 Universitutis
564 3070 766 3104 Parisiensis
792 3070 884 3104 nobis
915 3072 1057 3117 episcopo
1095 3071 1284 3106 Belvacensi
1322 3073 1612 3106 transmissarum.
1652 3094 1698 3097 μ

56 3136 89 3168 4.
111 3127 145 3171 Q
169 3141 178 3161 .·
201 3129 431 3162 ecclesiasticar.
451 3150 498 3154 —
528 3140 556 3172 5.
583 3130 613 3163 A
642 3139 740 3164 omet
760 3135 802 3164 et.
823 3151 867 3155 —
886 3130 918 3164 6.
946 3132 980 3174 Q
1002 3143 1011 3164 :
1032 3142 1129 3165 nnnc.
1148 3151 1193 3156 —
1221 3141 1253 3175 7.
1282 3131 1317 3175 Q
1339 3144 1348 3165 .·
1366 3132 1484 3166 sancli.
