<?xml version="1.0" encoding="UTF-8"?>
<!DOCTYPE html PUBLIC "-//W3C//DTD XHTML 1.0 Transitional//EN"
    "http://www.w3.org/TR/xhtml1/DTD/xhtml1-transitional.dtd">
<html xmlns="http://www.w3.org/1999/xhtml" xml:lang="en" lang="en">
 <head>
  <title>
</title>
<meta http-equiv="Content-Type" content="text/html;charset=utf-8" />
  <meta name='ocr-system' content='tesseract 3.04.00' />
  <meta name='ocr-capabilities' content='ocr_page ocr_carea ocr_par ocr_line ocrx_word'/>
</head>
<body>
  <div class='ocr_page' id='page_1' title='image "./procsdecondamn01cham/procsdecondamn01cham_0327.png"; bbox 0 0 2099 3356; ppageno 0'>
   <div class='ocr_carea' id='block_1_1' title="bbox 400 154 1763 210">
    <p class='ocr_par' dir='ltr' id='par_1_1' title="bbox 400 154 1763 210">
     <span class='ocr_line' id='line_1_1' title="bbox 400 154 1763 210; baseline -0.001 -13"><span class='ocrx_word' id='word_1_1' title='bbox 400 155 560 198; x_wconf 62' lang='lat' dir='ltr'>PROCilzs</span> <span class='ocrx_word' id='word_1_2' title='bbox 595 169 649 197; x_wconf 80' lang='lat' dir='ltr'>DF.</span> <span class='ocrx_word' id='word_1_3' title='bbox 685 168 1037 197; x_wconf 70' lang='lat' dir='ltr'>CONDAMNATlON</span> <span class='ocrx_word' id='word_1_4' title='bbox 1074 168 1128 196; x_wconf 86' lang='lat' dir='ltr'>DE</span> <span class='ocrx_word' id='word_1_5' title='bbox 1160 168 1326 210; x_wconf 58' lang='lat' dir='ltr'>JssANNr:</span> <span class='ocrx_word' id='word_1_6' title='bbox 1363 154 1484 196; x_wconf 75' lang='lat' dir='ltr'>n’ARc</span> <span class='ocrx_word' id='word_1_7' title='bbox 1679 167 1763 209; x_wconf 80' lang='lat'>277</span> 
     </span>
    </p>
   </div>
   <div class='ocr_carea' id='block_1_2' title="bbox 929 322 989 364">
    <p class='ocr_par' dir='ltr' id='par_1_2' title="bbox 929 322 989 364">
     <span class='ocr_line' id='line_1_2' title="bbox 929 322 989 364; baseline 0 0"><span class='ocrx_word' id='word_1_8' title='bbox 929 322 989 364; x_wconf 89' lang='lat' dir='ltr'>XI</span> 
     </span>
    </p>
   </div>
   <div class='ocr_carea' id='block_1_3' title="bbox 105 445 1763 2262">
    <p class='ocr_par' dir='ltr' id='par_1_3' title="bbox 105 445 1763 2262">
     <span class='ocr_line' id='line_1_3' title="bbox 173 445 1763 504; baseline 0.003 -19"><span class='ocrx_word' id='word_1_9' title='bbox 173 462 194 485; x_wconf 85' lang='lat'>«</span> <span class='ocrx_word' id='word_1_10' title='bbox 221 445 344 496; x_wconf 83' lang='lat' dir='ltr'>ITEM,</span> <span class='ocrx_word' id='word_1_11' title='bbox 372 445 483 490; x_wconf 86' lang='lat' dir='ltr'>dicta</span> <span class='ocrx_word' id='word_1_12' title='bbox 501 445 683 489; x_wconf 84' lang='lat' dir='ltr'>foemina</span> <span class='ocrx_word' id='word_1_13' title='bbox 702 445 803 490; x_wconf 84' lang='lat' dir='ltr'>dicit</span> <span class='ocrx_word' id='word_1_14' title='bbox 821 459 862 490; x_wconf 89' lang='lat' dir='ltr'>et</span> <span class='ocrx_word' id='word_1_15' title='bbox 883 446 1117 490; x_wconf 79' lang='lat' dir='ltr'>confitetur</span> <span class='ocrx_word' id='word_1_16' title='bbox 1133 445 1252 504; x_wconf 89' lang='lat' dir='ltr'>quod</span> <span class='ocrx_word' id='word_1_17' title='bbox 1272 446 1448 490; x_wconf 86' lang='lat' dir='ltr'>vocibus</span> <span class='ocrx_word' id='word_1_18' title='bbox 1475 459 1516 489; x_wconf 92' lang='lat' dir='ltr'>et</span> <span class='ocrx_word' id='word_1_19' title='bbox 1543 445 1763 504; x_wconf 85' lang='lat' dir='ltr'>spiritibus</span> 
     </span>
     <span class='ocr_line' id='line_1_4' title="bbox 109 527 1758 587; baseline 0 -15"><span class='ocrx_word' id='word_1_20' title='bbox 109 527 336 586; x_wconf 87' lang='lat' dir='ltr'>praedictis,</span> <span class='ocrx_word' id='word_1_21' title='bbox 356 544 467 587; x_wconf 87' lang='lat' dir='ltr'>quos</span> <span class='ocrx_word' id='word_1_22' title='bbox 495 529 769 583; x_wconf 89' lang='lat' dir='ltr'>Michaelem,</span> <span class='ocrx_word' id='word_1_23' title='bbox 794 529 1055 583; x_wconf 74' lang='lat' dir='ltr'>Gabrielem,</span> <span class='ocrx_word' id='word_1_24' title='bbox 1079 530 1360 573; x_wconf 80' lang='lat' dir='ltr'>Katharinam</span> <span class='ocrx_word' id='word_1_25' title='bbox 1395 542 1437 573; x_wconf 94' lang='lat' dir='ltr'>et</span> <span class='ocrx_word' id='word_1_26' title='bbox 1477 531 1758 587; x_wconf 82' lang='lat' dir='ltr'>Margaretam</span> 
     </span>
     <span class='ocr_line' id='line_1_5' title="bbox 108 612 1762 673; baseline 0.001 -18"><span class='ocrx_word' id='word_1_27' title='bbox 108 625 246 665; x_wconf 85' lang='lat' dir='ltr'>vocat,</span> <span class='ocrx_word' id='word_1_28' title='bbox 268 613 356 670; x_wconf 88' lang='lat' dir='ltr'>ipsa</span> <span class='ocrx_word' id='word_1_29' title='bbox 372 614 658 657; x_wconf 81' lang='lat' dir='ltr'>reverentiam</span> <span class='ocrx_word' id='word_1_30' title='bbox 672 613 831 673; x_wconf 87' lang='lat' dir='ltr'>pluries</span> <span class='ocrx_word' id='word_1_31' title='bbox 851 613 1061 666; x_wconf 81' lang='lat' dir='ltr'>exhibuit,</span> <span class='ocrx_word' id='word_1_32' title='bbox 1080 627 1205 671; x_wconf 90' lang='lat' dir='ltr'>caput</span> <span class='ocrx_word' id='word_1_33' title='bbox 1229 612 1605 672; x_wconf 78' lang='lat' dir='ltr'>discooperiendo,</span> <span class='ocrx_word' id='word_1_34' title='bbox 1620 629 1762 672; x_wconf 86' lang='lat' dir='ltr'>genua</span> 
     </span>
     <span class='ocr_line' id='line_1_6' title="bbox 110 694 1761 755; baseline 0.001 -16"><span class='ocrx_word' id='word_1_35' title='bbox 110 694 339 749; x_wconf 88' lang='lat' dir='ltr'>flectendo,</span> <span class='ocrx_word' id='word_1_36' title='bbox 363 696 601 740; x_wconf 86' lang='lat' dir='ltr'>osculando</span> <span class='ocrx_word' id='word_1_37' title='bbox 619 709 777 740; x_wconf 88' lang='lat' dir='ltr'>terram</span> <span class='ocrx_word' id='word_1_38' title='bbox 792 713 917 755; x_wconf 87' lang='lat' dir='ltr'>supra</span> <span class='ocrx_word' id='word_1_39' title='bbox 933 713 1060 755; x_wconf 68' lang='lat' dir='ltr'>quain</span> <span class='ocrx_word' id='word_1_40' title='bbox 1080 696 1400 754; x_wconf 79' lang='lat' dir='ltr'>gradiebantur,</span> <span class='ocrx_word' id='word_1_41' title='bbox 1418 713 1464 740; x_wconf 88' lang='lat' dir='ltr'>ac</span> <span class='ocrx_word' id='word_1_42' title='bbox 1479 698 1539 740; x_wconf 89' lang='lat' dir='ltr'>eis</span> <span class='ocrx_word' id='word_1_43' title='bbox 1560 695 1761 740; x_wconf 88' lang='lat' dir='ltr'>vovendo</span> 
     </span>
     <span class='ocr_line' id='line_1_7' title="bbox 112 779 1757 838; baseline 0.001 -16"><span class='ocrx_word' id='word_1_44' title='bbox 112 780 427 837; x_wconf 85' lang='lat' dir='ltr'>virginitatem,</span> <span class='ocrx_word' id='word_1_45' title='bbox 481 779 746 838; x_wconf 79' lang='lat' dir='ltr'>quandoque</span> <span class='ocrx_word' id='word_1_46' title='bbox 797 779 966 824; x_wconf 88' lang='lat' dir='ltr'>easdem</span> <span class='ocrx_word' id='word_1_47' title='bbox 1041 780 1321 824; x_wconf 86' lang='lat' dir='ltr'>Katharinam</span> <span class='ocrx_word' id='word_1_48' title='bbox 1371 793 1411 823; x_wconf 93' lang='lat' dir='ltr'>et</span> <span class='ocrx_word' id='word_1_49' title='bbox 1471 781 1757 838; x_wconf 77' lang='lat' dir='ltr'>Margaretam</span> 
     </span>
     <span class='ocr_line' id='line_1_8' title="bbox 108 862 1758 922; baseline 0.001 -16"><span class='ocrx_word' id='word_1_50' title='bbox 108 862 415 921; x_wconf 85' lang='lat' dir='ltr'>amplexando,</span> <span class='ocrx_word' id='word_1_51' title='bbox 433 862 669 907; x_wconf 86' lang='lat' dir='ltr'>osculando</span> <span class='ocrx_word' id='word_1_52' title='bbox 697 881 706 916; x_wconf 94' lang='lat'>;</span> <span class='ocrx_word' id='word_1_53' title='bbox 738 876 778 907; x_wconf 90' lang='lat' dir='ltr'>et</span> <span class='ocrx_word' id='word_1_54' title='bbox 821 865 963 920; x_wconf 77' lang='lat' dir='ltr'>tetigit</span> <span class='ocrx_word' id='word_1_55' title='bbox 1011 879 1079 907; x_wconf 85' lang='lat' dir='ltr'>eas</span> <span class='ocrx_word' id='word_1_56' title='bbox 1109 864 1384 922; x_wconf 82' lang='lat' dir='ltr'>corporaliter</span> <span class='ocrx_word' id='word_1_57' title='bbox 1411 876 1451 907; x_wconf 89' lang='lat' dir='ltr'>et</span> <span class='ocrx_word' id='word_1_58' title='bbox 1485 863 1758 912; x_wconf 74' lang='lat' dir='ltr'>sensibiliter,</span> 
     </span>
     <span class='ocr_line' id='line_1_9' title="bbox 117 946 1759 1005; baseline 0 -15"><span class='ocrx_word' id='word_1_59' title='bbox 117 959 158 990; x_wconf 88' lang='lat' dir='ltr'>et</span> <span class='ocrx_word' id='word_1_60' title='bbox 182 948 303 1005; x_wconf 88' lang='lat' dir='ltr'>petiit</span> <span class='ocrx_word' id='word_1_61' title='bbox 325 946 375 991; x_wconf 90' lang='lat' dir='ltr'>ab</span> <span class='ocrx_word' id='word_1_62' title='bbox 399 948 460 990; x_wconf 87' lang='lat' dir='ltr'>eis</span> <span class='ocrx_word' id='word_1_63' title='bbox 480 947 712 990; x_wconf 87' lang='lat' dir='ltr'>consilium</span> <span class='ocrx_word' id='word_1_64' title='bbox 767 960 808 990; x_wconf 89' lang='lat' dir='ltr'>et</span> <span class='ocrx_word' id='word_1_65' title='bbox 850 947 1077 1000; x_wconf 81' lang='lat' dir='ltr'>auxilium,</span> <span class='ocrx_word' id='word_1_66' title='bbox 1113 964 1180 991; x_wconf 87' lang='lat' dir='ltr'>eas</span> <span class='ocrx_word' id='word_1_67' title='bbox 1206 946 1470 1005; x_wconf 81' lang='lat' dir='ltr'>quandoque</span> <span class='ocrx_word' id='word_1_68' title='bbox 1498 946 1759 1001; x_wconf 88' lang='lat' dir='ltr'>invocando,</span> 
     </span>
     <span class='ocr_line' id='line_1_10' title="bbox 110 1029 1761 1089; baseline 0.001 -16"><span class='ocrx_word' id='word_1_69' title='bbox 110 1031 310 1088; x_wconf 82' lang='lat' dir='ltr'>quamvis</span> <span class='ocrx_word' id='word_1_70' title='bbox 337 1029 585 1089; x_wconf 86' lang='lat' dir='ltr'>frequenter</span> <span class='ocrx_word' id='word_1_71' title='bbox 613 1046 707 1074; x_wconf 84' lang='lat' dir='ltr'>eam</span> <span class='ocrx_word' id='word_1_72' title='bbox 732 1032 906 1074; x_wconf 84' lang='lat' dir='ltr'>visitent</span> <span class='ocrx_word' id='word_1_73' title='bbox 927 1047 1017 1074; x_wconf 89' lang='lat' dir='ltr'>non</span> <span class='ocrx_word' id='word_1_74' title='bbox 1038 1032 1269 1084; x_wconf 74' lang='lat' dir='ltr'>invocatae3</span> <span class='ocrx_word' id='word_1_75' title='bbox 1295 1044 1336 1074; x_wconf 92' lang='lat' dir='ltr'>et</span> <span class='ocrx_word' id='word_1_76' title='bbox 1362 1032 1590 1089; x_wconf 78' lang='lat' dir='ltr'>acquiescit</span> <span class='ocrx_word' id='word_1_77' title='bbox 1631 1044 1761 1089; x_wconf 85' lang='lat' dir='ltr'>atque</span> 
     </span>
     <span class='ocr_line' id='line_1_11' title="bbox 111 1113 1759 1172; baseline 0.001 -15"><span class='ocrx_word' id='word_1_78' title='bbox 111 1113 258 1158; x_wconf 87' lang='lat' dir='ltr'>obedit</span> <span class='ocrx_word' id='word_1_79' title='bbox 286 1130 437 1158; x_wconf 87' lang='lat' dir='ltr'>earum</span> <span class='ocrx_word' id='word_1_80' title='bbox 456 1114 649 1158; x_wconf 90' lang='lat' dir='ltr'>consiliis</span> <span class='ocrx_word' id='word_1_81' title='bbox 670 1127 711 1158; x_wconf 89' lang='lat' dir='ltr'>et</span> <span class='ocrx_word' id='word_1_82' title='bbox 737 1113 966 1167; x_wconf 89' lang='lat' dir='ltr'>mandatis,</span> <span class='ocrx_word' id='word_1_83' title='bbox 996 1127 1126 1172; x_wconf 89' lang='lat' dir='ltr'>atque</span> <span class='ocrx_word' id='word_1_84' title='bbox 1168 1116 1383 1172; x_wconf 81' lang='lat' dir='ltr'>acquievit</span> <span class='ocrx_word' id='word_1_85' title='bbox 1409 1113 1460 1157; x_wconf 91' lang='lat' dir='ltr'>ab</span> <span class='ocrx_word' id='word_1_86' title='bbox 1495 1115 1636 1168; x_wconf 89' lang='lat' dir='ltr'>initio,</span> <span class='ocrx_word' id='word_1_87' title='bbox 1667 1115 1759 1158; x_wconf 90' lang='lat' dir='ltr'>sine</span> 
     </span>
     <span class='ocr_line' id='line_1_12' title="bbox 110 1197 1758 1257; baseline 0 -16"><span class='ocrx_word' id='word_1_88' title='bbox 110 1197 299 1256; x_wconf 86' lang='lat' dir='ltr'>petendo</span> <span class='ocrx_word' id='word_1_89' title='bbox 324 1198 559 1242; x_wconf 87' lang='lat' dir='ltr'>consilium</span> <span class='ocrx_word' id='word_1_90' title='bbox 597 1214 619 1241; x_wconf 90' lang='lat' dir='ltr'>a</span> <span class='ocrx_word' id='word_1_91' title='bbox 643 1213 940 1257; x_wconf 85' lang='lat' dir='ltr'>quocumque,</span> <span class='ocrx_word' id='word_1_92' title='bbox 969 1211 1086 1256; x_wconf 86' lang='lat' dir='ltr'>puta,</span> <span class='ocrx_word' id='word_1_93' title='bbox 1128 1214 1150 1241; x_wconf 89' lang='lat' dir='ltr'>a</span> <span class='ocrx_word' id='word_1_94' title='bbox 1179 1210 1294 1256; x_wconf 86' lang='lat' dir='ltr'>patre</span> <span class='ocrx_word' id='word_1_95' title='bbox 1330 1197 1395 1241; x_wconf 85' lang='lat' dir='ltr'>vel</span> <span class='ocrx_word' id='word_1_96' title='bbox 1426 1210 1576 1250; x_wconf 87' lang='lat' dir='ltr'>matre,</span> <span class='ocrx_word' id='word_1_97' title='bbox 1609 1210 1758 1241; x_wconf 88' lang='lat' dir='ltr'>curato</span> 
     </span>
     <span class='ocr_line' id='line_1_13' title="bbox 109 1281 1759 1340; baseline 0 -16"><span class='ocrx_word' id='word_1_98' title='bbox 109 1281 176 1325; x_wconf 86' lang='lat' dir='ltr'>vel</span> <span class='ocrx_word' id='word_1_99' title='bbox 201 1282 393 1340; x_wconf 62' lang='lat' dir='ltr'>praelato,</span> <span class='ocrx_word' id='word_1_100' title='bbox 416 1294 488 1325; x_wconf 89' lang='lat' dir='ltr'>aut</span> <span class='ocrx_word' id='word_1_101' title='bbox 510 1282 593 1326; x_wconf 89' lang='lat' dir='ltr'>alio</span> <span class='ocrx_word' id='word_1_102' title='bbox 632 1297 914 1340; x_wconf 87' lang='lat' dir='ltr'>quocumque</span> <span class='ocrx_word' id='word_1_103' title='bbox 945 1281 1243 1325; x_wconf 87' lang='lat' dir='ltr'>ecclesiastico.</span> <span class='ocrx_word' id='word_1_104' title='bbox 1282 1282 1332 1324; x_wconf 89' lang='lat' dir='ltr'>Et</span> <span class='ocrx_word' id='word_1_105' title='bbox 1371 1281 1659 1325; x_wconf 88' lang='lat' dir='ltr'>nihilominus</span> <span class='ocrx_word' id='word_1_106' title='bbox 1683 1281 1759 1324; x_wconf 88' lang='lat' dir='ltr'>fir—</span> 
     </span>
     <span class='ocr_line' id='line_1_14' title="bbox 108 1364 1756 1424; baseline -0.001 -15"><span class='ocrx_word' id='word_1_107' title='bbox 108 1366 238 1409; x_wconf 88' lang='lat' dir='ltr'>miter</span> <span class='ocrx_word' id='word_1_108' title='bbox 260 1365 394 1410; x_wconf 89' lang='lat' dir='ltr'>credit</span> <span class='ocrx_word' id='word_1_109' title='bbox 414 1364 533 1424; x_wconf 90' lang='lat' dir='ltr'>quod</span> <span class='ocrx_word' id='word_1_110' title='bbox 558 1381 684 1409; x_wconf 83' lang='lat' dir='ltr'>voces</span> <span class='ocrx_word' id='word_1_111' title='bbox 711 1378 752 1409; x_wconf 94' lang='lat' dir='ltr'>et</span> <span class='ocrx_word' id='word_1_112' title='bbox 781 1365 1081 1419; x_wconf 77' lang='lat' dir='ltr'>revelationes,</span> <span class='ocrx_word' id='word_1_113' title='bbox 1102 1381 1206 1423; x_wconf 86' lang='lat' dir='ltr'>quas</span> <span class='ocrx_word' id='word_1_114' title='bbox 1231 1364 1381 1409; x_wconf 87' lang='lat' dir='ltr'>habuit</span> <span class='ocrx_word' id='word_1_115' title='bbox 1401 1380 1474 1423; x_wconf 88' lang='lat' dir='ltr'>per</span> <span class='ocrx_word' id='word_1_116' title='bbox 1500 1364 1756 1422; x_wconf 85' lang='lat' dir='ltr'>hujusmodi</span> 
     </span>
     <span class='ocr_line' id='line_1_15' title="bbox 108 1447 1752 1506; baseline 0 -14"><span class='ocrx_word' id='word_1_117' title='bbox 108 1449 285 1493; x_wconf 85' lang='lat' dir='ltr'>Sanctos</span> <span class='ocrx_word' id='word_1_118' title='bbox 305 1462 347 1493; x_wconf 91' lang='lat' dir='ltr'>et</span> <span class='ocrx_word' id='word_1_119' title='bbox 374 1450 564 1502; x_wconf 86' lang='lat' dir='ltr'>Sanctas,</span> <span class='ocrx_word' id='word_1_120' title='bbox 591 1450 776 1493; x_wconf 87' lang='lat' dir='ltr'>veniunt</span> <span class='ocrx_word' id='word_1_121' title='bbox 800 1466 822 1493; x_wconf 91' lang='lat' dir='ltr'>a</span> <span class='ocrx_word' id='word_1_122' title='bbox 847 1450 940 1493; x_wconf 92' lang='lat' dir='ltr'>Deo</span> <span class='ocrx_word' id='word_1_123' title='bbox 965 1463 1006 1493; x_wconf 90' lang='lat' dir='ltr'>et</span> <span class='ocrx_word' id='word_1_124' title='bbox 1033 1466 1083 1493; x_wconf 86' lang='lat' dir='ltr'>ex</span> <span class='ocrx_word' id='word_1_125' title='bbox 1110 1451 1200 1505; x_wconf 83' lang='lat' dir='ltr'>ejus</span> <span class='ocrx_word' id='word_1_126' title='bbox 1230 1447 1529 1502; x_wconf 80' lang='lat' dir='ltr'>ordinatione3</span> <span class='ocrx_word' id='word_1_127' title='bbox 1559 1462 1599 1492; x_wconf 83' lang='lat' dir='ltr'>et</span> <span class='ocrx_word' id='word_1_128' title='bbox 1630 1464 1752 1506; x_wconf 84' lang='lat' dir='ltr'>aeque</span> 
     </span>
     <span class='ocr_line' id='line_1_16' title="bbox 109 1531 1756 1590; baseline 0 -14"><span class='ocrx_word' id='word_1_129' title='bbox 109 1531 289 1576; x_wconf 88' lang='lat' dir='ltr'>firmiter</span> <span class='ocrx_word' id='word_1_130' title='bbox 334 1533 415 1577; x_wconf 90' lang='lat' dir='ltr'>hoc</span> <span class='ocrx_word' id='word_1_131' title='bbox 459 1533 608 1587; x_wconf 85' lang='lat' dir='ltr'>credit,</span> <span class='ocrx_word' id='word_1_132' title='bbox 652 1534 761 1577; x_wconf 88' lang='lat' dir='ltr'>sicut</span> <span class='ocrx_word' id='word_1_133' title='bbox 801 1532 933 1576; x_wconf 89' lang='lat' dir='ltr'>fidem</span> <span class='ocrx_word' id='word_1_134' title='bbox 966 1532 1246 1576; x_wconf 84' lang='lat' dir='ltr'>christianam</span> <span class='ocrx_word' id='word_1_135' title='bbox 1288 1544 1330 1576; x_wconf 92' lang='lat' dir='ltr'>et</span> <span class='ocrx_word' id='word_1_136' title='bbox 1373 1531 1492 1590; x_wconf 93' lang='lat' dir='ltr'>quod</span> <span class='ocrx_word' id='word_1_137' title='bbox 1535 1533 1756 1576; x_wconf 87' lang='lat' dir='ltr'>Dominus</span> 
     </span>
     <span class='ocr_line' id='line_1_17' title="bbox 110 1614 1753 1675; baseline -0.001 -16"><span class='ocrx_word' id='word_1_138' title='bbox 110 1629 254 1661; x_wconf 89' lang='lat' dir='ltr'>noster</span> <span class='ocrx_word' id='word_1_139' title='bbox 272 1617 427 1673; x_wconf 86' lang='lat' dir='ltr'>Jhesus</span> <span class='ocrx_word' id='word_1_140' title='bbox 454 1616 658 1660; x_wconf 87' lang='lat' dir='ltr'>Christus</span> <span class='ocrx_word' id='word_1_141' title='bbox 680 1633 825 1675; x_wconf 87' lang='lat' dir='ltr'>passus</span> <span class='ocrx_word' id='word_1_142' title='bbox 855 1616 936 1660; x_wconf 89' lang='lat' dir='ltr'>fuit</span> <span class='ocrx_word' id='word_1_143' title='bbox 965 1629 1152 1660; x_wconf 88' lang='lat' dir='ltr'>mortem</span> <span class='ocrx_word' id='word_1_144' title='bbox 1179 1631 1254 1674; x_wconf 89' lang='lat' dir='ltr'>pro</span> <span class='ocrx_word' id='word_1_145' title='bbox 1283 1615 1435 1669; x_wconf 79' lang='lat' dir='ltr'>nobis3</span> <span class='ocrx_word' id='word_1_146' title='bbox 1475 1614 1753 1672; x_wconf 79' lang='lat' dir='ltr'>adjungendo</span> 
     </span>
     <span class='ocr_line' id='line_1_18' title="bbox 107 1699 1753 1759; baseline -0.001 -15"><span class='ocrx_word' id='word_1_147' title='bbox 107 1699 244 1758; x_wconf 89' lang='lat' dir='ltr'>quod,</span> <span class='ocrx_word' id='word_1_148' title='bbox 286 1701 319 1744; x_wconf 87' lang='lat' dir='ltr'>si</span> <span class='ocrx_word' id='word_1_149' title='bbox 366 1701 582 1758; x_wconf 84' lang='lat' dir='ltr'>malignus</span> <span class='ocrx_word' id='word_1_150' title='bbox 626 1701 801 1759; x_wconf 84' lang='lat' dir='ltr'>spiritus</span> <span class='ocrx_word' id='word_1_151' title='bbox 855 1702 892 1744; x_wconf 89' lang='lat' dir='ltr'>ei</span> <span class='ocrx_word' id='word_1_152' title='bbox 929 1713 1165 1758; x_wconf 81' lang='lat' dir='ltr'>appareret,</span> <span class='ocrx_word' id='word_1_153' title='bbox 1215 1701 1290 1758; x_wconf 89' lang='lat' dir='ltr'>qui</span> <span class='ocrx_word' id='word_1_154' title='bbox 1339 1715 1382 1742; x_wconf 85' lang='lat' dir='ltr'>se</span> <span class='ocrx_word' id='word_1_155' title='bbox 1421 1715 1508 1743; x_wconf 84' lang='lat' dir='ltr'>esse</span> <span class='ocrx_word' id='word_1_156' title='bbox 1554 1712 1753 1743; x_wconf 87' lang='lat' dir='ltr'>sanctum</span> 
     </span>
     <span class='ocr_line' id='line_1_19' title="bbox 110 1783 1748 1843; baseline -0.002 -15"><span class='ocrx_word' id='word_1_157' title='bbox 110 1783 370 1828; x_wconf 87' lang='lat' dir='ltr'>Michaelem</span> <span class='ocrx_word' id='word_1_158' title='bbox 397 1784 592 1843; x_wconf 84' lang='lat' dir='ltr'>fingeret,</span> <span class='ocrx_word' id='word_1_159' title='bbox 638 1786 725 1843; x_wconf 84' lang='lat' dir='ltr'>ipsa</span> <span class='ocrx_word' id='word_1_160' title='bbox 754 1784 860 1828; x_wconf 90' lang='lat' dir='ltr'>bene</span> <span class='ocrx_word' id='word_1_161' title='bbox 890 1786 1013 1828; x_wconf 89' lang='lat' dir='ltr'>sciret</span> <span class='ocrx_word' id='word_1_162' title='bbox 1055 1783 1294 1828; x_wconf 88' lang='lat' dir='ltr'>discernere</span> <span class='ocrx_word' id='word_1_163' title='bbox 1328 1799 1380 1826; x_wconf 88' lang='lat' dir='ltr'>an</span> <span class='ocrx_word' id='word_1_164' title='bbox 1424 1797 1532 1826; x_wconf 87' lang='lat' dir='ltr'>esset</span> <span class='ocrx_word' id='word_1_165' title='bbox 1576 1797 1748 1826; x_wconf 86' lang='lat' dir='ltr'>sanctus</span> 
     </span>
     <span class='ocr_line' id='line_1_20' title="bbox 107 1865 1750 1926; baseline -0.001 -15"><span class='ocrx_word' id='word_1_166' title='bbox 107 1868 306 1922; x_wconf 87' lang='lat' dir='ltr'>Michael,</span> <span class='ocrx_word' id='word_1_167' title='bbox 339 1885 391 1912; x_wconf 87' lang='lat' dir='ltr'>an</span> <span class='ocrx_word' id='word_1_168' title='bbox 415 1877 423 1893; x_wconf 86' lang='lat'>¹</span> <span class='ocrx_word' id='word_1_169' title='bbox 449 1885 555 1912; x_wconf 90' lang='lat' dir='ltr'>non.</span> <span class='ocrx_word' id='word_1_170' title='bbox 588 1869 705 1912; x_wconf 90' lang='lat' dir='ltr'>Dicit</span> <span class='ocrx_word' id='word_1_171' title='bbox 727 1870 856 1912; x_wconf 90' lang='lat' dir='ltr'>etiam</span> <span class='ocrx_word' id='word_1_172' title='bbox 885 1867 1035 1912; x_wconf 87' lang='lat' dir='ltr'>eadem</span> <span class='ocrx_word' id='word_1_173' title='bbox 1060 1867 1242 1911; x_wconf 87' lang='lat' dir='ltr'>foemina</span> <span class='ocrx_word' id='word_1_174' title='bbox 1263 1866 1398 1926; x_wconf 89' lang='lat' dir='ltr'>quod,</span> <span class='ocrx_word' id='word_1_175' title='bbox 1423 1865 1475 1910; x_wconf 87' lang='lat' dir='ltr'>ad</span> <span class='ocrx_word' id='word_1_176' title='bbox 1495 1867 1750 1925; x_wconf 88' lang='lat' dir='ltr'>petitionem</span> 
     </span>
     <span class='ocr_line' id='line_1_21' title="bbox 105 1950 1754 2011; baseline -0.002 -15"><span class='ocrx_word' id='word_1_177' title='bbox 105 1969 244 2006; x_wconf 86' lang='lat' dir='ltr'>suam,</span> <span class='ocrx_word' id='word_1_178' title='bbox 273 1952 396 1996; x_wconf 93' lang='lat' dir='ltr'>nullo</span> <span class='ocrx_word' id='word_1_179' title='bbox 444 1953 528 1996; x_wconf 86' lang='lat' dir='ltr'>alio</span> <span class='ocrx_word' id='word_1_180' title='bbox 569 1952 857 2011; x_wconf 90' lang='lat' dir='ltr'>compellente</span> <span class='ocrx_word' id='word_1_181' title='bbox 882 1965 955 1996; x_wconf 89' lang='lat' dir='ltr'>aut</span> <span class='ocrx_word' id='word_1_182' title='bbox 983 1952 1246 2009; x_wconf 88' lang='lat' dir='ltr'>requirente,</span> <span class='ocrx_word' id='word_1_183' title='bbox 1276 1952 1365 2009; x_wconf 86' lang='lat' dir='ltr'>ipsa</span> <span class='ocrx_word' id='word_1_184' title='bbox 1406 1951 1560 2007; x_wconf 83' lang='lat' dir='ltr'>juravit</span> <span class='ocrx_word' id='word_1_185' title='bbox 1597 1950 1754 1994; x_wconf 85' lang='lat' dir='ltr'>sanctis</span> 
     </span>
     <span class='ocr_line' id='line_1_22' title="bbox 106 2032 1751 2094; baseline -0.002 -14"><span class='ocrx_word' id='word_1_186' title='bbox 106 2037 353 2081; x_wconf 81' lang='lat' dir='ltr'>Katharinae</span> <span class='ocrx_word' id='word_1_187' title='bbox 381 2049 423 2080; x_wconf 85' lang='lat' dir='ltr'>et</span> <span class='ocrx_word' id='word_1_188' title='bbox 451 2037 703 2094; x_wconf 81' lang='lat' dir='ltr'>Margaretae</span> <span class='ocrx_word' id='word_1_189' title='bbox 748 2052 845 2094; x_wconf 86' lang='lat' dir='ltr'>quae</span> <span class='ocrx_word' id='word_1_190' title='bbox 890 2035 969 2079; x_wconf 89' lang='lat' dir='ltr'>sibi</span> <span class='ocrx_word' id='word_1_191' title='bbox 1015 2048 1218 2094; x_wconf 89' lang='lat' dir='ltr'>apparent</span> <span class='ocrx_word' id='word_1_192' title='bbox 1257 2033 1375 2093; x_wconf 89' lang='lat' dir='ltr'>quod</span> <span class='ocrx_word' id='word_1_193' title='bbox 1417 2049 1505 2077; x_wconf 90' lang='lat' dir='ltr'>non</span> <span class='ocrx_word' id='word_1_194' title='bbox 1547 2032 1751 2077; x_wconf 84' lang='lat' dir='ltr'>revelaret</span> 
     </span>
     <span class='ocr_line' id='line_1_23' title="bbox 106 2115 1744 2179; baseline -0.003 -15"><span class='ocrx_word' id='word_1_195' title='bbox 106 2122 280 2178; x_wconf 83' lang='lat' dir='ltr'>signum</span> <span class='ocrx_word' id='word_1_196' title='bbox 309 2136 482 2164; x_wconf 81' lang='lat' dir='ltr'>coronae</span> <span class='ocrx_word' id='word_1_197' title='bbox 522 2119 641 2179; x_wconf 87' lang='lat' dir='ltr'>quod</span> <span class='ocrx_word' id='word_1_198' title='bbox 681 2133 767 2164; x_wconf 92' lang='lat' dir='ltr'>erat</span> <span class='ocrx_word' id='word_1_199' title='bbox 798 2119 992 2163; x_wconf 85' lang='lat' dir='ltr'>dandum</span> <span class='ocrx_word' id='word_1_200' title='bbox 1021 2120 1201 2177; x_wconf 88' lang='lat' dir='ltr'>principi</span> <span class='ocrx_word' id='word_1_201' title='bbox 1229 2117 1279 2162; x_wconf 87' lang='lat' dir='ltr'>ad</span> <span class='ocrx_word' id='word_1_202' title='bbox 1319 2133 1450 2176; x_wconf 89' lang='lat' dir='ltr'>quem</span> <span class='ocrx_word' id='word_1_203' title='bbox 1477 2115 1744 2160; x_wconf 81' lang='lat' dir='ltr'>mittebatur.</span> 
     </span>
     <span class='ocr_line' id='line_1_24' title="bbox 106 2200 1657 2262; baseline -0.003 -15"><span class='ocrx_word' id='word_1_204' title='bbox 106 2205 156 2247; x_wconf 88' lang='lat' dir='ltr'>Et</span> <span class='ocrx_word' id='word_1_205' title='bbox 179 2205 221 2247; x_wconf 87' lang='lat' dir='ltr'>in</span> <span class='ocrx_word' id='word_1_206' title='bbox 246 2204 332 2248; x_wconf 82' lang='lat' dir='ltr'>fine</span> <span class='ocrx_word' id='word_1_207' title='bbox 353 2203 456 2248; x_wconf 84' lang='lat' dir='ltr'>dicit</span> <span class='ocrx_word' id='word_1_208' title='bbox 478 2212 490 2229; x_wconf 82' lang='lat'><strong>²</strong></span> <span class='ocrx_word' id='word_1_209' title='bbox 519 2203 638 2262; x_wconf 89' lang='lat' dir='ltr'>quod</span> <span class='ocrx_word' id='word_1_210' title='bbox 667 2221 686 2244; x_wconf 88' lang='lat'>«</span> <span class='ocrx_word' id='word_1_211' title='bbox 724 2204 805 2247; x_wconf 88' lang='lat' dir='ltr'>nisi</span> <span class='ocrx_word' id='word_1_212' title='bbox 820 2203 993 2247; x_wconf 83' lang='lat' dir='ltr'>haberet</span> <span class='ocrx_word' id='word_1_213' title='bbox 1016 2203 1232 2247; x_wconf 86' lang='lat' dir='ltr'>licentiam</span> <span class='ocrx_word' id='word_1_214' title='bbox 1258 2201 1309 2245; x_wconf 94' lang='lat' dir='ltr'>de</span> <span class='ocrx_word' id='word_1_215' title='bbox 1326 2200 1555 2244; x_wconf 84' lang='lat' dir='ltr'>revelando</span> <span class='ocrx_word' id='word_1_216' title='bbox 1584 2207 1592 2230; x_wconf 79' lang='lat'><em>³</em></span> <span class='ocrx_word' id='word_1_217' title='bbox 1620 2217 1657 2243; x_wconf 72' lang='lat'>³).</span> 
     </span>
    </p>
   </div>
   <div class='ocr_carea' id='block_1_4' title="bbox 884 2378 963 2420">
    <p class='ocr_par' dir='ltr' id='par_1_4' title="bbox 884 2378 963 2420">
     <span class='ocr_line' id='line_1_25' title="bbox 884 2378 963 2420; baseline -0.013 0"><span class='ocrx_word' id='word_1_218' title='bbox 884 2378 963 2420; x_wconf 82' lang='lat' dir='ltr'>XII</span> 
     </span>
    </p>
   </div>
   <div class='ocr_carea' id='block_1_5' title="bbox 101 2487 1748 2800">
    <p class='ocr_par' dir='ltr' id='par_1_5' title="bbox 101 2487 1748 2800">
     <span class='ocr_line' id='line_1_26' title="bbox 165 2487 1747 2547; baseline -0.003 -13"><span class='ocrx_word' id='word_1_219' title='bbox 165 2508 184 2531; x_wconf 91' lang='lat'>«</span> <span class='ocrx_word' id='word_1_220' title='bbox 215 2492 339 2545; x_wconf 75' lang='lat' dir='ltr'>ITEM,</span> <span class='ocrx_word' id='word_1_221' title='bbox 364 2490 487 2535; x_wconf 71' lang='lat' dir='ltr'>dictse</span> <span class='ocrx_word' id='word_1_222' title='bbox 511 2490 694 2534; x_wconf 84' lang='lat' dir='ltr'>foemina</span> <span class='ocrx_word' id='word_1_223' title='bbox 721 2489 825 2534; x_wconf 88' lang='lat' dir='ltr'>dicit</span> <span class='ocrx_word' id='word_1_224' title='bbox 856 2503 896 2533; x_wconf 86' lang='lat' dir='ltr'>et</span> <span class='ocrx_word' id='word_1_225' title='bbox 924 2489 1159 2533; x_wconf 85' lang='lat' dir='ltr'>confitetur</span> <span class='ocrx_word' id='word_1_226' title='bbox 1202 2487 1337 2547; x_wconf 89' lang='lat' dir='ltr'>quod,</span> <span class='ocrx_word' id='word_1_227' title='bbox 1355 2490 1387 2531; x_wconf 88' lang='lat' dir='ltr'>si</span> <span class='ocrx_word' id='word_1_228' title='bbox 1417 2488 1598 2531; x_wconf 83' lang='lat' dir='ltr'>Ecclesia</span> <span class='ocrx_word' id='word_1_229' title='bbox 1621 2487 1747 2530; x_wconf 80' lang='lat' dir='ltr'>vellet</span> 
     </span>
     <span class='ocr_line' id='line_1_27' title="bbox 102 2570 1746 2633; baseline -0.003 -15"><span class='ocrx_word' id='word_1_230' title='bbox 102 2573 219 2633; x_wconf 88' lang='lat' dir='ltr'>quod</span> <span class='ocrx_word' id='word_1_231' title='bbox 250 2576 336 2632; x_wconf 83' lang='lat' dir='ltr'>ipsa</span> <span class='ocrx_word' id='word_1_232' title='bbox 363 2574 515 2618; x_wconf 89' lang='lat' dir='ltr'>faceret</span> <span class='ocrx_word' id='word_1_233' title='bbox 552 2573 713 2632; x_wconf 88' lang='lat' dir='ltr'>aliquid</span> <span class='ocrx_word' id='word_1_234' title='bbox 751 2575 1018 2617; x_wconf 84' lang='lat' dir='ltr'>contrarium</span> <span class='ocrx_word' id='word_1_235' title='bbox 1059 2572 1146 2616; x_wconf 77' lang='lat' dir='ltr'>de4</span> <span class='ocrx_word' id='word_1_236' title='bbox 1187 2584 1400 2630; x_wconf 64' lang='lat' dir='ltr'>praecepto</span> <span class='ocrx_word' id='word_1_237' title='bbox 1443 2570 1561 2629; x_wconf 88' lang='lat' dir='ltr'>quod</span> <span class='ocrx_word' id='word_1_238' title='bbox 1607 2570 1746 2614; x_wconf 75' lang='lat' dir='ltr'>dicit³</span> 
     </span>
     <span class='ocr_line' id='line_1_28' title="bbox 101 2655 1745 2715; baseline -0.002 -14"><span class='ocrx_word' id='word_1_239' title='bbox 101 2657 179 2701; x_wconf 90' lang='lat' dir='ltr'>sibi</span> <span class='ocrx_word' id='word_1_240' title='bbox 201 2657 331 2702; x_wconf 88' lang='lat' dir='ltr'>fuisse</span> <span class='ocrx_word' id='word_1_241' title='bbox 355 2657 519 2701; x_wconf 86' lang='lat' dir='ltr'>factum</span> <span class='ocrx_word' id='word_1_242' title='bbox 550 2674 571 2701; x_wconf 91' lang='lat' dir='ltr'>a</span> <span class='ocrx_word' id='word_1_243' title='bbox 593 2658 705 2711; x_wconf 88' lang='lat' dir='ltr'>Deo,</span> <span class='ocrx_word' id='word_1_244' title='bbox 730 2659 817 2715; x_wconf 89' lang='lat' dir='ltr'>ipsa</span> <span class='ocrx_word' id='word_1_245' title='bbox 843 2673 931 2700; x_wconf 88' lang='lat' dir='ltr'>non</span> <span class='ocrx_word' id='word_1_246' title='bbox 958 2656 1112 2700; x_wconf 89' lang='lat' dir='ltr'>faceret</span> <span class='ocrx_word' id='word_1_247' title='bbox 1136 2655 1241 2699; x_wconf 90' lang='lat' dir='ltr'>illud</span> <span class='ocrx_word' id='word_1_248' title='bbox 1269 2671 1344 2713; x_wconf 91' lang='lat' dir='ltr'>pro</span> <span class='ocrx_word' id='word_1_249' title='bbox 1375 2671 1652 2713; x_wconf 85' lang='lat' dir='ltr'>quacumque</span> <span class='ocrx_word' id='word_1_250' title='bbox 1681 2670 1745 2707; x_wconf 84' lang='lat' dir='ltr'>re;</span> 
     </span>
     <span class='ocr_line' id='line_1_29' title="bbox 104 2739 1748 2800; baseline -0.002 -16"><span class='ocrx_word' id='word_1_251' title='bbox 104 2740 361 2785; x_wconf 85' lang='lat' dir='ltr'>affirmando</span> <span class='ocrx_word' id='word_1_252' title='bbox 389 2741 507 2800; x_wconf 91' lang='lat' dir='ltr'>quod</span> <span class='ocrx_word' id='word_1_253' title='bbox 531 2742 618 2799; x_wconf 89' lang='lat' dir='ltr'>ipsa</span> <span class='ocrx_word' id='word_1_254' title='bbox 644 2740 750 2784; x_wconf 90' lang='lat' dir='ltr'>bene</span> <span class='ocrx_word' id='word_1_255' title='bbox 788 2742 864 2785; x_wconf 88' lang='lat' dir='ltr'>scit</span> <span class='ocrx_word' id='word_1_256' title='bbox 892 2739 1010 2799; x_wconf 87' lang='lat' dir='ltr'>quod</span> <span class='ocrx_word' id='word_1_257' title='bbox 1047 2756 1093 2783; x_wconf 90' lang='lat' dir='ltr'>ea</span> <span class='ocrx_word' id='word_1_258' title='bbox 1131 2756 1228 2798; x_wconf 74' lang='lat' dir='ltr'>quae</span> <span class='ocrx_word' id='word_1_259' title='bbox 1267 2740 1548 2783; x_wconf 89' lang='lat' dir='ltr'>continentur</span> <span class='ocrx_word' id='word_1_260' title='bbox 1592 2739 1634 2780; x_wconf 90' lang='lat' dir='ltr'>in</span> <span class='ocrx_word' id='word_1_261' title='bbox 1669 2754 1748 2781; x_wconf 82' lang='lat' dir='ltr'>suo</span> 
     </span>
    </p>
   </div>
   <div class='ocr_carea' id='block_1_6' title="bbox 105 2821 1748 2882">
    <p class='ocr_par' dir='ltr' id='par_1_6' title="bbox 105 2821 1748 2882">
     <span class='ocr_line' id='line_1_30' title="bbox 105 2821 1748 2882; baseline -0.003 -14"><span class='ocrx_word' id='word_1_262' title='bbox 105 2840 302 2882; x_wconf 82' lang='lat' dir='ltr'>processu</span> <span class='ocrx_word' id='word_1_263' title='bbox 328 2827 511 2868; x_wconf 75' lang='lat' dir='ltr'>veniunt</span> <span class='ocrx_word' id='word_1_264' title='bbox 532 2840 605 2882; x_wconf 92' lang='lat' dir='ltr'>per</span> <span class='ocrx_word' id='word_1_265' title='bbox 639 2838 902 2882; x_wconf 68' lang='lat' dir='ltr'>praeceptum</span> <span class='ocrx_word' id='word_1_266' title='bbox 938 2825 1034 2873; x_wconf 90' lang='lat' dir='ltr'>Dei,</span> <span class='ocrx_word' id='word_1_267' title='bbox 1064 2822 1269 2881; x_wconf 87' lang='lat' dir='ltr'>quodque</span> <span class='ocrx_word' id='word_1_268' title='bbox 1290 2821 1431 2866; x_wconf 88' lang='lat' dir='ltr'>eidem</span> <span class='ocrx_word' id='word_1_269' title='bbox 1453 2834 1560 2865; x_wconf 86' lang='lat' dir='ltr'>esset</span> <span class='ocrx_word' id='word_1_270' title='bbox 1582 2823 1748 2879; x_wconf 88' lang='lat' dir='ltr'>impos—</span> 
     </span>
    </p>
   </div>
   <div class='ocr_carea' id='block_1_7' title="bbox 117 2930 1729 2943">
    <p class='ocr_par' dir='ltr' id='par_1_7' title="bbox 117 2930 1729 2943">
     <span class='ocr_line' id='line_1_31' title="bbox 117 2930 1729 2943; baseline 0 0"><span class='ocrx_word' id='word_1_271' title='bbox 117 2930 1729 2943; x_wconf 95' lang='lat' dir='ltr'> </span> 
     </span>
    </p>
   </div>
   <div class='ocr_carea' id='block_1_8' title="bbox 102 2998 1742 3106">
    <p class='ocr_par' dir='ltr' id='par_1_8' title="bbox 102 2998 1742 3106">
     <span class='ocr_line' id='line_1_32' title="bbox 154 2998 1733 3047; baseline -0.001 -12"><span class='ocrx_word' id='word_1_272' title='bbox 154 3012 182 3035; x_wconf 90' lang='lat'>1.</span> <span class='ocrx_word' id='word_1_273' title='bbox 201 3001 231 3036; x_wconf 92' lang='lat' dir='ltr'>C</span> <span class='ocrx_word' id='word_1_274' title='bbox 249 3007 340 3036; x_wconf 46' lang='lat' dir='ltr'>:aab</span> <span class='ocrx_word' id='word_1_275' title='bbox 358 3022 404 3026; x_wconf 82' lang='lat'>-—</span> <span class='ocrx_word' id='word_1_276' title='bbox 422 3011 454 3035; x_wconf 86' lang='lat'>2.</span> <span class='ocrx_word' id='word_1_277' title='bbox 470 3001 500 3036; x_wconf 89' lang='lat' dir='ltr'><strong><em>C</em></strong></span> <span class='ocrx_word' id='word_1_278' title='bbox 521 3013 530 3034; x_wconf 92' lang='lat'>.·</span> <span class='ocrx_word' id='word_1_279' title='bbox 551 3001 653 3035; x_wconf 72' lang='lat' dir='ltr'>dixit.</span> <span class='ocrx_word' id='word_1_280' title='bbox 669 3022 713 3026; x_wconf 92' lang='lat'>-——</span> <span class='ocrx_word' id='word_1_281' title='bbox 732 3011 762 3045; x_wconf 82' lang='lat'>3.</span> <span class='ocrx_word' id='word_1_282' title='bbox 782 3001 886 3047; x_wconf 73' lang='lat' dir='ltr'>Super</span> <span class='ocrx_word' id='word_1_283' title='bbox 899 3001 1035 3042; x_wconf 73' lang='lat' dir='ltr'>decimo,</span> <span class='ocrx_word' id='word_1_284' title='bbox 1056 3000 1180 3045; x_wconf 82' lang='lat' dir='ltr'>insine</span> <span class='ocrx_word' id='word_1_285' title='bbox 1195 2999 1281 3033; x_wconf 67' lang='lat' dir='ltr'>dehet</span> <span class='ocrx_word' id='word_1_286' title='bbox 1294 2999 1373 3033; x_wconf 64' lang='lat' dir='ltr'>addi</span> <span class='ocrx_word' id='word_1_287' title='bbox 1393 3011 1403 3033; x_wconf 91' lang='grc'>.·</span> <span class='ocrx_word' id='word_1_288' title='bbox 1418 3013 1435 3030; x_wconf 82' lang='lat'>‹&lt;</span> <span class='ocrx_word' id='word_1_289' title='bbox 1448 2999 1491 3032; x_wconf 79' lang='lat' dir='ltr'>Et</span> <span class='ocrx_word' id='word_1_290' title='bbox 1514 2998 1637 3044; x_wconf 73' lang='lat' dir='ltr'>infime</span> <span class='ocrx_word' id='word_1_291' title='bbox 1656 2999 1733 3034; x_wconf 77' lang='lat' dir='ltr'>dixi</span> 
     </span>
     <span class='ocr_line' id='line_1_33' title="bbox 102 3058 1742 3106; baseline 0.001 -15"><span class='ocrx_word' id='word_1_292' title='bbox 102 3061 170 3093; x_wconf 77' lang='lat' dir='ltr'>nisi</span> <span class='ocrx_word' id='word_1_293' title='bbox 188 3061 243 3094; x_wconf 74' lang='lat' dir='ltr'>nlu&#39;</span> <span class='ocrx_word' id='word_1_294' title='bbox 262 3065 339 3094; x_wconf 58' lang='lat' dir='ltr'>estet</span> <span class='ocrx_word' id='word_1_295' title='bbox 366 3060 467 3094; x_wconf 69' lang='lat' dir='ltr'>eidem</span> <span class='ocrx_word' id='word_1_296' title='bbox 485 3073 524 3094; x_wconf 66' lang='lat' dir='ltr'>ex</span> <span class='ocrx_word' id='word_1_297' title='bbox 540 3065 634 3106; x_wconf 73' lang='lat' dir='ltr'>parte</span> <span class='ocrx_word' id='word_1_298' title='bbox 650 3060 718 3094; x_wconf 76' lang='lat' dir='ltr'>Dei</span> <span class='ocrx_word' id='word_1_299' title='bbox 732 3061 951 3094; x_wconf 72' lang='lat' dir='ltr'>reveltllum.»</span> <span class='ocrx_word' id='word_1_300' title='bbox 973 3081 1013 3084; x_wconf 96' lang='lat'><strong>—</strong></span> <span class='ocrx_word' id='word_1_301' title='bbox 1030 3070 1064 3102; x_wconf 78' lang='grc'>4.</span> <span class='ocrx_word' id='word_1_302' title='bbox 1088 3058 1156 3094; x_wconf 82' lang='lat' dir='ltr'>AC</span> <span class='ocrx_word' id='word_1_303' title='bbox 1175 3067 1351 3093; x_wconf 82' lang='lat' dir='ltr'>omettent</span> <span class='ocrx_word' id='word_1_304' title='bbox 1370 3058 1418 3092; x_wconf 69' lang='lat' dir='ltr'>de.</span> <span class='ocrx_word' id='word_1_305' title='bbox 1443 3080 1485 3084; x_wconf 85' lang='lat'>-</span> <span class='ocrx_word' id='word_1_306' title='bbox 1512 3070 1540 3099; x_wconf 80' lang='lat'>5.</span> <span class='ocrx_word' id='word_1_307' title='bbox 1563 3059 1593 3093; x_wconf 89' lang='lat' dir='ltr'>C</span> <span class='ocrx_word' id='word_1_308' title='bbox 1612 3073 1620 3093; x_wconf 90' lang='lat'><em>:</em></span> <span class='ocrx_word' id='word_1_309' title='bbox 1642 3060 1742 3093; x_wconf 59' lang='lat' dir='ltr'>dixis.</span> 
     </span>
    </p>
   </div>
  </div>
 </body>
</html>
