<?xml version="1.0" encoding="UTF-8"?>
<!DOCTYPE html PUBLIC "-//W3C//DTD XHTML 1.0 Transitional//EN"
    "http://www.w3.org/TR/xhtml1/DTD/xhtml1-transitional.dtd">
<html xmlns="http://www.w3.org/1999/xhtml" xml:lang="en" lang="en">
 <head>
  <title>
</title>
<meta http-equiv="Content-Type" content="text/html;charset=utf-8" />
  <meta name='ocr-system' content='tesseract 3.04.00' />
  <meta name='ocr-capabilities' content='ocr_page ocr_carea ocr_par ocr_line ocrx_word'/>
</head>
<body>
  <div class='ocr_page' id='page_1' title='image "./procsdecondamn01cham/procsdecondamn01cham_0122.png"; bbox 0 0 2099 3356; ppageno 0'>
   <div class='ocr_carea' id='block_1_1' title="bbox 272 178 1694 242">
    <p class='ocr_par' dir='ltr' id='par_1_1' title="bbox 272 178 1694 242">
     <span class='ocr_line' id='line_1_1' title="bbox 272 178 1694 242; baseline 0.002 -14"><span class='ocrx_word' id='word_1_1' title='bbox 272 178 276 181; x_wconf 82' lang='lat'>.</span> <span class='ocrx_word' id='word_1_2' title='bbox 335 198 389 240; x_wconf 87' lang='lat'><strong>72</strong></span> <span class='ocrx_word' id='word_1_3' title='bbox 615 184 772 227; x_wconf 62' lang='lat' dir='ltr'><strong>PRocizs</strong></span> <span class='ocrx_word' id='word_1_4' title='bbox 804 199 862 227; x_wconf 84' lang='lat' dir='ltr'><strong>DE</strong></span> <span class='ocrx_word' id='word_1_5' title='bbox 893 198 1239 229; x_wconf 79' lang='lat' dir='ltr'><strong>coNDAMNATION</strong></span> <span class='ocrx_word' id='word_1_6' title='bbox 1273 199 1330 229; x_wconf 84' lang='lat' dir='ltr'><strong>DE</strong></span> <span class='ocrx_word' id='word_1_7' title='bbox 1360 201 1526 242; x_wconf 84' lang='lat' dir='ltr'>JEANNE</span> <span class='ocrx_word' id='word_1_8' title='bbox 1562 187 1694 231; x_wconf 86' lang='lat' dir='ltr'>D’ARC</span> 
     </span>
    </p>
   </div>
   <div class='ocr_carea' id='block_1_2' title="bbox 333 297 1983 1779">
    <p class='ocr_par' dir='ltr' id='par_1_2' title="bbox 333 297 1975 607">
     <span class='ocr_line' id='line_1_2' title="bbox 390 297 1970 359; baseline 0.003 -18"><span class='ocrx_word' id='word_1_9' title='bbox 390 298 652 355; x_wconf 85' lang='lat' dir='ltr'>Interrogata</span> <span class='ocrx_word' id='word_1_10' title='bbox 683 313 736 340; x_wconf 89' lang='lat' dir='ltr'><strong>an</strong></span> <span class='ocrx_word' id='word_1_11' title='bbox 761 297 967 342; x_wconf 90' lang='lat' dir='ltr'><strong>dominus</strong></span> <span class='ocrx_word' id='word_1_12' title='bbox 994 297 1214 353; x_wconf 86' lang='lat' dir='ltr'><strong>Johannes</strong></span> <span class='ocrx_word' id='word_1_13' title='bbox 1241 297 1292 343; x_wconf 93' lang='lat' dir='ltr'><strong>de</strong></span> <span class='ocrx_word' id='word_1_14' title='bbox 1319 300 1477 359; x_wconf 77' lang='lat' dir='ltr'><strong>Pressy‚</strong></span> <span class='ocrx_word' id='word_1_15' title='bbox 1506 312 1547 344; x_wconf 95' lang='lat' dir='ltr'><strong>et</strong></span> <span class='ocrx_word' id='word_1_16' title='bbox 1573 300 1643 344; x_wconf 83' lang='lat' dir='ltr'><strong>alii</strong></span> <span class='ocrx_word' id='word_1_17' title='bbox 1676 299 1790 358; x_wconf 88' lang='lat' dir='ltr'><strong>apud</strong></span> <span class='ocrx_word' id='word_1_18' title='bbox 1830 302 1970 346; x_wconf 89' lang='lat' dir='ltr'><strong>Attre-</strong></span> 
     </span>
     <span class='ocr_line' id='line_1_3' title="bbox 333 381 1975 442; baseline 0.002 -17"><span class='ocrx_word' id='word_1_19' title='bbox 333 381 482 425; x_wconf 88' lang='lat' dir='ltr'><strong>batum</strong></span> <span class='ocrx_word' id='word_1_20' title='bbox 508 381 762 425; x_wconf 87' lang='lat' dir='ltr'><strong>obtulerunt</strong></span> <span class='ocrx_word' id='word_1_21' title='bbox 785 381 863 425; x_wconf 91' lang='lat' dir='ltr'><strong>sibi</strong></span> <span class='ocrx_word' id='word_1_22' title='bbox 891 394 1052 425; x_wconf 84' lang='lat' dir='ltr'><strong>vestem</strong></span> <span class='ocrx_word' id='word_1_23' title='bbox 1083 381 1340 426; x_wconf 82' lang='lat' dir='ltr'><strong>muliebrem</strong></span> <span class='ocrx_word' id='word_1_24' title='bbox 1374 400 1382 425; x_wconf 90' lang='lat'>:</span> <span class='ocrx_word' id='word_1_25' title='bbox 1425 382 1646 440; x_wconf 83' lang='lat' dir='ltr'>respondit</span> <span class='ocrx_word' id='word_1_26' title='bbox 1672 383 1791 442; x_wconf 91' lang='lat' dir='ltr'><strong>quod</strong></span> <span class='ocrx_word' id='word_1_27' title='bbox 1815 385 1904 442; x_wconf 90' lang='lat' dir='ltr'><strong>ipse</strong></span> <span class='ocrx_word' id='word_1_28' title='bbox 1932 397 1975 429; x_wconf 94' lang='lat' dir='ltr'><strong>et</strong></span> 
     </span>
     <span class='ocr_line' id='line_1_4' title="bbox 335 464 1975 524; baseline 0.002 -15"><span class='ocrx_word' id='word_1_29' title='bbox 335 467 403 510; x_wconf 90' lang='lat' dir='ltr'><strong>alii</strong></span> <span class='ocrx_word' id='word_1_30' title='bbox 432 465 573 524; x_wconf 89' lang='lat' dir='ltr'><strong>plures</strong></span> <span class='ocrx_word' id='word_1_31' title='bbox 600 464 856 509; x_wconf 82' lang='lat' dir='ltr'>multotiens</span> <span class='ocrx_word' id='word_1_32' title='bbox 891 466 1108 523; x_wconf 89' lang='lat' dir='ltr'><strong>petierunt</strong></span> <span class='ocrx_word' id='word_1_33' title='bbox 1133 464 1184 509; x_wconf 90' lang='lat' dir='ltr'><strong>ab</strong></span> <span class='ocrx_word' id='word_1_34' title='bbox 1222 482 1270 510; x_wconf 88' lang='lat' dir='ltr'><strong>ea</strong></span> <span class='ocrx_word' id='word_1_35' title='bbox 1302 478 1349 509; x_wconf 91' lang='lat' dir='ltr'><strong>ut</strong></span> <span class='ocrx_word' id='word_1_36' title='bbox 1384 466 1639 524; x_wconf 82' lang='lat' dir='ltr'><strong>hujusmodi</strong></span> <span class='ocrx_word' id='word_1_37' title='bbox 1675 480 1838 511; x_wconf 85' lang='lat' dir='ltr'><strong>vestem</strong></span> <span class='ocrx_word' id='word_1_38' title='bbox 1865 470 1975 512; x_wconf 85' lang='lat' dir='ltr'><strong>acci-</strong></span> 
     </span>
     <span class='ocr_line' id='line_1_5' title="bbox 336 562 473 607; baseline -0.007 -15"><span class='ocrx_word' id='word_1_39' title='bbox 336 562 473 607; x_wconf 86' lang='lat' dir='ltr'><strong>peret.</strong></span> 
     </span>
    </p>

    <p class='ocr_par' dir='ltr' id='par_1_3' title="bbox 335 630 1979 1191">
     <span class='ocr_line' id='line_1_6' title="bbox 393 630 1977 691; baseline 0.003 -17"><span class='ocrx_word' id='word_1_40' title='bbox 393 633 655 689; x_wconf 81' lang='lat' dir='ltr'>Interrogata</span> <span class='ocrx_word' id='word_1_41' title='bbox 678 644 829 675; x_wconf 90' lang='lat' dir='ltr'><strong>utrum</strong></span> <span class='ocrx_word' id='word_1_42' title='bbox 848 630 982 675; x_wconf 89' lang='lat' dir='ltr'><strong>credit</strong></span> <span class='ocrx_word' id='word_1_43' title='bbox 1002 630 1120 689; x_wconf 93' lang='lat' dir='ltr'><strong>quod</strong></span> <span class='ocrx_word' id='word_1_44' title='bbox 1150 633 1238 690; x_wconf 86' lang='lat' dir='ltr'><strong>ipsa</strong></span> <span class='ocrx_word' id='word_1_45' title='bbox 1264 631 1513 691; x_wconf 84' lang='lat' dir='ltr'><strong>deliquisset</strong></span> <span class='ocrx_word' id='word_1_46' title='bbox 1533 633 1600 677; x_wconf 86' lang='lat' dir='ltr'><strong>vel</strong></span> <span class='ocrx_word' id='word_1_47' title='bbox 1625 646 1836 691; x_wconf 85' lang='lat' dir='ltr'><strong>peccasset</strong></span> <span class='ocrx_word' id='word_1_48' title='bbox 1862 650 1977 678; x_wconf 92' lang='lat' dir='ltr'><strong>mor-</strong></span> 
     </span>
     <span class='ocr_line' id='line_1_7' title="bbox 335 713 1976 776; baseline 0.001 -16"><span class='ocrx_word' id='word_1_49' title='bbox 335 716 486 768; x_wconf 81' lang='lat' dir='ltr'><strong>taliter,</strong></span> <span class='ocrx_word' id='word_1_50' title='bbox 515 713 723 773; x_wconf 90' lang='lat' dir='ltr'><strong>capiendo</strong></span> <span class='ocrx_word' id='word_1_51' title='bbox 750 728 915 758; x_wconf 79' lang='lat' dir='ltr'><strong>vestem</strong></span> <span class='ocrx_word' id='word_1_52' title='bbox 955 714 1210 759; x_wconf 85' lang='lat' dir='ltr'><strong>muliebrem</strong></span> <span class='ocrx_word' id='word_1_53' title='bbox 1248 733 1255 759; x_wconf 89' lang='lat'>:</span> <span class='ocrx_word' id='word_1_54' title='bbox 1290 716 1509 774; x_wconf 85' lang='lat' dir='ltr'><strong>respondit</strong></span> <span class='ocrx_word' id='word_1_55' title='bbox 1540 716 1661 775; x_wconf 91' lang='lat' dir='ltr'><strong>quod</strong></span> <span class='ocrx_word' id='word_1_56' title='bbox 1692 717 1845 762; x_wconf 90' lang='lat' dir='ltr'><strong>melius</strong></span> <span class='ocrx_word' id='word_1_57' title='bbox 1874 720 1976 776; x_wconf 83' lang='lat' dir='ltr'><strong>agit,</strong></span> 
     </span>
     <span class='ocr_line' id='line_1_8' title="bbox 335 797 1977 857; baseline 0.001 -14"><span class='ocrx_word' id='word_1_58' title='bbox 335 798 578 843; x_wconf 90' lang='lat' dir='ltr'><strong>obediendo</strong></span> <span class='ocrx_word' id='word_1_59' title='bbox 601 811 642 842; x_wconf 90' lang='lat' dir='ltr'><strong>et</strong></span> <span class='ocrx_word' id='word_1_60' title='bbox 668 797 894 842; x_wconf 85' lang='lat' dir='ltr'><strong>serviendo</strong></span> <span class='ocrx_word' id='word_1_61' title='bbox 921 814 1000 842; x_wconf 91' lang='lat' dir='ltr'><strong>suo</strong></span> <span class='ocrx_word' id='word_1_62' title='bbox 1029 815 1234 857; x_wconf 89' lang='lat' dir='ltr'><strong>supremo</strong></span> <span class='ocrx_word' id='word_1_63' title='bbox 1262 798 1460 853; x_wconf 87' lang='lat' dir='ltr'><strong>domino,</strong></span> <span class='ocrx_word' id='word_1_64' title='bbox 1491 799 1689 845; x_wconf 88' lang='lat' dir='ltr'><strong>videlicet</strong></span> <span class='ocrx_word' id='word_1_65' title='bbox 1723 801 1833 845; x_wconf 91' lang='lat' dir='ltr'><strong>Deo.</strong></span> <span class='ocrx_word' id='word_1_66' title='bbox 1868 802 1977 845; x_wconf 87' lang='lat' dir='ltr'><strong>Item</strong></span> 
     </span>
     <span class='ocr_line' id='line_1_9' title="bbox 336 860 1979 941; baseline 0.001 -14"><span class='ocrx_word' id='word_1_67' title='bbox 336 883 442 927; x_wconf 84' lang='lat' dir='ltr'><strong>dixit</strong></span> <span class='ocrx_word' id='word_1_68' title='bbox 474 881 609 941; x_wconf 87' lang='lat' dir='ltr'><strong>quod,</strong></span> <span class='ocrx_word' id='word_1_69' title='bbox 639 883 672 925; x_wconf 89' lang='lat' dir='ltr'><strong>si</strong></span> <span class='ocrx_word' id='word_1_70' title='bbox 706 860 795 939; x_wconf 53' lang='lat' dir='ltr'><strong>iplsa</strong></span> <span class='ocrx_word' id='word_1_71' title='bbox 827 881 1040 926; x_wconf 88' lang='lat' dir='ltr'><strong>debuisset</strong></span> <span class='ocrx_word' id='word_1_72' title='bbox 1073 882 1325 940; x_wconf 81' lang='lat' dir='ltr'><strong>hujusmodi</strong></span> <span class='ocrx_word' id='word_1_73' title='bbox 1361 896 1524 927; x_wconf 86' lang='lat' dir='ltr'><strong>vestem</strong></span> <span class='ocrx_word' id='word_1_74' title='bbox 1565 883 1821 928; x_wconf 87' lang='lat' dir='ltr'><strong>muliebrem</strong></span> <span class='ocrx_word' id='word_1_75' title='bbox 1859 901 1979 928; x_wconf 87' lang='lat' dir='ltr'><strong>assu-</strong></span> 
     </span>
     <span class='ocr_line' id='line_1_10' title="bbox 337 965 1979 1025; baseline 0.001 -15"><span class='ocrx_word' id='word_1_76' title='bbox 337 983 468 1020; x_wconf 84' lang='lat' dir='ltr'><strong>mere,</strong></span> <span class='ocrx_word' id='word_1_77' title='bbox 511 968 599 1024; x_wconf 90' lang='lat' dir='ltr'><strong>ipsa</strong></span> <span class='ocrx_word' id='word_1_78' title='bbox 631 967 758 1010; x_wconf 90' lang='lat' dir='ltr'><strong>citius</strong></span> <span class='ocrx_word' id='word_1_79' title='bbox 798 966 879 1010; x_wconf 92' lang='lat' dir='ltr'><strong>hoc</strong></span> <span class='ocrx_word' id='word_1_80' title='bbox 911 965 1077 1010; x_wconf 83' lang='lat' dir='ltr'><strong>fecisset</strong></span> <span class='ocrx_word' id='word_1_81' title='bbox 1109 965 1159 1010; x_wconf 85' lang='lat' dir='ltr'><strong>ad</strong></span> <span class='ocrx_word' id='word_1_82' title='bbox 1199 980 1440 1025; x_wconf 84' lang='lat' dir='ltr'><strong>requestam</strong></span> <span class='ocrx_word' id='word_1_83' title='bbox 1477 967 1661 1011; x_wconf 88' lang='lat' dir='ltr'><strong>duarum</strong></span> <span class='ocrx_word' id='word_1_84' title='bbox 1700 967 1979 1012; x_wconf 87' lang='lat' dir='ltr'><strong>dominarum</strong></span> 
     </span>
     <span class='ocr_line' id='line_1_11' title="bbox 337 1049 1976 1108; baseline 0.001 -15"><span class='ocrx_word' id='word_1_85' title='bbox 337 1049 650 1108; x_wconf 83' lang='lat' dir='ltr'><strong>praedictarum‚</strong></span> <span class='ocrx_word' id='word_1_86' title='bbox 694 1066 826 1108; x_wconf 88' lang='lat' dir='ltr'><strong>quam</strong></span> <span class='ocrx_word' id='word_1_87' title='bbox 862 1050 1041 1094; x_wconf 88' lang='lat' dir='ltr'><strong>aliarum</strong></span> <span class='ocrx_word' id='word_1_88' title='bbox 1087 1049 1364 1095; x_wconf 86' lang='lat' dir='ltr'><strong>dominarum</strong></span> <span class='ocrx_word' id='word_1_89' title='bbox 1404 1052 1682 1096; x_wconf 84' lang='lat' dir='ltr'><strong>existentium</strong></span> <span class='ocrx_word' id='word_1_90' title='bbox 1715 1053 1759 1095; x_wconf 91' lang='lat' dir='ltr'><strong>in</strong></span> <span class='ocrx_word' id='word_1_91' title='bbox 1787 1053 1976 1105; x_wconf 81' lang='lat' dir='ltr'><strong>Francia,</strong></span> 
     </span>
     <span class='ocr_line' id='line_1_12' title="bbox 338 1133 805 1191; baseline 0.002 -15"><span class='ocrx_word' id='word_1_92' title='bbox 338 1133 509 1191; x_wconf 91' lang='lat' dir='ltr'><strong>dempta</strong></span> <span class='ocrx_word' id='word_1_93' title='bbox 532 1134 675 1191; x_wconf 87' lang='lat' dir='ltr'><strong>regina</strong></span> <span class='ocrx_word' id='word_1_94' title='bbox 699 1134 805 1189; x_wconf 80' lang='lat' dir='ltr'><strong>ejus.</strong></span> 
     </span>
    </p>

    <p class='ocr_par' dir='ltr' id='par_1_4' title="bbox 338 1216 1980 1513">
     <span class='ocr_line' id='line_1_13' title="bbox 398 1216 1979 1277; baseline 0.002 -17"><span class='ocrx_word' id='word_1_95' title='bbox 398 1217 661 1274; x_wconf 84' lang='lat' dir='ltr'><strong>Interrogata</strong></span> <span class='ocrx_word' id='word_1_96' title='bbox 685 1229 849 1271; x_wconf 87' lang='lat' dir='ltr'><strong>utrum,</strong></span> <span class='ocrx_word' id='word_1_97' title='bbox 873 1216 1049 1276; x_wconf 88' lang='lat' dir='ltr'><strong>quando</strong></span> <span class='ocrx_word' id='word_1_98' title='bbox 1068 1218 1185 1261; x_wconf 86' lang='lat' dir='ltr'><strong>Deus</strong></span> <span class='ocrx_word' id='word_1_99' title='bbox 1210 1220 1248 1262; x_wconf 92' lang='lat' dir='ltr'><strong>ei</strong></span> <span class='ocrx_word' id='word_1_100' title='bbox 1276 1218 1477 1262; x_wconf 84' lang='lat' dir='ltr'><strong>revelavit</strong></span> <span class='ocrx_word' id='word_1_101' title='bbox 1505 1218 1622 1277; x_wconf 92' lang='lat' dir='ltr'><strong>quod</strong></span> <span class='ocrx_word' id='word_1_102' title='bbox 1651 1231 1837 1263; x_wconf 89' lang='lat' dir='ltr'><strong>mutaret</strong></span> <span class='ocrx_word' id='word_1_103' title='bbox 1860 1219 1979 1263; x_wconf 86' lang='lat' dir='ltr'><strong>habi-</strong></span> 
     </span>
     <span class='ocr_line' id='line_1_14' title="bbox 338 1300 1980 1360; baseline 0.002 -16"><span class='ocrx_word' id='word_1_104' title='bbox 338 1314 432 1345; x_wconf 90' lang='lat' dir='ltr'><strong>tum</strong></span> <span class='ocrx_word' id='word_1_105' title='bbox 462 1317 590 1345; x_wconf 87' lang='lat' dir='ltr'><strong>suum</strong></span> <span class='ocrx_word' id='word_1_106' title='bbox 620 1301 663 1343; x_wconf 91' lang='lat' dir='ltr'><strong>in</strong></span> <span class='ocrx_word' id='word_1_107' title='bbox 693 1300 890 1344; x_wconf 86' lang='lat' dir='ltr'><strong>habitum</strong></span> <span class='ocrx_word' id='word_1_108' title='bbox 910 1300 1093 1355; x_wconf 83' lang='lat' dir='ltr'><strong>virilem,</strong></span> <span class='ocrx_word' id='word_1_109' title='bbox 1125 1301 1206 1345; x_wconf 89' lang='lat' dir='ltr'><strong>hoc</strong></span> <span class='ocrx_word' id='word_1_110' title='bbox 1229 1300 1357 1345; x_wconf 90' lang='lat' dir='ltr'><strong>fuerit</strong></span> <span class='ocrx_word' id='word_1_111' title='bbox 1376 1318 1449 1360; x_wconf 90' lang='lat' dir='ltr'><strong>per</strong></span> <span class='ocrx_word' id='word_1_112' title='bbox 1466 1318 1617 1346; x_wconf 87' lang='lat' dir='ltr'><strong>vocem</strong></span> <span class='ocrx_word' id='word_1_113' title='bbox 1639 1304 1769 1346; x_wconf 88' lang='lat' dir='ltr'><strong>sancti</strong></span> <span class='ocrx_word' id='word_1_114' title='bbox 1792 1303 1980 1347; x_wconf 89' lang='lat' dir='ltr'><strong>Michae-</strong></span> 
     </span>
     <span class='ocr_line' id='line_1_15' title="bbox 339 1384 1979 1444; baseline 0.002 -17"><span class='ocrx_word' id='word_1_115' title='bbox 339 1385 404 1438; x_wconf 86' lang='lat' dir='ltr'><strong>lis,</strong></span> <span class='ocrx_word' id='word_1_116' title='bbox 430 1384 496 1428; x_wconf 79' lang='lat' dir='ltr'><strong>vel</strong></span> <span class='ocrx_word' id='word_1_117' title='bbox 524 1400 597 1442; x_wconf 91' lang='lat' dir='ltr'><strong>per</strong></span> <span class='ocrx_word' id='word_1_118' title='bbox 623 1400 774 1428; x_wconf 89' lang='lat' dir='ltr'><strong>vocem</strong></span> <span class='ocrx_word' id='word_1_119' title='bbox 804 1397 959 1428; x_wconf 71' lang='lat' dir='ltr'><strong>sancta·</strong></span> <span class='ocrx_word' id='word_1_120' title='bbox 996 1385 1239 1429; x_wconf 84' lang='lat' dir='ltr'><strong>Katharinae</strong></span> <span class='ocrx_word' id='word_1_121' title='bbox 1272 1398 1345 1429; x_wconf 90' lang='lat' dir='ltr'><strong>aut</strong></span> <span class='ocrx_word' id='word_1_122' title='bbox 1388 1387 1634 1444; x_wconf 77' lang='lat' dir='ltr'><strong>Margarctae</strong></span> <span class='ocrx_word' id='word_1_123' title='bbox 1672 1404 1679 1429; x_wconf 89' lang='lat'>:</span> <span class='ocrx_word' id='word_1_124' title='bbox 1715 1386 1934 1444; x_wconf 84' lang='lat' dir='ltr'><strong>respondit</strong></span> <span class='ocrx_word' id='word_1_125' title='bbox 1970 1404 1979 1431; x_wconf 91' lang='lat'>:</span> 
     </span>
     <span class='ocr_line' id='line_1_16' title="bbox 343 1468 1177 1513; baseline -0.002 -1"><span class='ocrx_word' id='word_1_126' title='bbox 343 1486 362 1508; x_wconf 91' lang='lat'>«</span> <span class='ocrx_word' id='word_1_127' title='bbox 389 1469 480 1512; x_wconf 88' lang='lat' dir='ltr'><strong>Vos</strong></span> <span class='ocrx_word' id='word_1_128' title='bbox 507 1484 596 1512; x_wconf 89' lang='lat' dir='ltr'><strong>non</strong></span> <span class='ocrx_word' id='word_1_129' title='bbox 626 1468 832 1512; x_wconf 88' lang='lat' dir='ltr'><strong>habebitis</strong></span> <span class='ocrx_word' id='word_1_130' title='bbox 859 1484 976 1512; x_wconf 90' lang='lat' dir='ltr'><strong>nunc</strong></span> <span class='ocrx_word' id='word_1_131' title='bbox 996 1468 1127 1513; x_wconf 86' lang='lat' dir='ltr'><strong>aliud.</strong></span> <span class='ocrx_word' id='word_1_132' title='bbox 1157 1488 1177 1511; x_wconf 79' lang='lat'>»</span> 
     </span>
    </p>

    <p class='ocr_par' dir='ltr' id='par_1_5' title="bbox 340 1551 1983 1779">
     <span class='ocr_line' id='line_1_17' title="bbox 399 1551 1982 1612; baseline 0.002 -17"><span class='ocrx_word' id='word_1_133' title='bbox 399 1553 660 1609; x_wconf 83' lang='lat' dir='ltr'><strong>Interrogata</strong></span> <span class='ocrx_word' id='word_1_134' title='bbox 681 1565 846 1606; x_wconf 81' lang='lat' dir='ltr'><strong>utrum,</strong></span> <span class='ocrx_word' id='word_1_135' title='bbox 867 1551 1041 1610; x_wconf 90' lang='lat' dir='ltr'><strong>quando</strong></span> <span class='ocrx_word' id='word_1_136' title='bbox 1064 1568 1133 1596; x_wconf 85' lang='lat' dir='ltr'><strong>rex</strong></span> <span class='ocrx_word' id='word_1_137' title='bbox 1157 1569 1260 1596; x_wconf 91' lang='lat' dir='ltr'><strong>suus</strong></span> <span class='ocrx_word' id='word_1_138' title='bbox 1282 1555 1424 1611; x_wconf 89' lang='lat' dir='ltr'><strong>posuit</strong></span> <span class='ocrx_word' id='word_1_139' title='bbox 1449 1569 1543 1597; x_wconf 91' lang='lat' dir='ltr'><strong>eam</strong></span> <span class='ocrx_word' id='word_1_140' title='bbox 1563 1555 1606 1597; x_wconf 92' lang='lat' dir='ltr'><strong>in</strong></span> <span class='ocrx_word' id='word_1_141' title='bbox 1628 1569 1773 1612; x_wconf 88' lang='lat' dir='ltr'><strong>opere,</strong></span> <span class='ocrx_word' id='word_1_142' title='bbox 1797 1567 1838 1597; x_wconf 88' lang='lat' dir='ltr'><strong>et</strong></span> <span class='ocrx_word' id='word_1_143' title='bbox 1864 1553 1982 1611; x_wconf 90' lang='lat' dir='ltr'><strong>quod</strong></span> 
     </span>
     <span class='ocr_line' id='line_1_18' title="bbox 341 1635 1981 1694; baseline 0.002 -16"><span class='ocrx_word' id='word_1_144' title='bbox 341 1637 428 1694; x_wconf 88' lang='lat' dir='ltr'><strong>ipsa</strong></span> <span class='ocrx_word' id='word_1_145' title='bbox 455 1635 552 1680; x_wconf 90' lang='lat' dir='ltr'><strong>fecit</strong></span> <span class='ocrx_word' id='word_1_146' title='bbox 590 1636 682 1679; x_wconf 89' lang='lat' dir='ltr'><strong>fieri</strong></span> <span class='ocrx_word' id='word_1_147' title='bbox 720 1636 930 1680; x_wconf 81' lang='lat' dir='ltr'><strong>vexillum</strong></span> <span class='ocrx_word' id='word_1_148' title='bbox 964 1653 1093 1680; x_wconf 88' lang='lat' dir='ltr'><strong>suum</strong></span> <span class='ocrx_word' id='word_1_149' title='bbox 1123 1645 1151 1690; x_wconf 89' lang='lat'><strong>¹,</strong></span> <span class='ocrx_word' id='word_1_150' title='bbox 1181 1636 1272 1680; x_wconf 78' lang='lat' dir='ltr'><strong>aliae</strong></span> <span class='ocrx_word' id='word_1_151' title='bbox 1296 1650 1445 1694; x_wconf 85' lang='lat' dir='ltr'><strong>gentes</strong></span> <span class='ocrx_word' id='word_1_152' title='bbox 1475 1653 1698 1681; x_wconf 86' lang='lat' dir='ltr'><strong>armorum</strong></span> <span class='ocrx_word' id='word_1_153' title='bbox 1733 1636 1981 1681; x_wconf 90' lang='lat' dir='ltr'><strong>feceruntne</strong></span> 
     </span>
     <span class='ocr_line' id='line_1_19' title="bbox 340 1719 1983 1779; baseline 0.001 -17"><span class='ocrx_word' id='word_1_154' title='bbox 340 1719 430 1763; x_wconf 86' lang='lat' dir='ltr'><strong>fieri</strong></span> <span class='ocrx_word' id='word_1_155' title='bbox 464 1720 772 1777; x_wconf 89' lang='lat' dir='ltr'><strong>pannoncellos</strong></span> <span class='ocrx_word' id='word_1_156' title='bbox 797 1728 810 1744; x_wconf 77' lang='lat'>²</span> <span class='ocrx_word' id='word_1_157' title='bbox 855 1719 905 1763; x_wconf 91' lang='lat' dir='ltr'><strong>ad</strong></span> <span class='ocrx_word' id='word_1_158' title='bbox 955 1719 1137 1764; x_wconf 88' lang='lat' dir='ltr'><strong>modum</strong></span> <span class='ocrx_word' id='word_1_159' title='bbox 1183 1733 1223 1763; x_wconf 89' lang='lat' dir='ltr'><strong>et</strong></span> <span class='ocrx_word' id='word_1_160' title='bbox 1272 1720 1487 1778; x_wconf 84' lang='lat' dir='ltr'><strong>exemplar</strong></span> <span class='ocrx_word' id='word_1_161' title='bbox 1527 1721 1800 1779; x_wconf 89' lang='lat' dir='ltr'><strong>pannoncelli</strong></span> <span class='ocrx_word' id='word_1_162' title='bbox 1849 1722 1983 1779; x_wconf 90' lang='lat' dir='ltr'><strong>ipsius</strong></span> 
     </span>
    </p>
   </div>
   <div class='ocr_carea' id='block_1_3' title="bbox 343 1925 1984 2905">
    <p class='ocr_par' dir='ltr' id='par_1_6' title="bbox 343 1925 1984 2121">
     <span class='ocr_line' id='line_1_20' title="bbox 400 1925 1984 1977; baseline 0.001 -14"><span class='ocrx_word' id='word_1_163' title='bbox 400 1926 655 1977; x_wconf 64' lang='lat' dir='ltr'><strong>Interroguee</strong></span> <span class='ocrx_word' id='word_1_164' title='bbox 677 1939 716 1962; x_wconf 87' lang='lat' dir='ltr'><strong>se</strong></span> <span class='ocrx_word' id='word_1_165' title='bbox 743 1926 905 1963; x_wconf 84' lang='lat' dir='ltr'><strong>messire</strong></span> <span class='ocrx_word' id='word_1_166' title='bbox 928 1925 1053 1973; x_wconf 86' lang='lat' dir='ltr'><strong>Jehan</strong></span> <span class='ocrx_word' id='word_1_167' title='bbox 1082 1925 1129 1963; x_wconf 87' lang='lat' dir='ltr'><strong>de</strong></span> <span class='ocrx_word' id='word_1_168' title='bbox 1156 1926 1294 1977; x_wconf 71' lang='lat' dir='ltr'><strong>Pressy</strong></span> <span class='ocrx_word' id='word_1_169' title='bbox 1324 1934 1362 1963; x_wconf 83' lang='lat' dir='ltr'><strong>ct</strong></span> <span class='ocrx_word' id='word_1_170' title='bbox 1386 1935 1513 1964; x_wconf 84' lang='lat' dir='ltr'><strong>autres</strong></span> <span class='ocrx_word' id='word_1_171' title='bbox 1547 1925 1566 1963; x_wconf 72' lang='grc' dir='ltr'><strong>εὶ</strong></span> <span class='ocrx_word' id='word_1_172' title='bbox 1591 1927 1705 1964; x_wconf 84' lang='lat' dir='ltr'><strong>Arras</strong></span> <span class='ocrx_word' id='word_1_173' title='bbox 1727 1925 1781 1964; x_wconf 90' lang='lat' dir='ltr'><strong>lui</strong></span> <span class='ocrx_word' id='word_1_174' title='bbox 1804 1925 1984 1964; x_wconf 84' lang='lat' dir='ltr'><strong>offrirent</strong></span> 
     </span>
     <span class='ocr_line' id='line_1_21' title="bbox 343 1994 1983 2049; baseline 0.001 -15"><span class='ocrx_word' id='word_1_175' title='bbox 343 1997 457 2049; x_wconf 93' lang='lat' dir='ltr'><strong>point</strong></span> <span class='ocrx_word' id='word_1_176' title='bbox 481 1996 599 2034; x_wconf 85' lang='lat' dir='ltr'><strong>d‘abit</strong></span> <span class='ocrx_word' id='word_1_177' title='bbox 623 1996 670 2034; x_wconf 88' lang='lat' dir='ltr'><strong>de</strong></span> <span class='ocrx_word' id='word_1_178' title='bbox 701 1994 848 2034; x_wconf 87' lang='lat' dir='ltr'><strong>femme</strong></span> <span class='ocrx_word' id='word_1_179' title='bbox 876 2011 883 2034; x_wconf 90' lang='lat'>:</span> <span class='ocrx_word' id='word_1_180' title='bbox 914 1997 1086 2049; x_wconf 82' lang='lat' dir='ltr'><strong>respond</strong></span> <span class='ocrx_word' id='word_1_181' title='bbox 1114 2010 1122 2034; x_wconf 74' lang='grc' dir='ltr'>ε</span> <span class='ocrx_word' id='word_1_182' title='bbox 1159 2016 1175 2031; x_wconf 67' lang='grc' dir='ltr'><strong>κ</strong></span> <span class='ocrx_word' id='word_1_183' title='bbox 1209 1997 1291 2048; x_wconf 70' lang='lat' dir='ltr'><strong>Luy</strong></span> <span class='ocrx_word' id='word_1_184' title='bbox 1316 2006 1354 2035; x_wconf 84' lang='lat' dir='ltr'><strong>et</strong></span> <span class='ocrx_word' id='word_1_185' title='bbox 1384 1997 1578 2049; x_wconf 86' lang='lat' dir='ltr'><strong>plusieurs</strong></span> <span class='ocrx_word' id='word_1_186' title='bbox 1610 2006 1740 2036; x_wconf 85' lang='lat' dir='ltr'><strong>autres</strong></span> <span class='ocrx_word' id='word_1_187' title='bbox 1774 1996 1808 2035; x_wconf 88' lang='lat' dir='ltr'><strong>le</strong></span> <span class='ocrx_word' id='word_1_188' title='bbox 1840 1997 1983 2036; x_wconf 87' lang='lat' dir='ltr'><strong>m’onlt</strong></span> 
     </span>
     <span class='ocr_line' id='line_1_22' title="bbox 344 2066 1514 2121; baseline -0.003 -15"><span class='ocrx_word' id='word_1_189' title='bbox 344 2068 540 2121; x_wconf 85' lang='lat' dir='ltr'><strong>plusieurs</strong></span> <span class='ocrx_word' id='word_1_190' title='bbox 561 2066 638 2105; x_wconf 84' lang='lat' dir='ltr'><strong>fois</strong></span> <span class='ocrx_word' id='word_1_191' title='bbox 661 2067 870 2106; x_wconf 84' lang='lat' dir='ltr'><strong>demande&#39;.</strong></span> <span class='ocrx_word' id='word_1_192' title='bbox 902 2084 919 2103; x_wconf 67' lang='lat'><strong>³&gt;</strong></span> <span class='ocrx_word' id='word_1_193' title='bbox 1512 2109 1514 2112; x_wconf 18' lang='lat'><em>7</em></span> 
     </span>
    </p>

    <p class='ocr_par' dir='ltr' id='par_1_7' title="bbox 344 2138 1983 2334">
     <span class='ocr_line' id='line_1_23' title="bbox 397 2138 1983 2192; baseline 0.001 -15"><span class='ocrx_word' id='word_1_194' title='bbox 397 2140 649 2191; x_wconf 65' lang='lat' dir='ltr'><strong>Interroguee</strong></span> <span class='ocrx_word' id='word_1_195' title='bbox 671 2138 778 2177; x_wconf 80' lang='lat' dir='ltr'><strong>s&#39;elle</strong></span> <span class='ocrx_word' id='word_1_196' title='bbox 803 2140 923 2177; x_wconf 90' lang='lat' dir='ltr'><strong>croist</strong></span> <span class='ocrx_word' id='word_1_197' title='bbox 951 2138 1096 2192; x_wconf 89' lang='lat' dir='ltr'><strong>qu’elle</strong></span> <span class='ocrx_word' id='word_1_198' title='bbox 1120 2149 1207 2178; x_wconf 88' lang='lat' dir='ltr'><strong>eust</strong></span> <span class='ocrx_word' id='word_1_199' title='bbox 1228 2139 1415 2192; x_wconf 68' lang='lat' dir='ltr'><strong>delinque</strong></span> <span class='ocrx_word' id='word_1_200' title='bbox 1437 2153 1490 2177; x_wconf 92' lang='lat' dir='ltr'><strong>ou</strong></span> <span class='ocrx_word' id='word_1_201' title='bbox 1514 2138 1582 2178; x_wconf 84' lang='lat' dir='ltr'><strong>fait</strong></span> <span class='ocrx_word' id='word_1_202' title='bbox 1608 2140 1747 2192; x_wconf 69' lang='lat' dir='ltr'><strong>pechie</strong></span> <span class='ocrx_word' id='word_1_203' title='bbox 1770 2138 1913 2178; x_wconf 89' lang='lat' dir='ltr'><strong>mortel</strong></span> <span class='ocrx_word' id='word_1_204' title='bbox 1935 2139 1983 2178; x_wconf 90' lang='lat' dir='ltr'><strong>de</strong></span> 
     </span>
     <span class='ocr_line' id='line_1_24' title="bbox 344 2210 1981 2263; baseline 0 -14"><span class='ocrx_word' id='word_1_205' title='bbox 344 2211 511 2263; x_wconf 75' lang='lat' dir='ltr'><strong>prendre</strong></span> <span class='ocrx_word' id='word_1_206' title='bbox 533 2210 642 2249; x_wconf 80' lang='lat' dir='ltr'><strong>habit</strong></span> <span class='ocrx_word' id='word_1_207' title='bbox 662 2211 708 2249; x_wconf 79' lang='lat' dir='ltr'><strong>dc</strong></span> <span class='ocrx_word' id='word_1_208' title='bbox 729 2210 873 2249; x_wconf 82' lang='lat' dir='ltr'><strong>femme</strong></span> <span class='ocrx_word' id='word_1_209' title='bbox 893 2225 900 2248; x_wconf 88' lang='lat'><strong>:</strong></span> <span class='ocrx_word' id='word_1_210' title='bbox 925 2211 1097 2263; x_wconf 82' lang='lat' dir='ltr'><strong>respond</strong></span> <span class='ocrx_word' id='word_1_211' title='bbox 1119 2210 1261 2263; x_wconf 84' lang='lat' dir='ltr'><strong>qu&#39;elle</strong></span> <span class='ocrx_word' id='word_1_212' title='bbox 1282 2210 1351 2249; x_wconf 86' lang='lat' dir='ltr'><strong>fait</strong></span> <span class='ocrx_word' id='word_1_213' title='bbox 1367 2211 1514 2249; x_wconf 84' lang='lat' dir='ltr'><strong>mieulx</strong></span> <span class='ocrx_word' id='word_1_214' title='bbox 1539 2210 1691 2250; x_wconf 67' lang='lat' dir='ltr'><strong>d&#39;obeir</strong></span> <span class='ocrx_word' id='word_1_215' title='bbox 1709 2220 1745 2249; x_wconf 91' lang='lat' dir='ltr'><strong>et</strong></span> <span class='ocrx_word' id='word_1_216' title='bbox 1766 2211 1890 2250; x_wconf 83' lang='lat' dir='ltr'><strong>servir</strong></span> <span class='ocrx_word' id='word_1_217' title='bbox 1910 2224 1981 2250; x_wconf 88' lang='lat' dir='ltr'><strong>son</strong></span> 
     </span>
     <span class='ocr_line' id='line_1_25' title="bbox 345 2282 1242 2334; baseline 0 -14"><span class='ocrx_word' id='word_1_218' title='bbox 345 2283 556 2321; x_wconf 71' lang='lat' dir='ltr'><strong>souverain</strong></span> <span class='ocrx_word' id='word_1_219' title='bbox 577 2282 785 2334; x_wconf 84' lang='lat' dir='ltr'><strong>Seigneur,</strong></span> <span class='ocrx_word' id='word_1_220' title='bbox 812 2283 906 2320; x_wconf 86' lang='lat' dir='ltr'><strong>c&#39;est</strong></span> <span class='ocrx_word' id='word_1_221' title='bbox 930 2283 1104 2321; x_wconf 87' lang='lat' dir='ltr'><strong>assavoir</strong></span> <span class='ocrx_word' id='word_1_222' title='bbox 1126 2283 1242 2321; x_wconf 90' lang='lat' dir='ltr'><strong>Dieu.</strong></span> 
     </span>
    </p>

    <p class='ocr_par' dir='ltr' id='par_1_8' title="bbox 346 2353 1983 2550">
     <span class='ocr_line' id='line_1_26' title="bbox 399 2353 1983 2407; baseline 0 -15"><span class='ocrx_word' id='word_1_223' title='bbox 399 2354 508 2402; x_wconf 79' lang='lat' dir='ltr'><strong>Item,</strong></span> <span class='ocrx_word' id='word_1_224' title='bbox 538 2354 593 2392; x_wconf 85' lang='lat' dir='ltr'><strong>dit</strong></span> <span class='ocrx_word' id='word_1_225' title='bbox 624 2367 700 2407; x_wconf 85' lang='lat' dir='ltr'><strong>que</strong></span> <span class='ocrx_word' id='word_1_226' title='bbox 734 2353 842 2392; x_wconf 81' lang='lat' dir='ltr'><strong>s&#39;elle</strong></span> <span class='ocrx_word' id='word_1_227' title='bbox 867 2354 901 2392; x_wconf 88' lang='lat' dir='ltr'><strong>le</strong></span> <span class='ocrx_word' id='word_1_228' title='bbox 933 2353 1046 2392; x_wconf 87' lang='lat' dir='ltr'><strong>deust</strong></span> <span class='ocrx_word' id='word_1_229' title='bbox 1082 2354 1192 2392; x_wconf 88' lang='lat' dir='ltr'><strong>avoir</strong></span> <span class='ocrx_word' id='word_1_230' title='bbox 1224 2353 1307 2401; x_wconf 86' lang='lat' dir='ltr'><strong>fait,</strong></span> <span class='ocrx_word' id='word_1_231' title='bbox 1343 2353 1417 2392; x_wconf 91' lang='lat' dir='ltr'><strong>elle</strong></span> <span class='ocrx_word' id='word_1_232' title='bbox 1452 2353 1567 2392; x_wconf 90' lang='lat' dir='ltr'><strong>l&#39;eust</strong></span> <span class='ocrx_word' id='word_1_233' title='bbox 1599 2353 1770 2406; x_wconf 86' lang='lat' dir='ltr'><strong>plustost</strong></span> <span class='ocrx_word' id='word_1_234' title='bbox 1798 2353 1866 2392; x_wconf 87' lang='lat' dir='ltr'><strong>fait</strong></span> <span class='ocrx_word' id='word_1_235' title='bbox 1901 2355 1921 2392; x_wconf 77' lang='lat' dir='ltr'><strong>a</strong></span> <span class='ocrx_word' id='word_1_236' title='bbox 1948 2353 1983 2392; x_wconf 89' lang='lat' dir='ltr'><strong>la</strong></span> 
     </span>
     <span class='ocr_line' id='line_1_27' title="bbox 346 2425 1981 2479; baseline 0 -15"><span class='ocrx_word' id='word_1_237' title='bbox 346 2435 525 2479; x_wconf 88' lang='lat' dir='ltr'><strong>requeste</strong></span> <span class='ocrx_word' id='word_1_238' title='bbox 552 2425 600 2464; x_wconf 87' lang='lat' dir='ltr'><strong>de</strong></span> <span class='ocrx_word' id='word_1_239' title='bbox 631 2439 694 2464; x_wconf 87' lang='lat' dir='ltr'><strong>ces</strong></span> <span class='ocrx_word' id='word_1_240' title='bbox 725 2425 825 2463; x_wconf 78' lang='lat' dir='ltr'><strong>deux</strong></span> <span class='ocrx_word' id='word_1_241' title='bbox 851 2426 984 2464; x_wconf 81' lang='lat' dir='ltr'><strong>dames</strong></span> <span class='ocrx_word' id='word_1_242' title='bbox 1017 2439 1092 2478; x_wconf 88' lang='lat' dir='ltr'><strong>que</strong></span> <span class='ocrx_word' id='word_1_243' title='bbox 1126 2425 1293 2464; x_wconf 84' lang='lat' dir='ltr'><strong>d&#39;autres</strong></span> <span class='ocrx_word' id='word_1_244' title='bbox 1322 2425 1455 2464; x_wconf 89' lang='lat' dir='ltr'><strong>dames</strong></span> <span class='ocrx_word' id='word_1_245' title='bbox 1487 2426 1555 2478; x_wconf 92' lang='lat' dir='ltr'><strong>qui</strong></span> <span class='ocrx_word' id='word_1_246' title='bbox 1586 2426 1717 2464; x_wconf 90' lang='lat' dir='ltr'><strong>soient</strong></span> <span class='ocrx_word' id='word_1_247' title='bbox 1743 2438 1791 2464; x_wconf 89' lang='lat' dir='ltr'><strong>en</strong></span> <span class='ocrx_word' id='word_1_248' title='bbox 1820 2426 1981 2473; x_wconf 66' lang='lat' dir='ltr'><strong>Frmoee,</strong></span> 
     </span>
     <span class='ocr_line' id='line_1_28' title="bbox 347 2498 806 2550; baseline -0.002 -15"><span class='ocrx_word' id='word_1_249' title='bbox 347 2498 531 2550; x_wconf 69' lang='lat' dir='ltr'><strong>exceptee</strong></span> <span class='ocrx_word' id='word_1_250' title='bbox 551 2510 590 2535; x_wconf 87' lang='lat' dir='ltr'><strong>sa</strong></span> <span class='ocrx_word' id='word_1_251' title='bbox 612 2510 750 2549; x_wconf 74' lang='lat' dir='ltr'><strong>royne.</strong></span> <span class='ocrx_word' id='word_1_252' title='bbox 801 2503 806 2508; x_wconf 84' lang='lat'>&#39;</span> 
     </span>
    </p>

    <p class='ocr_par' dir='ltr' id='par_1_9' title="bbox 348 2567 1984 2762">
     <span class='ocr_line' id='line_1_29' title="bbox 402 2567 1984 2621; baseline 0 -15"><span class='ocrx_word' id='word_1_253' title='bbox 402 2569 657 2620; x_wconf 67' lang='lat' dir='ltr'><strong>Interroguc‘e</strong></span> <span class='ocrx_word' id='word_1_254' title='bbox 683 2582 737 2615; x_wconf 81' lang='lat' dir='ltr'><strong>se,</strong></span> <span class='ocrx_word' id='word_1_255' title='bbox 762 2577 884 2620; x_wconf 85' lang='lat' dir='ltr'><strong>quant</strong></span> <span class='ocrx_word' id='word_1_256' title='bbox 903 2568 1005 2606; x_wconf 91' lang='lat' dir='ltr'><strong>Dieu</strong></span> <span class='ocrx_word' id='word_1_257' title='bbox 1027 2568 1096 2621; x_wconf 89' lang='lat' dir='ltr'><strong>luy</strong></span> <span class='ocrx_word' id='word_1_258' title='bbox 1117 2568 1245 2606; x_wconf 74' lang='lat' dir='ltr'><strong>revela</strong></span> <span class='ocrx_word' id='word_1_259' title='bbox 1270 2567 1411 2621; x_wconf 89' lang='lat' dir='ltr'><strong>qu&#39;elle</strong></span> <span class='ocrx_word' id='word_1_260' title='bbox 1434 2577 1562 2606; x_wconf 85' lang='lat' dir='ltr'><strong>muast</strong></span> <span class='ocrx_word' id='word_1_261' title='bbox 1584 2581 1656 2606; x_wconf 90' lang='lat' dir='ltr'><strong>son</strong></span> <span class='ocrx_word' id='word_1_262' title='bbox 1676 2567 1769 2615; x_wconf 87' lang='lat' dir='ltr'><strong>abit,</strong></span> <span class='ocrx_word' id='word_1_263' title='bbox 1787 2581 1826 2606; x_wconf 91' lang='lat' dir='ltr'><strong>se</strong></span> <span class='ocrx_word' id='word_1_264' title='bbox 1843 2581 1886 2606; x_wconf 90' lang='lat' dir='ltr'><strong>ce</strong></span> <span class='ocrx_word' id='word_1_265' title='bbox 1905 2567 1984 2606; x_wconf 86' lang='lat' dir='ltr'><strong>fust</strong></span> 
     </span>
     <span class='ocr_line' id='line_1_30' title="bbox 348 2636 1980 2691; baseline 0 -14"><span class='ocrx_word' id='word_1_266' title='bbox 348 2653 416 2691; x_wconf 86' lang='lat' dir='ltr'><strong>par</strong></span> <span class='ocrx_word' id='word_1_267' title='bbox 437 2639 471 2676; x_wconf 83' lang='lat' dir='ltr'><strong>la</strong></span> <span class='ocrx_word' id='word_1_268' title='bbox 488 2640 581 2676; x_wconf 68' lang='lat' dir='ltr'><strong>voix</strong></span> <span class='ocrx_word' id='word_1_269' title='bbox 614 2640 715 2677; x_wconf 89' lang='lat' dir='ltr'><strong>saint</strong></span> <span class='ocrx_word' id='word_1_270' title='bbox 739 2639 917 2687; x_wconf 81' lang='lat' dir='ltr'><strong>Michiel,</strong></span> <span class='ocrx_word' id='word_1_271' title='bbox 951 2639 997 2677; x_wconf 84' lang='lat' dir='ltr'><strong>de</strong></span> <span class='ocrx_word' id='word_1_272' title='bbox 1032 2636 1177 2677; x_wconf 81' lang='lat' dir='ltr'><strong>saincte</strong></span> <span class='ocrx_word' id='word_1_273' title='bbox 1213 2640 1424 2677; x_wconf 83' lang='lat' dir='ltr'><strong>Katherine</strong></span> <span class='ocrx_word' id='word_1_274' title='bbox 1453 2653 1504 2677; x_wconf 92' lang='lat' dir='ltr'><strong>ou</strong></span> <span class='ocrx_word' id='word_1_275' title='bbox 1530 2639 1677 2677; x_wconf 88' lang='lat' dir='ltr'><strong>saincte</strong></span> <span class='ocrx_word' id='word_1_276' title='bbox 1708 2640 1947 2691; x_wconf 88' lang='lat' dir='ltr'><strong>Marguerite</strong></span> <span class='ocrx_word' id='word_1_277' title='bbox 1972 2653 1980 2676; x_wconf 74' lang='grc' dir='ltr'>ε</span> 
     </span>
     <span class='ocr_line' id='line_1_31' title="bbox 348 2709 1593 2762; baseline -0.002 -15"><span class='ocrx_word' id='word_1_278' title='bbox 348 2710 520 2762; x_wconf 85' lang='lat' dir='ltr'><strong>respond</strong></span> <span class='ocrx_word' id='word_1_279' title='bbox 549 2724 555 2747; x_wconf 91' lang='lat'>:</span> <span class='ocrx_word' id='word_1_280' title='bbox 583 2726 601 2745; x_wconf 75' lang='grc' dir='ltr'>α</span> <span class='ocrx_word' id='word_1_281' title='bbox 629 2711 739 2748; x_wconf 67' lang='lat' dir='ltr'><strong>Vous</strong></span> <span class='ocrx_word' id='word_1_282' title='bbox 765 2709 853 2748; x_wconf 84' lang='lat' dir='ltr'><strong>n’en</strong></span> <span class='ocrx_word' id='word_1_283' title='bbox 878 2712 989 2748; x_wconf 86' lang='lat' dir='ltr'><strong>aure&#39;s</strong></span> <span class='ocrx_word' id='word_1_284' title='bbox 1015 2711 1261 2748; x_wconf 86' lang='lat' dir='ltr'><strong>maintenant</strong></span> <span class='ocrx_word' id='word_1_285' title='bbox 1283 2720 1390 2748; x_wconf 91' lang='lat' dir='ltr'><strong>autre</strong></span> <span class='ocrx_word' id='word_1_286' title='bbox 1410 2711 1544 2748; x_wconf 89' lang='lat' dir='ltr'><strong>chose.</strong></span> <span class='ocrx_word' id='word_1_287' title='bbox 1576 2728 1593 2745; x_wconf 90' lang='lat'>»</span> 
     </span>
    </p>

    <p class='ocr_par' dir='ltr' id='par_1_10' title="bbox 349 2779 1983 2905">
     <span class='ocr_line' id='line_1_32' title="bbox 404 2779 1983 2834; baseline 0 -16"><span class='ocrx_word' id='word_1_288' title='bbox 404 2782 675 2832; x_wconf 66' lang='lat' dir='ltr'><strong>Interrogu6e‚</strong></span> <span class='ocrx_word' id='word_1_289' title='bbox 700 2791 821 2833; x_wconf 88' lang='lat' dir='ltr'><strong>quant</strong></span> <span class='ocrx_word' id='word_1_290' title='bbox 856 2795 926 2819; x_wconf 90' lang='lat' dir='ltr'><strong>son</strong></span> <span class='ocrx_word' id='word_1_291' title='bbox 962 2795 1033 2834; x_wconf 85' lang='lat' dir='ltr'><strong>roy</strong></span> <span class='ocrx_word' id='word_1_292' title='bbox 1057 2781 1093 2820; x_wconf 90' lang='lat' dir='ltr'><strong>la</strong></span> <span class='ocrx_word' id='word_1_293' title='bbox 1117 2782 1189 2820; x_wconf 90' lang='lat' dir='ltr'><strong>mit</strong></span> <span class='ocrx_word' id='word_1_294' title='bbox 1217 2782 1387 2834; x_wconf 88' lang='lat' dir='ltr'><strong>premier</strong></span> <span class='ocrx_word' id='word_1_295' title='bbox 1416 2795 1463 2820; x_wconf 92' lang='lat' dir='ltr'><strong>en</strong></span> <span class='ocrx_word' id='word_1_296' title='bbox 1486 2795 1623 2820; x_wconf 89' lang='lat' dir='ltr'><strong>oeuvre</strong></span> <span class='ocrx_word' id='word_1_297' title='bbox 1645 2791 1682 2819; x_wconf 91' lang='lat' dir='ltr'><strong>et</strong></span> <span class='ocrx_word' id='word_1_298' title='bbox 1705 2780 1778 2819; x_wconf 87' lang='lat' dir='ltr'><strong>elle</strong></span> <span class='ocrx_word' id='word_1_299' title='bbox 1802 2779 1865 2819; x_wconf 90' lang='lat' dir='ltr'><strong>fist</strong></span> <span class='ocrx_word' id='word_1_300' title='bbox 1889 2780 1983 2819; x_wconf 89' lang='lat' dir='ltr'><strong>faire</strong></span> 
     </span>
     <span class='ocr_line' id='line_1_33' title="bbox 349 2851 1982 2905; baseline 0.001 -16"><span class='ocrx_word' id='word_1_301' title='bbox 349 2866 422 2890; x_wconf 89' lang='lat' dir='ltr'><strong>son</strong></span> <span class='ocrx_word' id='word_1_302' title='bbox 447 2852 671 2897; x_wconf 87' lang='lat' dir='ltr'><strong>estaindart,</strong></span> <span class='ocrx_word' id='word_1_303' title='bbox 696 2866 735 2890; x_wconf 91' lang='lat' dir='ltr'><strong>se</strong></span> <span class='ocrx_word' id='word_1_304' title='bbox 770 2852 825 2890; x_wconf 91' lang='lat' dir='ltr'><strong>les</strong></span> <span class='ocrx_word' id='word_1_305' title='bbox 854 2866 953 2905; x_wconf 88' lang='lat' dir='ltr'><strong>gens</strong></span> <span class='ocrx_word' id='word_1_306' title='bbox 975 2853 1143 2891; x_wconf 89' lang='lat' dir='ltr'><strong>d&#39;armes</strong></span> <span class='ocrx_word' id='word_1_307' title='bbox 1167 2863 1203 2891; x_wconf 90' lang='lat' dir='ltr'><strong>et</strong></span> <span class='ocrx_word' id='word_1_308' title='bbox 1231 2863 1358 2891; x_wconf 89' lang='lat' dir='ltr'><strong>autres</strong></span> <span class='ocrx_word' id='word_1_309' title='bbox 1382 2866 1478 2905; x_wconf 91' lang='lat' dir='ltr'><strong>gens</strong></span> <span class='ocrx_word' id='word_1_310' title='bbox 1503 2852 1551 2891; x_wconf 93' lang='lat' dir='ltr'><strong>de</strong></span> <span class='ocrx_word' id='word_1_311' title='bbox 1579 2865 1720 2905; x_wconf 89' lang='lat' dir='ltr'><strong>guerre</strong></span> <span class='ocrx_word' id='word_1_312' title='bbox 1743 2851 1857 2890; x_wconf 88' lang='lat' dir='ltr'><strong>firent</strong></span> <span class='ocrx_word' id='word_1_313' title='bbox 1887 2851 1982 2890; x_wconf 86' lang='lat' dir='ltr'><strong>faire</strong></span> 
     </span>
    </p>
   </div>
   <div class='ocr_carea' id='block_1_4' title="bbox 351 3029 1984 3124">
    <p class='ocr_par' dir='ltr' id='par_1_11' title="bbox 351 3029 1984 3124">
     <span class='ocr_line' id='line_1_34' title="bbox 401 3029 1984 3077; baseline 0 -13"><span class='ocrx_word' id='word_1_314' title='bbox 401 3042 430 3064; x_wconf 88' lang='lat'><strong>1.</strong></span> <span class='ocrx_word' id='word_1_315' title='bbox 459 3030 487 3064; x_wconf 80' lang='lat' dir='ltr'><em>R</em></span> <span class='ocrx_word' id='word_1_316' title='bbox 511 3042 556 3065; x_wconf 92' lang='lat' dir='ltr'><strong>en</strong></span> <span class='ocrx_word' id='word_1_317' title='bbox 584 3042 702 3076; x_wconf 88' lang='lat' dir='ltr'><strong>marge</strong></span> <span class='ocrx_word' id='word_1_318' title='bbox 726 3043 732 3064; x_wconf 92' lang='lat'>:</span> <span class='ocrx_word' id='word_1_319' title='bbox 759 3031 809 3064; x_wconf 63' lang='lat' dir='ltr'><strong>De</strong></span> <span class='ocrx_word' id='word_1_320' title='bbox 837 3031 959 3065; x_wconf 53' lang='lat' dir='ltr'><strong>vatillo</strong></span> <span class='ocrx_word' id='word_1_321' title='bbox 989 3036 1019 3065; x_wconf 84' lang='lat' dir='ltr'><strong>et</strong></span> <span class='ocrx_word' id='word_1_322' title='bbox 1040 3031 1277 3077; x_wconf 78' lang='lat' dir='ltr'><strong>pennoncellis.</strong></span> <span class='ocrx_word' id='word_1_323' title='bbox 1320 3052 1365 3057; x_wconf 94' lang='lat'>—</span> <span class='ocrx_word' id='word_1_324' title='bbox 1395 3041 1428 3065; x_wconf 86' lang='lat'><strong>2.</strong></span> <span class='ocrx_word' id='word_1_325' title='bbox 1458 3031 1506 3065; x_wconf 83' lang='lat' dir='ltr'><strong>La</strong></span> <span class='ocrx_word' id='word_1_326' title='bbox 1538 3030 1651 3065; x_wconf 87' lang='lat' dir='ltr'><strong>forme</strong></span> <span class='ocrx_word' id='word_1_327' title='bbox 1678 3029 1906 3077; x_wconf 78' lang='lat' dir='ltr'><strong>pennoncellus</strong></span> <span class='ocrx_word' id='word_1_328' title='bbox 1931 3038 1984 3064; x_wconf 87' lang='lat' dir='ltr'><strong>est</strong></span> 
     </span>
     <span class='ocr_line' id='line_1_35' title="bbox 351 3090 666 3124; baseline 0 0"><span class='ocrx_word' id='word_1_329' title='bbox 351 3100 533 3124; x_wconf 80' lang='lat' dir='ltr'><strong>constante</strong></span> <span class='ocrx_word' id='word_1_330' title='bbox 555 3102 598 3124; x_wconf 89' lang='lat' dir='ltr'><strong>en</strong></span> <span class='ocrx_word' id='word_1_331' title='bbox 620 3090 666 3124; x_wconf 88' lang='lat' dir='ltr'><strong>C.</strong></span> 
     </span>
    </p>
   </div>
  </div>
 </body>
</html>
