2099 3356
298 155 382 185 2oo
578 139 734 183 PRoclss
768 153 823 182 DE
857 152 1209 182 CONDAMNATmN
1242 153 1299 182 DE
1328 154 1495 195 JEANNE
1527 140 1655 184 D'ARc

351 254 475 306 Item,
499 253 645 296 martis
665 265 804 295 xxvn.
835 252 997 295 mensis
1016 250 1231 305 februarii,
1257 250 1364 295 dixit
1389 251 1507 310 quod
1526 252 1670 297 mallet
1693 252 1934 298 distractam

294 352 382 381 esse
403 352 502 380 cum
535 336 673 394 equis,
694 350 827 393 quam
854 335 899 378 in
923 335 1142 378 Franciam
1166 335 1333 378 venisse
1355 336 1446 379 sine
1471 335 1641 380 licentia
1659 336 1755 380 Dei.

354 480 515 524 XXIV.
554 496 574 518 «
616 479 743 532 ITEM,
785 477 894 521 dicta
937 477 1137 534 Johanna
1171 478 1237 521 his
1270 478 1537 530 nominibus,
1576 480 1734 535 JHEsus
1769 481 1937 534 MAR1A‚

295 566 418 621 signo
436 563 570 606 crucis
588 562 672 605 illis
696 563 968 620 interposito,
991 561 1121 605 abusa
1146 561 1244 615 fuit,
1275 562 1319 604 in
1353 574 1395 605 et
1422 577 1498 620 pro
1534 564 1658 621 signo
1690 562 1832 608 dando
1861 564 1941 607 ali—

297 645 455 705 quibus
475 645 527 690 de
554 646 642 688 suis
665 644 800 704 quod,
834 644 939 689 dum
969 645 1013 688 in
1050 645 1138 688 suis
1171 644 1322 688 litteris
1352 660 1402 688 ex
1437 658 1552 703 parte
1576 662 1652 690 sua
1685 646 1938 704 hujusmodi

297 729 422 773 verba
449 745 548 773 cum
569 744 691 772 cruce
712 729 960 786 reperirent,
988 729 1253 772 contrarium
1275 727 1494 772 crederent
1521 731 1611 787 ejus
1635 729 1753 788 quod
1783 731 1941 775 scribe-

299 814 384 867 bat,
415 825 455 856 et
481 813 611 856 etiam
638 813 848 857 contraria
868 811 1068 856 facerent.
1102 829 1122 851 »

358 895 462 940 *Ad
504 895 624 939 hunc
651 903 660 920 ¹
703 895 950 948 articulum,
988 894 1057 939 die
1103 896 1264 947 martis,
1302 909 1440 939 xxvn.
1483 898 1640 950 martii,
1681 896 1901 954 respondit
1925 905 1938 922 ²

298 980 498 1037 Johanna
525 987 536 1012 ³
568 978 687 1037 quod
708 994 751 1022 se
773 978 899 1023 refert
918 978 969 1023 ad
991 980 1318 1037 responsionem
1345 980 1447 1024 alias
1474 995 1548 1038 per
1583 996 1678 1024 eam
1706 996 1832 1039 super
1858 980 1942 1025 hoc

301 1064 470 1108 factam.

361 1148 443 1190 Die
470 1145 645 1200 sabbati,
675 1160 780 1190 xvn.
818 1147 974 1201 martii,
1016 1147 1276 1203 interrogata
1312 1146 1363 1191 de
1401 1163 1491 1206 quo
1527 1147 1735 1192 serviebat
1768 1149 1942 1206 signum

300 1229 417 1289 quod
446 1229 630 1288 ponebat
668 1231 710 1273 in
741 1231 829 1274 suis
863 1229 1014 1274 litteris
1034 1229 1095 1288 [et
1132 1230 1219 1274 haec
1258 1230 1454 1289 nomina]
1480 1242 1512 1285 4,
1551 1233 1712 1288 JHESUS
1748 1232 1901 1276 MARIA
1933 1249 1941 1275 :

302 1314 523 1373 respondit
543 1313 661 1372 quod
685 1313 822 1358 clerici
856 1312 1086 1357 scribentes
1113 1330 1209 1358 suas
1242 1314 1400 1358 litteras
1427 1314 1645 1373 ponebant
1677 1313 1778 1373 [hoc
1809 1314 1885 1373 ibi]
1912 1323 1941 1368 5,

303 1412 344 1442 et
380 1397 576 1442 dicebant
607 1397 739 1456 aliqui
780 1396 897 1456 quod
931 1397 1105 1441 decebat
1134 1413 1292 1456 ponere
1328 1398 1399 1442 illa
1429 1398 1517 1442 duo
1555 1400 1750 1451 nomina,
1789 1400 1946 1455 Jnsssus

305 1482 467 1525 MAmA.

367 1630 508 1674 XXV.
534 1647 554 1670 «
581 1631 706 1683 ITEM,
733 1629 845 1674 dicta
868 1630 1082 1686 Johanna,
1113 1630 1307 1674 officium
1335 1631 1590 1689 angelorum
1618 1629 1884 1689 usurpando,
1905 1647 1947 1674 se

305 1714 413 1758 dixit
431 1727 471 1758 et
498 1715 675 1757 asseruit
698 1713 825 1757 fuisse
847 1726 887 1757 et
907 1729 996 1758 esse
1019 1715 1193 1757 missam
1216 1729 1268 1758 ex
1291 1727 1403 1772 parte
1428 1715 1526 1765 Dei,
1550 1715 1677 1758 etiam
1705 1713 1757 1758 ad
1784 1730 1831 1758 ea
1851 1730 1948 1773 quae

306 1797 358 1842 ad
401 1799 515 1841 viam
552 1797 647 1841 facti
683 1811 724 1841 et
763 1798 983 1855 sanguinis
1022 1797 1202 1841 humani
1236 1798 1495 1842 effusionem
1527 1799 1712 1842 omnino
1745 1797 1945 1842 tendunt.

307 1882 441 1934 Quod
462 1882 672 1925 sanctitati
701 1883 870 1938 penitus
891 1881 1079 1925 alienum
1103 1896 1180 1935 est,
1209 1894 1249 1925 et
1277 1883 1398 1926 omni
1423 1883 1502 1941 piae
1523 1883 1657 1926 menti
1681 1880 1945 1926 horrendum

310 1978 372 2009 est
396 1978 437 2008 et
462 1963 751 2008 abominabile
773 1966 803 2008 ⁶.
827 1982 847 2003 »

366 2048 405 2068 **
420 2047 486 2091 Ad
512 2048 653 2091 hunc7
681 2047 927 2099 articulum,
955 2047 1064 2091 dicta
1090 2047 1158 2091 die
1187 2049 1348 2102 martis,
1377 2062 1515 2091 xxvn.
1543 2050 1701 2102 martii,
1721 2047 1951 2107 respondet

309 2131 506 2187 Johanna
529 2132 543 2156 ⁸
565 2129 682 2189 quod
701 2132 844 2188 primo
872 2130 1112 2189 requirebat
1135 2131 1252 2189 quod
1274 2131 1394 2175 fieret
1415 2147 1509 2189 an,
1535 2144 1593 2185 et,
1623 2147 1719 2175 casu
1747 2147 1837 2190 quo
1862 2147 1951 2176 non

310 2214 427 2258 fieret
450 2230 542 2272 pax,
570 2227 711 2272 parata
738 2228 824 2258 erat
853 2230 1055 2273 pugnare.

370 2297 555 2351 Sabbati,
579 2312 719 2340 xxun.
742 2297 957 2349 februarii,
987 2297 1179 2341 confessa
1199 2297 1280 2341 fuit
1299 2297 1416 2356 quod
1445 2311 1617 2342 venerat
1639 2314 1688 2342 ex
1709 2311 1826 2355 parte
1853 2299 1950 2350 Dei,

364 2476 381 2493 *
406 2476 553 2513 XXIV.
580 2476 626 2513 Se
644 2475 753 2524 refert
771 2475 818 2513 ad
840 2474 1099 2528 responsionem
1119 2475 1197 2528 ejus
1212 2474 1307 2514 alias
1320 2481 1429 2528 super
1447 2475 1509 2514 hoc
1518 2482 1585 2529 per
1604 2489 1683 2514 eam
1699 2476 1841 2529 factam
1867 2485 1896 2515 0.

367 2546 401 2564 **
434 2547 556 2585 XXV.
575 2546 769 2600 Respondet
787 2546 883 2600 quod
900 2547 1208 2599 premierement
1234 2546 1308 2585 elle
1330 2546 1530 2600 requeroit
1554 2560 1632 2600 que
1654 2561 1706 2585 on
1729 2546 1819 2586 feist
1845 2547 1950 2600 paix,

319 2627 356 2655 et
373 2631 465 2670 que,
491 2631 544 2656 ou
567 2631 631 2656 cas
651 2631 728 2670 que
753 2631 805 2656 on
836 2631 884 2656 ne
913 2618 1101 2656 voudroit
1121 2617 1215 2656 faire
1240 2618 1344 2670 paix‚
1368 2617 1442 2657 elle
1463 2618 1582 2656 estoit
1615 2627 1727 2656 toute
1751 2627 1881 2671 preste
1904 2618 1953 2656 de

315 2689 516 2727 combatre
538 2697 583 2727 ¹⁰.

369 2878 398 2900 1.
418 2867 450 2900 A
475 2879 484 2901 :
523 2867 715 2901 vicesimum
745 2872 914 2913 quartum.
945 2888 989 2892 —
1025 2878 1059 2901 2.
1094 2868 1125 2901 A
1152 2878 1163 2901 .·
1189 2866 1368 2913 respondet.
1398 2887 1446 2892 ——
1477 2878 1506 2912 3.
1541 2867 1573 2902 A
1610 2876 1705 2901 omet
1725 2867 1890 2911 Johanna.
1909 2888 1956 2893 —-

314 2936 346 2967 21.
377 2926 412 2969 Q
440 2934 539 2959 omet
573 2931 601 2959 et
634 2925 697 2959 haec
720 2926 867 2960 nomino.
896 2946 943 2951 —-
978 2936 1008 2969 ς.
1031 2926 1067 2970 Q
1088 2935 1185 2960 omet
1215 2925 1270 2959 hoc
1295 2927 1352 2960 ibi.
1385 2946 1432 2951 —-
1463 2925 1496 2960 6.
1519 2926 1586 2961 AC
1609 2939 1620 2960 .·
1633 2926 1887 2960 abhominabile.
1908 2947 1955 2952 —

316 2995 349 3028 7.
378 2985 409 3017 A
433 2996 443 3019 .·
471 2985 664 3018 vicesimum
681 2985 849 3030 quintum..
875 3005 920 3010 —-
937 2986 970 3020 8.
991 2985 1022 3019 A
1044 2994 1142 3020 omet
1160 2984 1324 3029 johanna,
1354 3006 1397 3010 -
1418 2996 1450 3029 9.
1479 2985 1520 3026 U,
1540 2985 1603 3020 fol.
1624 2986 1746 3021 28,v0.
1767 3006 1804 3010 —
1833 2995 1885 3019 10.
1910 2985 1952 3027 U,

320 3043 379 3077 sol.
405 3044 461 3085 28,
479 3052 528 3076 νο.
