2099 3356
367 208 446 251 132
642 194 797 238 PRociss
829 208 886 236 DE
920 205 1270 236 CONDAMNATION
1304 206 1359 234 DE
1391 205 1556 246 JEANNE
1588 189 1717 234 D’ARc

418 308 683 365 Interrogata
709 319 859 351 utrum
900 305 951 350 de
990 306 1186 364 praesenti
1220 305 1308 362 ipsa
1342 302 1567 356 recederet,
1609 304 1642 347 si
1677 301 1838 347 videret
1871 318 2003 346 suu-m

358 404 570 450 punctum
607 389 832 435 recedendi
860 403 868 433 :
912 388 1130 447 respondit
1157 387 1291 447 quod,
1330 388 1365 431 si
1396 386 1558 431 videret
1591 387 1756 429 ostium
1783 397 2000 443 apertum,

357 476 444 532 ipsa
472 473 710 528 recederet;
735 485 775 517 et
802 473 883 517 hoc
913 484 1021 517 esset
1043 472 1121 516 sibi
1150 483 1411 530 praeceptum
1439 470 1536 513 Dei.
1564 469 1616 513 Et
1645 468 1778 513 credit
1803 467 2003 521 firmiter,

358 559 391 601 si
416 557 576 601 videret
607 558 769 601 ostium
796 569 1010 614 apertum,
1039 568 1079 599 et
1107 553 1306 599 custodes
1333 554 1399 597 sui
1429 565 1470 596 et
1497 552 1569 596 alii
1597 552 1767 610 Anglici
1793 553 2007 596 nescirent

362 641 567 689 resistere,
598 642 686 699 ipsa
718 639 974 697 intelligeret
995 637 1115 697 quod
1138 639 1215 681 ista
1248 650 1310 681 est
1343 636 1509 680 licentia
1543 652 1617 680 sua
1651 647 1692 679 et
1731 634 1850 693 quod
1885 636 2004 679 Deus

364 725 553 767 mitteret
575 732 583 749 ¹
611 725 648 767 ei
669 738 944 776 succursum;
970 721 1041 766 sed
1069 721 1229 780 absque
1258 721 1428 764 licentia
1451 735 1540 763 non
1563 718 1789 769 recederet,
1814 719 1895 762 nisi
1923 717 2007 762 hoc

364 819 471 851 esset
495 805 613 866 quod
647 808 734 865 ipsa
768 805 921 850 faceret
953 821 1085 849 unam
1121 805 1457 862 aggressionem,
1495 802 1643 860 gallice
1676 818 1751 845 une
1781 803 2003 860 entreprise,

364 906 439 949 pro
461 889 635 935 sciendo
662 891 696 934 si
728 890 846 934 Deus
875 902 981 933 esset
1008 900 1254 940 contentus,
1285 887 1469 944 allegans
1502 885 1607 930 illud
1646 885 1922 944 proverbium
1958 886 2004 928 in

360 974 514 1032 gallico
534 973 761 1031 vulgatum
790 990 798 1016 z
824 973 925 1016 Aide
945 981 1020 1031 toy,
1047 973 1153 1016 Dieu
1176 981 1208 1015 te
1226 971 1377 1015 aldem.
1409 971 1460 1014 Et
1490 968 1602 1013 istud
1624 968 1727 1013 dicit
1756 982 1818 1023 ut,
1854 969 1889 1013 si
1916 969 2006 1027 ipsa

363 1059 458 1111 iret,
478 1073 567 1102 non
590 1057 801 1101 diceretur
826 1055 944 1115 quod
971 1057 1062 1099 sine
1085 1055 1253 1099 licentia
1277 1055 1526 1098 recessisset.

420 1143 701 1199 Interrogata,
725 1153 953 1199 postquam
982 1141 1069 1198 ipsa
1091 1141 1267 1197 petierat
1282 1138 1427 1182 audire
1442 1139 1633 1191 missam,
1651 1150 1858 1181 utrumne
1883 1134 2004 1179 vide-

362 1239 476 1270 retur
503 1227 540 1269 ei
570 1225 792 1268 honestius
819 1222 979 1267 deferre
1005 1222 1200 1266 habitum
1229 1221 1485 1266 muliebrem
1505 1230 1518 1246 2
1541 1238 1552 1275 ;
1583 1233 1623 1264 et
1643 1219 1724 1264 fuit
1747 1219 1796 1263 ab
1825 1235 1871 1263 ea
1895 1220 2001 1278 peti-

360 1322 455 1352 tum
487 1308 605 1366 quod
650 1309 737 1365 ipsa
790 1306 1091 1365 praediligeret‚
1144 1306 1210 1349 vel
1253 1321 1401 1364 capere
1444 1304 1639 1349 habiturn
1669 1303 1927 1348 muliebrem
1966 1314 2008 1345 et

365 1391 511 1435 audire
540 1392 729 1444 missam,
753 1391 818 1433 vel
849 1405 1021 1433 manere
1053 1390 1095 1432 in
1126 1389 1274 1432 habitu
1300 1388 1410 1431 virili
1436 1401 1476 1431 et
1510 1403 1599 1432 non
1632 1386 1781 1431 audire
1813 1386 2003 1429 missam.

367 1473 605 1533 Respondit
635 1491 642 1517 :
681 1491 699 1513 «
731 1473 986 1518 Certificetis
1015 1489 1083 1516 me
1111 1471 1161 1516 de
1194 1471 1410 1516 audiendo
1451 1473 1640 1525 missam,
1673 1471 1707 1514 si
1749 1486 1828 1528 ego
1852 1470 1934 1513 sim
1963 1469 2006 1511 in

368 1557 515 1601 habitu
542 1557 759 1611 muliebri,
786 1570 826 1600 et
850 1573 930 1615 ego
948 1572 1075 1614 super
1097 1556 1177 1600 hoc
1200 1556 1321 1600 vobis
1342 1554 1625 1614 respondebo.
1654 1571 1675 1595 »

426 1642 553 1685 Tunc
602 1641 682 1685 fuit
719 1641 799 1685 sibi
836 1640 1000 1685 dictum
1033 1656 1105 1698 per
1139 1642 1476 1698 interrogantem
1506 1656 1513 1682 :
1557 1657 1575 1676 «
1614 1639 1664 1682 Et
1690 1654 1769 1695 ego
1821 1635 2006 1682 certifico

416 1821 673 1873 Interroguee
695 1833 734 1859 se
753 1820 800 1858 de
822 1820 980 1872 present
998 1818 1072 1857 elle
1099 1819 1291 1871 partiroit‚
1309 1817 1417 1857 s’clle
1439 1818 1546 1857 veoit
1565 1831 1637 1856 son
1655 1818 1768 1870 point
1792 1817 1840 1856 de
1860 1817 2003 1870 partir:

362 1892 550 1945 respond,
568 1891 675 1930 s'elle
700 1892 806 1930 veoit
825 1890 924 1944 l'uys
941 1901 1095 1938 ouvert,
1123 1890 1196 1929 elle
1216 1890 1297 1928 s’en
1320 1890 1425 1935 iroit,
1447 1899 1484 1928 et
1506 1903 1548 1928 ce
1574 1889 1641 1942 luy
1661 1889 1780 1928 seroit
1804 1888 1838 1927 le
1860 1889 2004 1942 congie

362 1964 409 2002 de
441 1973 572 2002 nostre
599 1964 805 2016 Seigneur.
829 1964 875 2002 Et
899 1964 1018 2001 croist
1042 1961 1292 2008 seruientem,
1316 1961 1422 2000 s’elle
1447 1962 1554 2000 veoit
1577 1960 1680 2014 l’uys
1703 1969 1858 2009 ouvert,
1883 1970 1920 1999 et
1942 1973 2002 1999 ses

362 2036 501 2089 gardes
522 2045 560 2074 et
584 2035 640 2074 les
661 2044 790 2073 autres
808 2034 988 2087 Angloys
1009 2033 1071 2086 n'y
1094 2043 1296 2072 sceussent
1318 2034 1488 2080 re‘sistcr,
1515 2032 1589 2072 elle
1611 2032 1838 2072 entendroit
1862 2045 1938 2085 que
1957 2045 2001 2070 ce

365 2107 485 2146 seroit
505 2107 540 2145 le
565 2107 725 2159 congie',
755 2115 791 2144 et
824 2119 899 2158 que
934 2115 1066 2144 nostre
1098 2105 1292 2157 Scigneur
1326 2104 1393 2157 luy
1414 2105 1648 2157 envoyeroit
1675 2117 1861 2151 secours;
1899 2103 1996 2142 mais

366 2191 454 2216 sans
476 2184 487 2209 3
515 2178 656 2230 congii*
679 2191 727 2216 ne
750 2176 829 2215 s'en
856 2177 946 2215 iroit
972 2190 1053 2229 pas,
1081 2176 1111 2214 si
1133 2190 1175 2214 cc
1196 2175 1354 2214 n'estoit
1380 2175 1486 2214 s'elle
1511 2175 1642 2214 saisoit
1664 2189 1740 2214 une
1761 2175 2004 2227 entreprinse

366 2263 467 2301 pour
491 2248 570 2287 s'en
596 2249 690 2296 aler,
718 2262 818 2301 pour
842 2249 994 2296 scavoir
1019 2262 1058 2286 se
1090 2257 1221 2286 nostre
1244 2248 1328 2286 Sire
1353 2261 1400 2285 en
1439 2248 1558 2286 seroit
1581 2256 1759 2293 content,
1783 2256 1821 2285 et
1851 2246 2003 2298 allegue

367 2337 385 2355 «
419 2321 518 2359 Aide
536 2330 622 2373 toy,
649 2321 750 2358 Dieu
772 2329 808 2358 te
830 2319 959 2358 aidcra
979 2336 1011 2356 ».
1041 2320 1087 2357 Et
1111 2319 1145 2357 le
1169 2319 1224 2357 dit
1242 2333 1345 2372 pour
1372 2332 1415 2357 cc
1440 2332 1530 2372 que,
1554 2317 1659 2357 s’elle
1682 2317 1763 2357 s'en
1795 2317 1904 2365 aloit,
1925 2331 2001 2370 que

365 2407 418 2430 on
442 2406 489 2430 ne
511 2391 611 2430 deist
633 2405 700 2444 pas
722 2390 864 2445 qu'elle
886 2390 965 2429 s’en
992 2390 1068 2428 sust
1092 2389 1190 2429 allee
1218 2404 1306 2429 sans
1325 2391 1482 2443 congie'.

418 2463 690 2515 Interroguee,
713 2462 802 2514 puis
827 2460 968 2514 qu’elle
991 2461 1186 2499 demande
1211 2461 1230 2499 a
1252 2465 1311 2500 o'ir
1341 2475 1483 2508 messe,
1507 2474 1582 2514 quc
1609 2461 1632 2499 il
1662 2459 1812 2499 semble
1846 2474 1921 2514 que
1955 2473 1998 2499 ce

360 2535 479 2573 seroit
500 2534 534 2572 le
561 2533 648 2587 plus
669 2534 864 2572 honneste
887 2532 1030 2586 qu'elle
1049 2532 1127 2571 fust
1149 2546 1196 2570 en
1230 2532 1329 2571 abit·
1346 2532 1393 2571 de
1428 2532 1601 2580 femme3
1634 2541 1671 2570 et
1707 2545 1807 2585 pour
1843 2544 1889 2570 ce
1920 2530 1999 2570 fust

361 2606 609 2658 interroguee
633 2605 763 2658 lequel
782 2604 856 2643 elle
876 2604 1070 2657 aymeroit
1089 2603 1287 2657 [mieulx],
1312 2604 1479 2656 prendre
1501 2603 1579 2642 abit
1603 2603 1650 2642 de
1669 2603 1814 2642 femme
1839 2612 1876 2642 et
1897 2617 1999 2656 ouyr

361 2690 503 2724 messe,
530 2690 605 2730 que
652 2676 864 2714 demourer
897 2689 944 2713 en
976 2674 1056 2713 abit
1083 2674 1258 2713 d’omme
1297 2684 1335 2713 et
1364 2689 1443 2714 non
1481 2689 1554 2728 oyr
1585 2688 1724 2713 messe.
1762 2674 1949 2728 Respond
1990 2686 1997 2712 :

2063 0 2099 196 „sm-is*

364 2764 382 2784 a
414 2747 716 2787 Certiffies-moi
741 2747 788 2786 de
814 2752 874 2785 o'1'1·
893 2760 1036 2795 messe,
1060 2760 1100 2785 se
1124 2747 1158 2799 je
1183 2760 1275 2800 suys
1300 2760 1348 2785 en
1382 2746 1461 2785 abit
1485 2746 1533 2785 de
1557 2745 1729 2795 femme3
1753 2755 1790 2785 et
1811 2759 1876 2785 sur
1901 2759 1944 2785 ce
1965 2747 1999 2798 je
2034 2779 2037 2783 .
2084 2744 2099 2757 ““

359 2832 460 2858 vous
482 2819 739 2872 respondray.
765 2834 783 2853 »

414 2891 449 2928 A
473 2903 581 2943 quoy
600 2889 669 2942 luy
689 2888 747 2928 fut
771 2889 827 2928 dit
856 2902 925 2942 par
948 2888 1217 2942 l'interrogant
1245 2903 1252 2927 ε
1286 2905 1304 2925 «
1338 2890 1384 2928 Et
1410 2890 1444 2941 je
1471 2903 1571 2928 vous
1606 2888 1769 2928 certiffie
1797 2902 1873 2942 que
1896 2902 1996 2928 vous

417 3101 445 3125 1.
469 3091 499 3124 A
529 3103 538 3124 .·
559 3091 589 3124 ei
614 3092 770 3124 mitteret.
795 3111 840 3115 —
859 3100 890 3124 2.
917 3090 978 3125 BC
997 3102 1040 3124 en
1061 3102 1178 3135 marge
1197 3103 1202 3123 :
1226 3091 1277 3123 Dc
1298 3090 1423 3124 habitu.
1442 3111 1487 3115 —
1505 3101 1534 3136 3.
1558 3091 1626 3125 Ms.
1652 3103 1660 3124 .·
1681 3103 1747 3125 sen.
