2099 3356
402 225 558 269 PRocbs
591 239 645 268 DE
678 237 1031 267 CONDAMNATION
1071 237 1125 265 DE
1157 236 1320 278 JEANNE
1353 221 1485 265 D'AR'C
1710 237 1760 278 41

124 342 264 385 tiones
288 337 339 383 de
361 340 453 397 ipso
475 337 679 382 habuerat
696 353 827 396 quam
852 336 904 381 de
927 336 1105 380 homine
1127 337 1312 388 vivente,
1336 347 1512 392 excepto
1540 334 1614 379 illo
1636 351 1765 393 quem

126 424 228 468 dicit
270 439 412 480 regem
452 439 597 466 suum.
631 422 750 466 Dixit
788 434 987 479 praeterea
1017 419 1134 479 quod
1175 431 1423 477 oportuerat
1460 422 1555 462 ea'm
1600 431 1766 462 mutare

125 507 320 552 habitum
342 522 471 550 suum
500 507 541 549 in
572 505 765 549 habitum
794 505 977 548 virilem.
1012 504 1137 556 Item,
1161 504 1289 547 etiam
1315 501 1447 546 credit
1481 501 1599 561 quod
1631 503 1768 546 consi-

125 592 232 635 lium
257 606 386 634 suum
415 599 423 615 ¹
458 590 564 633 bene
592 589 670 632 sibi
693 588 814 632 dixit.

184 675 308 727 Item,
332 673 437 717 dixit
463 672 581 731 quod
620 674 706 730 ipsa
745 673 860 715 misit
893 672 1050 715 litteras
1083 670 1275 727 Anglicis
1306 670 1586 714 existentibus
1624 686 1768 714 coram

123 758 379 811 Aurelianis,
403 758 674 800 continentes
701 755 819 814 quod
848 755 947 799 inde
972 754 1233 808 recederent,
1267 753 1643 813 quemadmodum
1668 770 1769 797 con-

124 844 285 886 tinetur
315 842 358 884 in
395 842 515 898 copia
550 840 805 892 litterarum,
835 856 931 898 quae
958 839 1037 882 sibi
1068 838 1147 882 fuit
1175 838 1279 882 lecta
1304 839 1346 881 in
1371 838 1446 882 bac
1474 837 1573 881 villa
1599 837 1769 881 Rotho-

123 926 344 983 magensi3
381 926 563 982 exceptis
607 937 751 968 tamen
789 922 960 968 duobus
1006 923 1072 967 vel
1110 922 1246 967 tribus
1282 922 1501 966 vocabulis
1540 923 1583 965 in
1618 920 1767 966 eadem

123 1011 242 1067 copia
264 1008 558 1061 existentibus,
580 1020 729 1066 utputa
753 1008 834 1052 boc
860 1006 978 1065 quod
996 1007 1151 1051 dicitur
1167 1008 1209 1049 in
1231 1008 1352 1063 copia
1369 1006 1436 1049 illa
1455 1006 1629 1049 reddatis
1648 1006 1770 1049 Puel-

125 1093 172 1136 lce
198 1092 322 1137 debet
350 1094 453 1150 poni
486 1093 658 1136 reddatis
688 1093 783 1149 regi.
822 1091 884 1135 Ibi
911 1092 1038 1135 etiam
1073 1102 1298 1149 ponuntur
1331 1090 1402 1133 illa
1441 1088 1565 1133 verba
1594 1106 1601 1132 :
1634 1098 1770 1148 corpus

117 1186 190 1235 pro
208 1186 372 1235 corpore,
402 1189 443 1220 et
465 1185 582 1234 caput
605 1192 761 1233 guerrae
788 1191 884 1233 quae
906 1191 994 1219 non
1017 1187 1136 1218 erant
1164 1176 1207 1217 in
1236 1175 1386 1218 litteris
1407 1172 1705 1231 originalibus.

183 1261 303 1304 Dixit
327 1260 509 1304 ulterius
540 1261 627 1318 ipsa
654 1259 852 1316 Johanna
874 1257 992 1317 quod
1014 1260 1090 1302 ivit
1117 1257 1168 1302 ad
1194 1257 1318 1301 illum
1341 1273 1472 1316 quem
1501 1256 1602 1301 dicit
1627 1273 1770 1315 regem

124 1360 271 1398 suum,
299 1345 390 1388 sine
419 1343 758 1401 impediment03
782 1356 838 1396 et,
869 1359 970 1387 curn
998 1343 1270 1401 applicuisset
1296 1340 1408 1400 apud
1439 1341 1585 1385 villam
1615 1354 1772 1385 sanctce

125 1428 371 1472 Katbarinae
399 1427 450 1472 de
472 1428 659 1481 Psalmis,
680 1440 781 1471 tunc
806 1428 945 1485 primo
968 1428 1085 1470 misit
1113 1425 1164 1470 ad
1186 1426 1308 1470 illurn
1336 1442 1467 1484 quem
1495 1425 1597 1469 dicit
1623 1441 1766 1483 regem

122 1528 267 1565 suum,
297 1510 496 1569 deinceps
517 1512 595 1554 ivit
618 1511 732 1568 apud
757 1519 769 1536 ²
808 1511 952 1555 villam
987 1510 1038 1555 de
1071 1510 1471 1562 Chastecm-Chinati,
1507 1510 1551 1552 in
1584 1525 1667 1566 qua
1701 1508 1771 1552 ille

123 1612 254 1654 quem
289 1594 391 1639 dicit
437 1611 580 1652 regem
624 1611 754 1638 suum
803 1607 905 1638 erat.
949 1594 1255 1653 Applicuitque
1301 1592 1463 1637 ibidem
1505 1593 1609 1636 hora
1648 1593 1767 1651 quasi

124 1679 373 1729 meridiana,
397 1692 437 1723 et
457 1695 500 1723 se
526 1679 755 1737 hospitavit
784 1679 826 1721 in
853 1677 1043 1737 quodam
1074 1678 1284 1735 hospitio3
1313 1690 1368 1730 et,
1396 1689 1492 1735 post
1520 1675 1765 1734 prandium,

122 1765 198 1807 ivit
225 1763 275 1808 ad
296 1763 421 1807 illum
444 1778 575 1822 quem
601 1762 701 1806 dicit
722 1779 864 1820 regem
893 1778 1039 1816 suum,
1070 1764 1145 1820 qui
1165 1764 1252 1806 erat
1277 1763 1321 1805 in
1347 1774 1498 1806 castro.
1523 1762 1648 1814 Item,
1668 1759 1770 1804 dicit

121 1846 253 1906 quod,
283 1846 460 1906 quando
495 1848 665 1890 intravit
692 1863 905 1891 cameram
937 1848 1002 1890 sui
1045 1847 1154 1903 regis
1191 1845 1394 1903 praedicti,
1429 1846 1635 1903 cognovit
1669 1860 1769 1888 eum

123 1932 233 1975 inter
259 1931 380 1985 alios,
412 1947 484 1990 per
507 1931 740 1975 consilium
767 1947 855 1974 suae
889 1931 1020 1984 vocis,
1056 1930 1137 1974 hoc
1174 1929 1252 1973 sibi
1290 1928 1530 1973 revelantis.
1562 1929 1771 1987 Dixitque

123 2015 264 2060 eidem
291 2031 371 2059 suo
399 2016 484 2073 regi
507 2014 626 2074 quod
660 2014 829 2058 volebat
862 2016 920 2058 ire
956 2014 1117 2058 factum
1153 2029 1351 2071 guerram
1373 2025 1521 2057 contra
1550 2012 1768 2070 AnglicOS.

181 2100 440 2157 Interrogata
461 2101 510 2150 si,
535 2099 605 2142 illa
626 2100 716 2143 vice
749 2115 832 2157 qua
855 2114 939 2142 vox
968 2097 1158 2141 ostendit
1178 2098 1255 2141 sibi
1292 2113 1421 2141 suum
1446 2113 1589 2155 regem
1618 2095 1768 2155 praefa—

121 2196 232 2236 tum,
258 2196 343 2227 erat
382 2183 522 2242 aliqua
560 2184 631 2226 lux
676 2184 718 2226 in
761 2183 854 2226 loco
891 2182 1063 2240 praefato
1097 2198 1105 2225 τ
1149 2180 1368 2240 respondit
1407 2198 1414 2224 :
1462 2198 1481 2221 ‹<
1523 2181 1769 2224 Transeatis

121 2267 246 2310 ultra.
287 2282 306 2305 »

180 2351 440 2409 Interrogata
468 2363 614 2395 utrum
639 2351 847 2395 videritne
869 2351 1058 2410 aliquem
1087 2350 1287 2409 angelum
1309 2366 1433 2408 supra
1456 2351 1599 2408 ipsum
1622 2364 1765 2406 regem

122 2451 249 2479 suum
277 2452 284 2478 :
314 2435 534 2493 respondit
563 2452 570 2478 :
601 2452 620 2475 «
654 2436 834 2479 Parcatis
857 2435 982 2488 mibi,
1019 2436 1241 2478 transeatis
1267 2434 1391 2478 ultra.
1421 2450 1440 2473 ›>
1475 2434 1595 2477 Dixit
1620 2445 1764 2476 tamen

122 2518 255 2577 quod,
287 2532 518 2577 antequam
542 2535 611 2563 rex
644 2535 746 2563 suus
770 2532 947 2577 poneret
972 2535 1065 2563 eam
1095 2519 1138 2561 in
1167 2534 1292 2576 opus,
1321 2519 1409 2577 ipse
1435 2517 1591 2561 multas
1619 2515 1768 2560 habuit

120 2604 405 2660 apparitiones
432 2616 471 2646 et
494 2603 775 2647 revelationes
797 2603 992 2660 pulchras
1021 2611 1047 2645 ³.

180 2686 438 2744 Interrogata
476 2687 621 2744 quales
661 2687 943 2730 revelationes
981 2700 1020 2730 et
1065 2687 1354 2744 apparitiones
1397 2684 1511 2730 idem
1554 2701 1623 2729 rex
1668 2701 1771 2729 suus

123 2768 300 2813 habuit:
335 2769 585 2827 respondit:
625 2790 643 2807 «
670 2771 760 2828 Ego
790 2786 877 2813 non
909 2769 1049 2813 dicam
1082 2771 1161 2814 hoc
1201 2770 1337 2813 vobis.
1383 2768 1539 2813 Adhuc
1580 2785 1667 2812 non
1708 2781 1771 2812 est

120 2852 242 2896 vobis
264 2869 545 2911 responsumg
573 2853 644 2898 sed
674 2855 852 2898 mittatis
875 2853 924 2897 ad
949 2855 1091 2911 ipsum
1122 2870 1282 2911 regern,
1311 2866 1351 2897 et
1370 2853 1480 2897 dicet
1506 2853 1642 2897 vobis.
1672 2870 1690 2892 »

174 3094 201 3117 1.
224 3084 258 3128 Q
271 3093 369 3119 omet
389 3096 502 3122 sicum,
531 3105 574 3110 —
604 3095 636 3119 2.
658 3085 690 3129 Q
713 3094 810 3120 ornet
833 3085 931 3119 illum
945 3097 1038 3131 quem
1059 3085 1140 3120 dicit
1157 3097 1263 3131 regem
1283 3097 1392 3128 sunm,
1411 3084 1556 3131 deinceps
1579 3085 1642 3118 ivit
1662 3083 1760 3130 apud.

124 3163 168 3167 —
191 3153 218 3187 3.
243 3147 270 3176 A
298 3143 474 3189 :pulchras
497 3145 720 3178 revelationes.
