2099 3356
304 212 356 267 38
582 212 738 254 PROCES
771 225 828 254 DE
860 206 1212 255 coNDAM'NATioN
1248 226 1303 255 DE
1335 225 1500 268 JEANNE
1533 212 1656 255 D’Aac

298 324 407 368 bene
430 323 649 369 informati
665 323 717 369 de
738 340 824 378 me,
853 340 930 368 vos
954 323 1162 368 deberetis
1201 324 1308 368 velle
1334 324 1451 383 quod
1485 340 1620 369 essem
1645 337 1760 369 extra
1782 341 1937 370 manus

299 420 470 452 vestras.
488 407 578 466 Ego
600 407 711 452 nihil
731 407 810 452 feci
832 408 913 451 nisi
941 423 1016 466 per
1033 407 1356 453 revelationem.
1384 424 1404 448 »

358 491 621 548 Interrogata
643 503 960 549 consequenter
995 490 1046 535 de
1077 503 1198 535 aetate
1231 492 1275 534 in
1314 505 1398 550 qua
1437 502 1540 545 erat,
1577 490 1683 535 dum
1724 493 1936 536 recessita

302 572 435 617 domo
463 574 590 631 patris
611 590 619 617 :
647 573 755 618 dixit
775 573 894 632 quod
918 573 970 618 de
986 586 1108 618 aetate
1136 575 1271 618 nescit
1291 574 1520 632 deponere.

359 657 620 713 Interrogata
646 668 796 702 utrum
834 658 878 700 in
907 659 1133 715 juventute
1163 656 1355 702 didicerit
1380 666 1388 683 ¹
1410 657 1598 716 aliquam
1646 670 1780 702 artem
1806 675 1813 701 :
1835 657 1944 702 dixit

302 740 419 800 quod
458 742 531 794 sic,
576 739 627 784 ad
655 739 872 785 suendum
913 756 1078 799 pannos
1123 741 1261 785 lineos
1302 753 1343 785 et
1368 740 1602 796 nendum3
1648 756 1726 785 nec
1756 741 1936 785 timebat

304 825 532 870 mulierem
553 824 954 883 Rothomagensem
994 824 1045 868 de
1073 823 1218 869 nendo
1242 837 1283 869 et
1304 824 1485 868 suendo.
1515 807 1712 868 ‘Ulterius
1749 823 1944 869 confessa

302 909 383 954 fuit
409 908 543 968 quod,
569 921 745 967 propter
762 910 964 953 timorem
981 908 1334 965 Burgundorum,
1358 910 1525 952 recessit
1551 923 1573 952 a
1596 907 1729 952 domo
1747 909 1873 967 patris
1899 921 1940 952 et

303 994 381 1036 ivit
407 991 457 1036 ad
488 992 634 1036 villam
662 991 713 1036 de
727 993 1012 1046 Novocastro,
1041 994 1082 1035 in
1111 992 1403 1050 Lotliaringia,
1432 1008 1559 1050 penes
1584 991 1818 1051 quamdam
1845 1007 1947 1036 mu-

306 1077 468 1129 lierem,
488 1077 840 1134 cognominatam
866 1077 906 1119 la
932 1077 1090 1128 Rousse,
1106 1075 1178 1119 ubi
1206 1077 1322 1119 stetit
1337 1077 1457 1134 quasi
1474 1091 1546 1134 per
1565 1074 1816 1133 quindecim
1838 1074 1944 1129 dies;

306 1158 466 1204 addens
490 1160 667 1203 ulterius
685 1158 818 1218 quod,
837 1159 942 1203 dum
970 1172 1077 1203 esset
1099 1161 1142 1202 in
1168 1159 1302 1203 domo
1325 1159 1467 1218 patris,
1486 1158 1656 1203 vacabat
1676 1160 1785 1203 circa
1809 1174 1945 1216 nego-

308 1245 364 1287 tia
387 1242 611 1287 familiaria
638 1242 809 1296 domm,
832 1258 908 1286 nec
932 1242 1018 1286 ibat
1038 1241 1090 1287 ad
1114 1258 1288 1301 campos
1311 1258 1408 1286 cum
1432 1242 1587 1287 ovibus
1609 1256 1650 1286 et
1667 1243 1758 1286 aliis
1785 1244 1947 1286 anima-

307 1326 432 1371 libus.

366 1411 493 1465 Item,
523 1411 781 1468 interrogata
820 1423 967 1454 utrum
1007 1410 1203 1469 quolibet
1242 1426 1358 1454 anno
1409 1409 1695 1454 confitebatur
1739 1421 1938 1467 peccata:

309 1493 536 1552 respondet
554 1493 672 1552 quod
710 1495 782 1546 sic,
814 1507 854 1537 et
906 1506 1055 1538 curato
1095 1495 1300 1552 proprio;
1355 1507 1396 1538 et
1422 1493 1598 1552 quando
1641 1506 1812 1537 curatus
1863 1504 1950 1536 erat

309 1577 557 1636 impeditus,
579 1577 862 1622 confitebatur
882 1580 958 1622 uni
977 1577 1096 1621 alteri
1122 1577 1346 1631 sacerdoti,
1371 1576 1422 1621 de
1445 1577 1616 1621 licentia
1638 1578 1770 1634 ipsius
1790 1577 1945 1619 curati.

309 1661 585 1720 Aliquotiens
609 1662 756 1716 etiam,
799 1661 860 1704 bis
884 1673 955 1705 aut
982 1673 1059 1714 ter,
1103 1673 1232 1719 prout
1253 1660 1398 1714 credit,
1422 1659 1614 1704 confessa
1639 1659 1719 1704 fuit
1739 1659 1948 1717 religiosis

312 1744 668 1790 mendicantibus.
706 1745 755 1788 Et
776 1745 858 1788 hoc
900 1757 987 1788 erat
1007 1744 1119 1802 apud
1154 1744 1309 1789 dictam
1339 1745 1483 1788 villam
1507 1743 1559 1787 de
1580 1745 1865 1788 Novocastro.
1894 1743 1947 1786 Et

310 1829 533 1888 recipiebat
555 1842 870 1873 sacramentum
883 1829 1156 1873 Eucharistia-
1178 1831 1221 1872 in
1243 1828 1349 1872 festo
1367 1827 1549 1872 Paschae.

368 1914 628 1971 Interrogata
655 1926 819 1966 utrum,
867 1913 958 1956 aliis
994 1911 1110 1957 festis
1131 1927 1263 1971 quain
1287 1914 1328 1956 in
1356 1912 1527 1965 Pascha,
1556 1911 1781 1970 recipiebat
1808 1913 1949 1969 ipsum

312 1998 586 2040 Eucharistiae
613 2010 962 2040 sacramentum:
1005 1996 1112 2040 dixit
1162 1997 1439 2054 interroganti
1481 1995 1598 2054 qnod
1633 1997 1720 2053 ipse
1757 1996 1952 2038 transiret

311 2081 434 2124 ultra.
464 2081 651 2124 Ulterius
678 2080 869 2124 confessa
895 2080 976 2124 fuit
1003 2079 1136 2138 quod,
1166 2079 1270 2123 dum
1299 2092 1406 2123 esset
1435 2081 1567 2123 aetatis
1598 2079 1696 2122 XIII
1715 2093 1948 2128 annorum,

313 2166 400 2222 ipsa
429 2164 575 2207 habuit
596 2179 744 2207 vocem
789 2179 811 2206 a
857 2164 966 2217 Deo,
1015 2179 1090 2221 pro
1118 2179 1160 2207 se
1192 2162 1380 2221 juvando
1402 2162 1452 2207 ad
1491 2161 1840 2219 gubernandum.
1879 2162 1946 2215 Et,

314 2249 448 2305 prima
469 2249 574 2301 vice,
606 2247 753 2291 habuit
781 2262 986 2304 magnum
1011 2249 1230 2291 timorem.
1259 2248 1308 2291 Et
1336 2248 1454 2291 venit
1482 2246 1552 2290 illa
1579 2261 1678 2299 vox,
1697 2247 1816 2303 quasi
1840 2245 1945 2288 hora

314 2331 567 2384 meridiana,
598 2343 791 2388 tempore
829 2333 994 2376 aestivo.
1040 2333 1081 2374 in
1106 2331 1231 2374 horto
1260 2332 1385 2388 patris
1435 2331 1500 2373 sui
1526 2347 1536 2383 ;
1578 2341 1619 2373 et
1641 2331 1728 2387 ipsa
1751 2328 1950 2385 Johanna

311 2431 398 2459 non
426 2423 438 2440 ²
463 2417 724 2471 jejunaverat
746 2414 814 2458 die
837 2413 1105 2470 praecedenti.
1137 2414 1406 2472 Audivitque
1431 2428 1580 2457 vocem
1597 2429 1618 2456 a
1645 2412 1795 2456 dextro
1823 2412 1950 2455 latere

313 2514 458 2543 versus
481 2499 716 2551 ecclesiam,
747 2510 893 2542 etraro
917 2513 1011 2541 eam
1034 2496 1152 2541 audit
1174 2499 1263 2541 sine
1285 2498 1491 2541 claritare.
1522 2497 1635 2549 Quae
1671 2494 1846 2554 quidem
1869 2495 1954 2538 cla-

316 2583 413 2626 ritas
436 2596 498 2625 est
519 2581 569 2625 ab
591 2581 745 2625 eodem
789 2581 915 2624 latere
938 2583 979 2624 in
1006 2597 1094 2639 quo
1126 2597 1209 2624 vox
1241 2580 1428 2633 auditur,
1473 2579 1544 2623 sed
1571 2579 1627 2622 ibi
1661 2580 1957 2623 communiter

314 2679 375 2709 est
400 2682 554 2723 magna
587 2666 765 2709 claritas.
804 2666 852 2708 Et
877 2664 1050 2722 quando
1086 2665 1172 2722 ipsa
1193 2664 1391 2720 Johanna
1436 2663 1631 2707 veniebat
1653 2665 1695 2706 in
1718 2663 1953 2715 Franciam,

317 2764 426 2806 saepe
447 2748 645 2792 audiebat
667 2748 782 2791 illam
807 2764 974 2791 vocem.

374 2833 635 2889 Interrogata
662 2831 844 2889 qualiter
868 2830 1035 2874 videbat
1063 2838 1072 2863 ⁵
1106 2831 1340 2874 claritatem
1362 2845 1493 2888 quam
1522 2828 1577 2872 ibi
1602 2827 1745 2872 adesse
1773 2827 1955 2880 dicebat,

316 2932 415 2960 cum
444 2915 514 2958 illa
540 2915 703 2958 claritas
727 2927 833 2958 esset
862 2930 883 2957 a
911 2914 1036 2957 latere
1061 2930 1068 2956 :
1098 2914 1205 2957 nihil
1230 2912 1280 2957 ad
1320 2913 1401 2957 hoc
1431 2912 1679 2970 respondit3
1712 2904 1784 2955 sed
1825 2923 1956 2954 trans-

324 3035 1947 3052 ——ss———ffl—

371 3130 398 3151 1.
422 3120 451 3152 A
475 3131 484 3151 .·
510 3118 664 3153 didicerit
680 3120 714 3151 ιή
730 3119 917 3162 juventute⁴
942 3137 989 3142 -—
1011 3126 1040 3150 2.
1065 3116 1097 3160 Q
1117 3124 1214 3150 ornet
1237 3127 1311 3148 non.
1331 3135 1378 3141 —-
1399 3125 1428 3159 3.
1452 3114 1518 3149 AC
1540 3114 1696 3160 aj0utent
1718 3113 1831 3149 illam,
