2099 3356
311 187 360 253 {6
588 199 746 242 PRocf-:s
779 213 834 242 Dr:
866 213 1216 244 conoAMNATION
1252 216 1306 244 DE
1336 217 1504 258 JEANNE
1538 203 1668 247 D'ARC

304 311 363 356 ibi
390 324 478 355 erat
504 311 652 356 lumen
687 326 695 355 :
748 310 969 370 respondit
1008 311 1125 370 quod
1162 312 1219 357 ibi
1253 326 1341 358 erat
1387 314 1579 360 multum
1606 315 1659 364 de
1697 316 1865 362 lumine
1896 316 1947 362 ab

303 397 423 439 omni
452 408 584 454 parte,
607 407 647 438 et
670 393 789 453 quod
807 395 888 439 hoc
921 394 1028 439 bene
1049 394 1181 440 decet.
1213 398 1332 441 Dixit
1359 399 1488 442 etiam
1517 399 1800 458 interroganti
1821 399 1939 459 quod

307 495 396 523 non
423 491 565 522 totum
588 478 786 522 veniebat
805 478 856 522 ad
884 480 1025 537 ipsum
1054 488 1083 522 ¹.

366 563 627 620 Interrogata
639 575 785 606 utrum
807 574 892 606 erat
907 563 1060 621 aliquis
1072 563 1247 621 angelus
1267 579 1392 622 supra
1408 578 1535 623 caput
1552 567 1659 623 regis
1675 568 1758 621 sui,
1775 566 1950 625 quando

306 644 415 689 vidit
439 661 539 689 eum
562 646 698 704 prima
724 647 815 690 vice
845 663 854 690 z
897 646 1118 705 respondit
1144 663 1152 690 ;
1180 664 1199 687 «
1231 647 1310 692 Per
1340 649 1511 692 Beatam
1543 649 1750 694 Mariam!
1787 652 1820 695 si
1846 663 1948 706 erat,

307 745 387 788 ego
409 730 553 773 nescio
579 737 593 755 ²
617 747 628 784 ;
656 745 732 773 nec
754 731 897 788 ipsum
926 728 1029 774 vidi.
1063 747 1083 770 »

367 813 628 871 Interrogata
650 828 701 857 an
728 813 785 857 ibi
813 826 899 858 erat
924 813 1074 858 lumen
1100 832 1107 858 :
1141 815 1361 873 respondit
1393 833 1401 860 :
1437 833 1456 856 «
1490 816 1552 861 Ibi
1577 829 1696 862 erant
1720 818 1947 877 plusquam

308 898 485 940 trecenti
511 896 684 952 milites,
708 910 748 941 et
773 899 1087 956 quinquaginta
1102 897 1211 942 tedae
1231 915 1304 942 seu
1324 900 1518 954 torchiae,
1540 902 1632 945 sine
1653 902 1948 961 computando

309 981 455 1024 lumen
478 981 713 1039 spirituale.
744 982 793 1025 Et
815 997 908 1025 raro
938 980 1074 1026 babeo
1096 982 1380 1027 revelationes
1402 985 1507 1042 quin
1537 984 1593 1028 ibi
1612 986 1666 1029 sit
1687 985 1853 1030 lumen.
1884 1006 1903 1026 »

368 1065 629 1121 Interrogata
651 1065 832 1123 qualiter
853 1081 922 1109 rex
943 1081 1046 1109 suus
1080 1065 1275 1110 adhibuit
1294 1066 1423 1111 fidem
1445 1067 1565 1112 dictis
1581 1070 1672 1124 eius
1697 1083 1704 1109 :
1730 1070 1950 1128 respondit

308 1147 424 1206 quod
446 1148 532 1205 ipse
561 1147 739 1192 habebat
766 1148 877 1192 bona
906 1150 1168 1206 intersignia,
1200 1163 1241 1194 et
1262 1166 1335 1209 per
1355 1151 1532 1195 clerum.

368 1231 629 1290 Interrogata
651 1232 796 1290 quales
818 1232 1099 1277 revelationes
1122 1248 1190 1277 rex
1217 1250 1320 1278 suus
1339 1233 1488 1278 habuit
1519 1252 1526 1279 :
1551 1235 1793 1294 respondit:
1823 1238 1950 1281 «Vos

311 1330 399 1358 non
430 1314 638 1359 habebitis
662 1332 728 1360 eas
755 1315 893 1360 adhuc
928 1333 949 1360 a
987 1332 1056 1360 me
1085 1316 1135 1361 de
1160 1319 1240 1361 isto
1265 1333 1396 1362 anno.
1432 1337 1450 1357 »
1475 1319 1583 1363 Item
1612 1318 1718 1364 dixit
1742 1320 1860 1378 quod
1882 1336 1954 1380 per

314 1411 397 1442 tres
422 1398 711 1443 hebdomadas
736 1399 817 1443 fuit
844 1401 1101 1458 interrogata
1124 1417 1196 1459 per
1219 1401 1396 1455 clerum,
1417 1402 1528 1460 apud
1552 1403 1698 1447 villam
1718 1403 1769 1448 de
1794 1405 1952 1449 Chinon

312 1495 352 1526 et
384 1483 588 1541 Pictavi-g
617 1495 657 1527 et
696 1483 843 1527 habuit
872 1500 940 1527 rex
970 1500 1072 1528 suus
1096 1486 1268 1542 signum
1299 1493 1309 1516 ³
1339 1485 1391 1528 de
1418 1485 1537 1529 factis
1576 1488 1679 1541 suis,
1704 1488 1951 1545 priusquam

312 1566 437 1610 vellet
464 1567 500 1610 ei
523 1565 709 1611 credere.
735 1567 935 1611 Etclerici
952 1567 1002 1611 de
1028 1581 1141 1625 parte
1165 1584 1240 1612 sua
1264 1568 1440 1613 fuerunt
1458 1569 1818 1628 hujusopinionis
1835 1571 1952 1629 quod

311 1648 534 1693 videbatur
554 1651 627 1703 eis,
652 1651 692 1693 in
724 1650 832 1694 facto
849 1667 947 1704 suo,
975 1667 1062 1694 non
1076 1667 1164 1694 esse
1190 1652 1270 1695 nisi
1293 1651 1474 1695 bonum.

370 1733 633 1789 interrogata
655 1749 706 1776 an
733 1735 819 1791 ipsa
838 1733 965 1777 fuerit
987 1733 1099 1792 apud
1119 1735 1314 1777 Sanctam
1339 1734 1621 1779 Katharinam
1641 1734 1691 1779 de
1714 1735 1913 1780 Fierbois⁴
1944 1751 1951 1777 :

309 1815 530 1875 respondit
556 1816 672 1875 quod
707 1818 780 1869 sic,
811 1830 851 1860 et
876 1816 1033 1861 ibidem
1057 1817 1218 1861 audivit
1244 1831 1325 1861 tres
1354 1819 1502 1861 missas
1524 1834 1613 1862 uno
1638 1818 1728 1873 die;
1760 1832 1801 1863 et
1831 1819 1954 1864 dein—

309 1916 406 1957 ceps
434 1902 508 1943 ivit
544 1899 594 1943 ad
627 1899 771 1943 villani
810 1899 860 1943 de
904 1901 1075 1944 Chinon.
1116 1902 1238 1954 Item,
1269 1900 1369 1945 dicit
1409 1901 1526 1960 quod
1572 1903 1687 1945 misit
1714 1902 1874 1947 litteras
1901 1903 1952 1947 ad

311 1999 452 2040 regem
483 1999 627 2035 suum,
647 1985 687 2026 in
711 1983 868 2042 quibus
892 1984 1193 2028 continebatur
1218 1983 1335 2042 quod
1356 1985 1442 2042 ipsa
1464 1984 1659 2029 mittebat
1685 2002 1760 2044 pro
1775 1985 1954 2038 sciendo

310 2068 343 2109 si
366 2069 451 2124 ipsa
472 2068 645 2110 intraret
664 2067 807 2110 villam
836 2067 907 2111 ubi
934 2080 1021 2112 erat
1048 2084 1116 2111 rex
1138 2085 1241 2111 suus
1263 2067 1476 2125 praefatus>
1506 2082 1545 2112 et
1570 2068 1686 2126 quod
1715 2068 1822 2113 bene
1850 2085 1951 2127 pro-

309 2167 447 2207 gressa
476 2159 483 2182 ³
512 2151 647 2194 fuerat
666 2167 737 2208 per
757 2164 929 2195 centum
961 2164 1000 2195 et
1024 2153 1337 2210 quinquaginta
1361 2152 1499 2196 leucas
1526 2168 1602 2210 pro
1626 2152 1842 2196 veniendo
1863 2169 1955 2197 ver-

310 2251 381 2278 sus
408 2237 565 2292 ipsum,
595 2234 645 2278 ad
674 2237 763 2292 ejus
785 2235 1012 2288 auxilium,
1037 2234 1242 2294 quodque
1264 2235 1421 2279 sciebat
1449 2236 1583 2279 multa
1613 2235 1724 2279 bona
1750 2237 1764 2261 ⁶
1788 2252 1865 2294 pro
1883 2252 1951 2280 eo.

312 2318 362 2361 Et
398 2317 567 2361 videtur
614 2320 649 2362 ei
687 2318 801 2376 quod
837 2320 879 2361 in
921 2318 1081 2362 eisdem
1122 2319 1273 2362 litteris
1315 2318 1614 2363 continebatur
1662 2318 1779 2377 quod
1827 2320 1913 2377 ipsa
1940 2328 1953 2353 7

313 2415 583 2458 cognosceret
614 2401 719 2445 bene
751 2401 972 2459 praefatuni
1010 2418 1151 2459 regem
1193 2418 1319 2446 suum
1346 2403 1457 2445 inter
1495 2418 1647 2446 omnes
1678 2402 1796 2446 alios.
1824 2403 1950 2454 Item,

312 2484 412 2528 dicit
439 2484 554 2542 quod
585 2484 763 2528 habebat
790 2501 929 2528 unum
964 2500 1110 2529 ensem
1139 2487 1170 2538 ⁸,
1201 2501 1332 2543 quem
1355 2487 1464 2542 cepit
1490 2485 1602 2543 apud
1628 2485 1772 2528 villam
1801 2485 1953 2529 Vallis-

311 2568 479 2611 coloris.
508 2569 626 2611 Dixit
648 2570 793 2613 etiam.
826 2568 929 2611 duni
953 2581 1059 2612 esset
1083 2569 1274 2612 Turonis
1305 2569 1371 2612 vel
1406 2570 1447 2611 in
1475 2568 1732 2626 Cbaynone‚
1761 2569 1910 2626 gallice
1929 2571 1954 2612 ὰ

315 2652 486 2704 Chinon,
505 2652 622 2694 misit
643 2652 874 2708 quaesitum
897 2668 1036 2695 unum
1064 2667 1211 2695 ensem
1233 2653 1487 2695 existentem
1513 2653 1556 2694 in
1584 2651 1757 2695 ecclesia
1785 2652 1948 2695 Sanctae

314 2733 559 2777 Katharinae
583 2732 634 2776 de
664 2734 835 2777 Fierbois
859 2742 891 2786 ⁹,
925 2747 1038 2777 retro
1064 2734 1214 2787 altare3
1250 2747 1291 2777 et
1332 2735 1476 2778 statim
1515 2747 1609 2792 post
1644 2727 1832 2792 repertus
1871 2733 1951 2778 fuit

314 2817 498 2859 omnino
523 2815 815 2873 rubiginosus.

368 2999 394 3021 1.
418 2988 449 3020 A
469 2997 565 3022 omet
583 2988 626 3021 ad
645 2989 764 3034 ipsum
785 3008 830 3012 —
849 2998 880 3021 2.
903 2988 932 3021 C
954 3001 962 3021 :
981 3000 1036 3031 ego
1058 2990 1160 3022 nescio
1180 2989 1210 3022 51*
1229 2994 1311 3022 erat.
1338 3009 1383 3013 —
1407 2999 1435 3031 3.
1460 2988 1556 3022 ABC
1569 3000 1613 3022 en
1636 2999 1754 3034 margo
1777 3000 1783 3022 :
1803 2989 1893 3023 Nota
1915 2988 1953 3022 de

315 3048 422 3090 signo.
447 3068 492 3071 —
521 3057 554 3088 4.
579 3047 608 3081 C
633 3060 641 3080 .·
665 3036 826 3092 Fierlvbys.
852 3068 896 3072 —
922 3058 949 3089 5.
972 3047 1039 3081 AC
1072 3060 1080 3080 .·
1099 3054 1284 3093 pergressa.
1313 3068 1357 3072 —
1391 3047 1424 3082 6.
1456 3047 1485 3082 C
1511 3057 1609 3081 ornet
1636 3047 1730 3081 bona.
1757 3068 1799 3073 —
1832 3058 1864 3092 7.
1890 3047 1955 3082 AC

317 3105 475 3149 ajoutent
494 3107 578 3140 hene.
603 3127 646 3131 —
668 3107 700 3139 8.
724 3106 820 3140 ΑΒΕ
845 3118 887 3140 en
908 3118 1026 3151 marge
1048 3119 1053 3141 :
1072 3107 1123 3139 De
1140 3118 1221 3140 ense.
1247 3127 1290 3131 —
1312 3116 1345 3151 9.
1369 3106 1398 3140 C
1422 3119 1431 3139 .·
1452 3106 1618 3152 Fiet-boys.
