2099 3356
309 187 391 243 398
574 183 734 227 PRocsss
766 197 822 226 DE
854 196 1205 227 CONDAMNATION
1240 197 1295 226 DE
1325 197 1492 238 JEANNE
1523 181 1654 227 D'ARC

299 295 435 342 fuerat
459 295 645 354 decepta.
671 297 722 340 Et
736 294 901 340 audivit
915 296 1043 339 etiam
1060 294 1110 338 ab
1131 311 1178 339 ea
1200 294 1334 354 quod,
1362 311 1415 339 an
1437 307 1576 340 essent
1603 295 1704 340 bon1
1725 311 1779 339 an
1808 304 1817 321 ¹
1840 294 1941 339 mali

297 383 490 440 spiritus,
519 396 562 424 se
597 378 800 423 referebat
828 379 930 422 viris
950 379 1254 424 ecclesiasticis.
1281 380 1347 432 Et,
1381 391 1510 438 prout
1535 378 1612 423 sibi
1625 377 1823 433 ‘videtur,
1851 378 1942 423 haec

296 463 498 514 dicendo,
522 465 610 521 ipsa
637 462 837 519 Johanna
860 475 948 507 erat
969 478 1069 507 sana
1090 474 1237 507 mente
1264 475 1306 506 et
1338 462 1573 507 intellectu.

355 602 498 645 Frater
518 600 739 656 johannes
771 600 1032 654 Toutmoztlie',
1062 598 1296 659 presbyter,
1325 599 1491 644 ordinis
1516 600 1714 644 Fratrum
1730 598 1941 644 Praedica-

295 697 458 739 torum,
484 685 621 729 aetatis
652 699 777 728 xxuu
809 700 1026 729 annorum
1054 683 1120 727 vel
1148 685 1270 737 circa,
1305 685 1420 729 testis
1450 683 1701 742 productus,
1729 696 1937 743 receptus,

295 770 459 827 juratus
483 780 524 813 et
551 769 820 812 examinatus
840 767 952 812 dicta
975 767 1059 821 die,
1079 766 1181 812 dicit
1208 779 1250 811 et
1269 767 1449 826 deponit
1473 783 1546 827 per
1571 783 1700 812 suum
1727 768 1941 825 juramen-

295 866 391 898 tum
402 851 519 912 quod
540 860 571 903 ²,
591 851 658 897 die
671 867 754 911 qua
769 851 851 896 fuit
870 852 1083 896 sententia
1099 851 1181 896 lata
1191 864 1340 896 contra
1366 850 1523 896 dictam
1541 851 1803 908 Johannam‚
1824 851 1941 897 vide·

295 937 392 980 licet
415 937 632 989 mercurii,
656 936 700 979 in
725 936 868 994 vigilia
889 935 1270 980 festiEucharistiae
1284 934 1461 989 Christi,
1485 936 1573 994 ipse
1594 935 1793 994 loquens,
1820 951 1941 980 asso-

295 1018 450 1064 ciando
469 1019 641 1063 fratrem
671 1020 909 1063 Martinum
933 1020 1116 1072 Lavenu,
1142 1020 1232 1076 ejus
1256 1020 1439 1072 socium,
1459 1020 1533 1078 qui
1548 1017 1600 1062 ad
1623 1020 1756 1077 ipsam
1774 1019 1939 1075 Johan—

295 1119 411 1156 narn,
462 1119 587 1147 causa
632 1101 891 1146 exhortandi
942 1101 1099 1146 dictam
1149 1102 1395 1158 Johannarn
1448 1118 1525 1161 pro
1583 1102 1718 1147 salute
1762 1103 1935 1157 animae,

290 1199 519 1231 accesserat
547 1185 598 1230 de
621 1201 761 1240 mane,
792 1185 958 1230 audivit
984 1186 1126 1244 primo
1165 1201 1186 1229 a
1217 1187 1421 1243 magistro
1458 1186 1584 1247 Petro
1611 1186 1825 1240 Mauricii‚
1864 1187 1938 1246 qui

291 1272 379 1329 jam
408 1269 465 1314 ibi
491 1281 593 1324 erat,
624 1268 743 1328 quod
771 1270 858 1327 ipsa
885 1269 1048 1313 dixerat
1071 1282 1112 1312 et
1139 1268 1331 1313 confessa
1357 1269 1492 1314 fuerat
1521 1268 1654 1329 quod,
1684 1268 1734 1314 de
1758 1254 1935 1324 corona,

292 1370 382 1398 non
412 1366 500 1398 erat
516 1355 598 1398 nisi
621 1353 738 1398 fictio
762 1352 962 1412 quaedam
988 1362 1017 1407 ³,
1039 1365 1082 1397 et
1108 1352 1226 1411 quod
1255 1353 1435 1412 ipsamet
1454 1366 1541 1397 erat
1565 1353 1768 1412 angelus3
1794 1366 1835 1397 et
1857 1353 1938 1398 hoc

292 1436 505 1481 referebat
529 1436 669 1481 dictus
694 1438 896 1495 magister
916 1446 933 1470 ⁴
961 1435 1099 1480 verbis
1125 1437 1283 1481 latinis.

355 1522 405 1565 Et
425 1533 571 1580 postea
596 1521 683 1578 ipsa
703 1520 900 1577 Johanna
926 1521 1006 1564 fuit
1034 1521 1291 1578 interrogata
1313 1519 1363 1564 de
1391 1519 1567 1564 vocibus
1595 1520 1869 1565 venientibus
1886 1519 1937 1565 ad

293 1621 388 1649 eam
410 1618 451 1649 et
469 1603 825 1663 apparitionibus.
863 1604 955 1661 Ipsa
980 1603 1201 1662 respondit
1227 1603 1345 1662 quod
1376 1604 1543 1647 realiter
1570 1603 1767 1648 audiebat
1793 1619 1933 1658 voces,

293 1689 480 1732 maxime
504 1686 679 1746 quando
706 1685 985 1744 pulsabantur
1005 1701 1237 1744 campanae,
1265 1686 1368 1731 hora
1390 1686 1675 1745 Completorii
1697 1700 1738 1731 et
1759 1687 1937 1731 Matuti-

283 1788 447 1815 -narum
476 1788 487 1826 ;
514 1772 713 1830 quamvis
727 1769 806 1814 sibi
828 1770 979 1814 suisset
1000 1782 1185 1829 protunc
1205 1769 1370 1815 dictum
1399 1786 1472 1828 per
1491 1770 1655 1815 dictum
1682 1772 1936 1828 magistrum

290 1856 471 1900 Petrum
492 1854 609 1914 quod
649 1853 884 1913 aliquando
907 1854 1122 1908 homines,
1162 1853 1380 1898 audiendo
1408 1854 1582 1914 pulsum
1611 1870 1932 1913 campanarum,

288 1938 517 1984 credebant
539 1937 686 1982 audire
712 1951 752 1982 et
774 1937 1012 1995 intelligere
1036 1937 1178 1996 aliqua
1196 1936 1335 1983 verba.

346 2023 455 2066 Item
484 2024 613 2066 etiam
637 2021 746 2065 dicta
778 2021 979 2078 Johanna
1000 2020 1164 2065 dicebat
1186 2034 1225 2065 et
1246 2020 1532 2066 confitebatur
1555 2020 1750 2066 habuisse
1767 2022 1935 2080 appari-

288 2107 442 2160 tiones,
468 2122 564 2164 quae
587 2103 819 2149 veniebant
846 2103 896 2149 ad
917 2120 1027 2156 eam,
1057 2103 1322 2163 quandoque
1349 2121 1448 2149 cum
1478 2121 1631 2163 magna
1651 2104 1933 2150 multitudine

288 2203 329 2234 et
357 2191 398 2233 in
429 2190 609 2233 minima
638 2190 894 2247 quantitate,
929 2189 1081 2232 sivein
1116 2189 1310 2232 minimis
1337 2187 1462 2232 rebus
1488 2205 1499 2242 3
1529 2189 1629 2233 alias
1655 2188 1835 2247 figuram
1863 2202 1936 2233 aut

289 2274 472 2331 speciem
502 2289 589 2317 non
618 2271 887 2316 declarando.

349 2357 456 2400 Item
475 2355 576 2400 dicit
601 2355 734 2414 quod,
755 2355 917 2399 illamet
936 2356 1020 2408 die,
1048 2368 1276 2414 postquam
1304 2354 1572 2399 advenerunt
1597 2356 1637 2399 in
1668 2371 1832 2400 camera
1849 2371 1932 2415 qua

288 2439 558 2483 detinebatur
569 2438 677 2483 dicta
693 2439 906 2495 Johanna,
922 2455 1017 2493 nos,
1033 2440 1259 2497 episcopus
1273 2434 1511 2497 praedictus‚
1528 2452 1734 2497 praesente
1747 2434 1930 2484 domino

288 2524 449 2567 vicario
474 2522 643 2566 domini
671 2523 959 2581 Inquisitoris,
989 2522 1177 2566 diximus
1195 2521 1335 2566 eidem
1357 2522 1568 2579 Johannae
1589 2522 1927 2587 verbis-gallicis:

289 2623 308 2646 «
334 2606 396 2650 Or
426 2621 471 2659 ,ca
496 2615 526 2659 ἰ,
555 2607 744 2660 selmum,
771 2621 866 2650 vous
895 2621 993 2649 nous
1027 2621 1120 2661 ave(
1154 2607 1352 2663 tousjom's
1375 2606 1391 2631 ⁶
1419 2607 1478 2650 dit
1507 2623 1580 2665 que
1604 2622 1670 2651 vos
1713 2609 1805 2650 voix
1836 2623 1929 2651 vous

282 2690 445 2732 disoient
481 2705 554 2747 que
575 2704 669 2733 vous
701 2691 815 2733 serie's
840 2689 1024 2742 ddlivrc'e,
1054 2699 1089 2732 et
1112 2705 1207 2733 vous
1239 2693 1326 2745 ve'ez
1350 2691 1599 2733 maintenant
1628 2699 1815 2734 comment
1839 2690 1930 2734 elles

286 2788 379 2816 vous
402 2765 644 2824 ont-decena·
668 2774 767 2816 dites
785 2788 882 2816 nous
908 2775 1157 2816 maintenant
1178 2773 1220 2816 [ὰ
1252 2773 1384 2816 ·υένι”ίι”.
1420 2789 1439 2812 »
1468 2772 1594 2817 Tunc
1622 2774 1710 2832 ipsa
1731 2773 1930 2829 johanna

286 2854 336 2898 ad
362 2855 443 2899 hoc
465 2855 685 2913 respondit
708 2873 716 2899 :
748 2874 768 2897 «
798 2856 836 2899 V
835 2857 1040 2909 raiement‚
1049 2856 1090 2913 je
1108 2872 1179 2914 voy
1204 2856 1288 2899 bien
1314 2855 1472 2915 qu'elles
1489 2856 1607 2900 m'ont
1631 2857 1774 2901 deceue.
1793 2873 1813 2897 »
1838 2858 1927 2902 Nec

341 3043 369 3065 1.
394 3032 456 3066 AC
477 3045 486 3065 .·
502 3037 570 3066 aut.
602 3053 635 3057 -
659 3043 691 3065 2.
714 3032 750 3076 ,Q
767 3042 864 3067 omet
881 3033 976 3078 quod.
1002 3052 1048 3059 —
1076 3043 1106 3078 3.
1129 3032 1195 3067 AC
1217 3044 1228 3066 :
1247 3033 1394 3078 quadam
1413 3033 1520 3078 fictio.
1554 3054 1596 3058 —
1626 3044 1659 3076 4.
1682 3033 1750 3068 AC
1767 3034 1925 3080 ajoutent

290 3090 419 3125 Petrus.
441 3111 486 3115 —
508 3101 536 3133 5.
557 3091 584 3124 B
605 3103 614 3124 .·
635 3103 740 3124 s‹1.—
758 3090 791 3126 6.
812 3091 841 3125 C
860 3104 869 3125 :
888 3094 1065 3137 tourjours.
1240 3087 1242 3089 ’
