2099 3356
325 184 407 227 334
591 168 750 212 PROCJES
790 180 847 211 DE
885 180 1235 211 CONDAMNArioN
1277 180 1333 210 DE
1370 180 1537 223 JssANNE
1569 168 1694 211 D’Anc

319 281 555 328 scandalizet,
589 281 665 319 soit
695 279 823 318 reduit
847 279 868 318 a
895 279 1028 318 bonne
1049 288 1088 318 et
1113 279 1239 318 sainte
1263 289 1271 305 ¹
1305 279 1485 318 doctrine
1518 287 1555 318 et
1579 279 1785 319 credulite.
1812 280 1917 319 Tout
1941 279 1962 318 a

316 352 554 392 l'exaltation
579 361 617 390 et
638 349 820 403 integr-ite
845 349 893 389 de
914 359 1048 389 nostre
1072 349 1175 389 dicte
1201 348 1269 403 foy
1302 358 1339 388 et
1372 350 1392 388 a
1416 349 1452 389 la
1475 349 1618 403 loange
1644 359 1658 376 ²
1679 347 1832 390 d’icelle
1862 351 1962 390 eter-

316 423 418 463 nelle
441 423 621 470 divinite',
642 423 709 476 qui
725 431 856 461 vostre
875 421 1099 461 excellence
1120 421 1266 460 vueille
1286 422 1498 460 maintenir
1514 434 1584 475 par
1601 435 1639 460 sa
1658 423 1772 475 grace
1787 434 1835 461 en
1852 434 1962 476 pros-

313 495 438 548 perite'
460 497 620 548 jusques
645 506 693 533 en
714 494 842 546 gloire
865 491 1125 546 pardurablel
1154 494 1309 546 Escript
1338 493 1358 531 a
1383 494 1488 532 Paris
1513 505 1561 532 en
1587 501 1720 533 nostre
1744 495 1961 548 congrega-

315 567 407 606 cion
433 565 769 604 solennellement
791 563 968 604 celebret?
989 565 1010 603 a
1032 565 1335 604 Saint-Bernard
1362 572 1372 597 3
1395 563 1432 603 le
1453 574 1561 604 xime
1584 565 1673 618 jour
1700 563 1752 604 du
1784 566 1888 605 mois
1911 565 1960 604 de

316 651 422 691 may,
446 637 523 676 l’an
549 635 618 675 mil
640 636 793 676 CCCC.
821 646 857 676 et
881 637 1032 675 XXXI.
1060 637 1203 676 Vostre
1227 640 1304 676 tres
1325 635 1491 676 humble
1515 634 1612 685 fille,
1640 636 1894 677 l'Universite
1913 638 1960 677 de

317 710 437 748 Paris.
463 732 513 738 —
535 709 716 748 HEBERT,
744 723 762 743 n

319 865 413 903 ITEM
461 875 660 908 SEQUITUR
700 874 835 903 TENOR
879 874 1131 903 LITTERARUM
1181 875 1304 903 DlCTAE
1357 863 1667 903 UNIVERslTATls
1716 864 1960 913 PaRls‘IENsxs

616 945 747 984 NOBIS,
780 945 968 975 EPISCOPO
999 946 1220 983 PRAEDICTO,
1251 945 1575 975 TRANSMISSARUM
1597 943 1613 967 4
1647 947 1654 973 ἓ

369 1072 387 1092 «
422 1055 654 1094 Reverendo
677 1055 717 1093 in
743 1055 902 1094 Christo
927 1055 1026 1108 patri
1041 1063 1079 1093 et
1100 1054 1284 1102 domino,
1304 1054 1473 1093 domino
1497 1054 1690 1108 episcopo
1711 1053 1956 1099 Belvacensi.

314 1126 523 1166 Pastoralis
551 1126 769 1179 vigilantiae
800 1125 976 1165 laborem
1007 1126 1208 1174 sedulum,
1235 1126 1449 1165 reverende
1481 1136 1587 1179 pater
1614 1135 1651 1165 et
1675 1125 1852 1173 domine,
1877 1126 1960 1164 sin—

311 1199 576 1251 gularissimae
602 1199 772 1237 caritatis
794 1197 924 1236 servor
949 1198 1170 1236 immensus
1191 1198 1353 1237 incitare
1380 1198 1585 1251 probatur,
1611 1197 1678 1236 ubi
1704 1197 1833 1236 stabili
1863 1211 1959 1236 con-

315 1271 636 1323 stantissimaque
659 1269 818 1308 solertia
844 1270 890 1308 ad
915 1269 1008 1308 fidei
1037 1283 1156 1308 sacrae
1182 1279 1360 1309 tutamen
1393 1282 1473 1308 non
1505 1270 1657 1308 desistit
1687 1271 1839 1322 operari
1868 1269 1961 1308 soli-

314 1342 476 1380 dissima
513 1342 724 1389 rectitudo,
761 1342 824 1394 pia
855 1341 1067 1380 affectione
1105 1341 1275 1394 publica:
1309 1341 1464 1380 salutis.
1511 1341 1723 1380 Probatum
1762 1341 1959 1395 siquidem

316 1414 464 1452 exstitit
493 1414 753 1452 sincerissimi
776 1414 893 1452 vestri
915 1412 1081 1452 fervoris
1099 1412 1212 1452 virile
1236 1411 1620 1466 celeberrimumque
1641 1422 1856 1470 certamen,
1879 1425 1960 1466 quo

316 1485 493 1533 tandem,
522 1486 681 1538 vigente
702 1484 944 1523 validissima
975 1485 1186 1538 probitate,
1219 1485 1264 1523 ad
1302 1495 1441 1523 vestrae
1472 1485 1630 1538 justitiae
1653 1497 1794 1523 manus
1818 1484 1962 1523 mulier

316 1557 382 1595 illa
408 1571 497 1611 qua:
533 1556 666 1596 Puella
690 1555 944 1604 vociferatur,
972 1556 1212 1609 propitiante
1240 1557 1362 1609 gratia
1400 1556 1563 1604 Christi,
1587 1555 1756 1595 deducta
1781 1565 1864 1604 est3
1892 1568 1961 1609 per

316 1630 427 1681 cujus
454 1628 641 1667 latissime
673 1629 896 1680 dispersum
928 1628 1036 1666 virus
1061 1627 1166 1666 ovile
1193 1628 1567 1673 christianissimum
1592 1629 1715 1667 totius
1747 1626 1825 1666 sere
1855 1628 1959 1667 occi—

315 1700 482 1740 dentalis
505 1700 611 1739 orbis
634 1699 824 1738 infectum
852 1699 1146 1749 manifestatur;
1167 1700 1230 1739 cui
1256 1700 1447 1738 obsistere
1467 1699 1593 1752 palam
1616 1711 1697 1738 non
1720 1698 1858 1748 defuit,
1878 1699 1960 1739 veri

314 1774 481 1825 pastoris
503 1786 642 1825 operas
664 1784 844 1811 exercere
866 1785 1023 1819 curans,
1045 1781 1185 1810 vestrae
1210 1772 1443 1811 reverentiae
1471 1771 1700 1811 sollicitudo
1727 1769 1951 1824 pervigiliS.

312 1845 513 1883 Adversus
535 1854 667 1883 autem
690 1843 850 1896 persidae
886 1842 993 1882 illius
1021 1843 1200 1882 mulieris
1229 1855 1368 1896 graves
1399 1842 1569 1882 offensas
1590 1855 1800 1896 processus
1820 1844 1958 1897 incep-

311 1927 372 1955 tos
394 1915 645 1969 formamque
667 1924 705 1954 et
725 1915 1010 1954 deductionem
1025 1927 1181 1963 eorum,
1205 1926 1296 1954 cum
1319 1914 1526 1954 nonnullis
1544 1914 1843 1964 assertionibus,
1867 1927 1961 1968 pro-

309 1987 580 2040 positionibus
604 2000 671 2025 seu
705 1986 881 2026 articulis
908 1996 1023 2040 atque
1049 1986 1202 2025 domini
1234 1987 1358 2025 nostri
1390 1987 1494 2039 regis
1525 1995 1666 2025 vestrae
1700 1987 1819 2025 etiam
1849 1997 1960 2025 reve-

312 2059 444 2098 rendae
469 2059 716 2112 paternitatis
738 2058 893 2106 litteris,
916 2058 1128 2097 credentiis
1150 2068 1187 2097 et
1211 2058 1420 2111 requestis,
1443 2057 1561 2096 nobis
1582 2058 1711 2111 palam
1740 2058 1958 2110 eleganter-

313 2145 391 2184 que
414 2140 684 2184 exposuerunt
705 2129 963 2169 famosissimi
988 2142 1106 2168 sacrae
1127 2129 1344 2183 theologiae
1366 2129 1550 2168 doctores
1571 2139 1609 2168 et
1632 2129 1783 2168 alumni
1815 2131 1956 2178 nostri,

313 2203 489 2255 magistri
510 2202 714 2251 Johannes
740 2201 1041 2254 Pulchripatris,
1063 2200 1236 2250 Jacobus
1259 2201 1509 2240 Turonensis
1531 2206 1542 2232 5
1570 2209 1607 2240 et
1626 2199 1817 2240 Nicolaus
1837 2198 1955 2241 Midi,

314 2275 407 2313 Post
429 2285 568 2313 eorum
592 2287 687 2312 vero
729 2282 933 2325 susceptos
964 2272 1011 2310 ad
1042 2272 1205 2325 plenum
1240 2283 1462 2320 sermones,
1500 2272 1691 2310 maximas
1729 2272 1956 2311 reverendae

311 2355 450 2384 vestrae
487 2344 756 2383 dominationi
793 2344 1007 2397 gratiarum
1047 2343 1280 2396 largitiones
1312 2343 1586 2396 disposuimus
1623 2343 1824 2391 exhibere,
1866 2354 1955 2396 quae

311 2416 559 2455 celeberrimi
585 2416 703 2467 hujus
735 2415 866 2468 operis
903 2415 951 2453 ad
986 2413 1112 2453 divini
1149 2415 1328 2454 nominis
1364 2415 1660 2462 exaltationem,
1692 2413 1783 2453 fidei
1818 2415 1957 2454 ortho—

310 2487 423 2526 doxae
448 2488 715 2540 integritatem
738 2496 775 2525 et
795 2486 981 2539 gloriam,
1015 2496 1052 2525 et
1075 2487 1198 2525 totius
1222 2486 1362 2539 populi
1386 2485 1513 2525 fidelis
1535 2486 1833 2525 saluberrimam
1861 2486 1956 2526 aedi-

310 2558 554 2606 ficationem,
587 2559 714 2597 nescit
742 2557 1050 2611 quomodolibet
1071 2558 1280 2610 pigritare3
1307 2557 1476 2596 formam
1503 2558 1665 2610 insuper
1695 2568 1955 2610 processuum

309 2629 503 2668 celebrem
539 2630 737 2682 sacrisque
771 2628 1023 2668 conformem
1047 2630 1197 2681 juribus
1233 2629 1494 2676 attendentes,
1530 2629 1712 2667 maximis
1743 2629 1954 2667 disertissi-

309 2701 465 2753 misque
492 2701 714 2752 prudentiis
737 2709 960 2739 emanatam
991 2699 1357 2753 comprobavimus.
1386 2700 1541 2739 Omnes
1566 2700 1701 2747 etiam,
1731 2712 1826 2753 quas
1851 2699 1956 2739 litte-

310 2762 444 2810 rarum
464 2785 531 2810 seu
557 2772 729 2824 propriae
755 2772 864 2811 vocis
890 2771 1053 2810 oraculo
1091 2770 1242 2824 praefati
1268 2771 1451 2810 doctores
1482 2780 1761 2824 porrexerunt,
1793 2784 1954 2825 reques-

368 2961 396 2983 1.
416 2949 446 2984 C
470 2962 479 2983 .·
497 2951 631 2983 saintte.
652 2971 695 2975 —
716 2960 749 2984 2.
768 2950 836 2985 AC
859 2962 869 2984 .·
886 2951 1005 2995 loenge.
1028 2971 1073 2975 ——
1092 2958 1121 2995 3,
1145 2949 1174 2984 C
1193 2962 1203 2984 .·
1220 2950 1363 2984 Benard.
1382 2971 1426 2975 —
1442 2961 1477 2993 4.
1498 2950 1591 2985 ΑΒΕ
1609 2959 1652 2984 en
1674 2960 1793 2996 marge
1811 2962 1818 2983 :
1846 2949 1952 2983 Terror

315 3008 505 3043 litteram-mn
525 3009 765 3043 Universitatis
781 3010 985 3044 Parisiensis
1003 3010 1106 3052 nobis,
1123 3011 1264 3056 episcopo
1271 3007 1444 3056 praedicto,
1457 3010 1796 3044 trmzsmissarzmt.—-
1813 3020 1842 3054 5.
1856 3008 1953 3044 ΑΒΕ

313 3068 393 3111 etQ
411 3080 420 3102 .·
445 3068 606 3110 Ter-sosii»,
624 3080 681 3103 sur
701 3067 857 3115 grattage
878 3069 961 3103 enB
978 3081 985 3112 3
1015 3069 1045 3103 C
1072 3069 1115 3103 de
1138 3069 1308 3104 Turonia.
