2099 3356
368 178 526 220 pancas
559 191 614 220 DE
646 190 1001 220 CONDAMNATION
1035 192 1090 221 DE
1122 192 1287 234 JEANNE
1321 177 1449 221 D'ARC
1644 191 1723 220 201

85 303 126 334 et
146 289 280 348 quod,
310 291 353 333 in
388 288 549 347 judicio
593 291 637 333 in
667 305 757 348 quo
790 303 877 334 erat
912 305 1057 334 coram
1097 290 1237 343 nobis,
1281 307 1369 334 non
1408 289 1589 333 habebat
1627 290 1730 347 quid

84 389 206 432 agere
227 386 301 418 aut
328 374 568 431 negotiari3
597 384 638 417 et
665 372 783 431 quod
814 375 1106 417 remitteretur
1127 374 1178 418 ad
1206 375 1351 418 Deum
1379 390 1401 416 a
1427 389 1516 431 quo
1542 385 1729 416 venerat.

144 458 271 510 Item,
295 455 471 510 sabbati,
493 471 600 500 xvn.
635 457 791 509 martii,
813 455 920 500 dixit
944 457 1060 515 quod
1083 458 1202 501 Deus
1224 459 1341 501 misit
1365 473 1458 500 eam
1480 455 1531 499 ad
1558 472 1734 500 succur-

85 557 182 585 sum
209 541 318 599 regis
342 541 543 584 Franciae.

148 708 310 752 XXVI.
362 725 382 747 ‹<
425 709 547 762 ITEM,
583 707 781 766 praedicta
813 708 1012 764 johanna
1051 709 1257 753 exsistens
1299 708 1580 767 Compendii,
1618 724 1735 752 anno

88 792 270 835 Domini
314 792 546 836 millesimo
592 791 1023 850 quadringentesimo
1058 793 1266 836 vicesimo
1317 808 1452 846 nono,
1500 793 1544 836 in
1587 807 1736 836 mense

89 876 278 934 augusti,
306 892 328 919 a
348 877 508 919 comite
529 875 799 931 d'Armiqnac
819 877 977 933 recepit
1004 876 1162 920 litteras
1192 892 1377 934 quarum
1405 889 1529 920 tenor
1559 875 1737 919 inferius

90 971 294 1018 sequetur
319 968 348 1003 ¹.
383 977 402 997 »

146 1042 247 1086 *Ad
284 1042 400 1086 hunc
425 1051 438 1068 ²
484 1043 732 1097 articulum,
777 1042 844 1087 die
895 1057 1035 1086 xxvn.
1091 1044 1252 1087 mensis
1282 1051 1291 1076 ³
1335 1044 1496 1096 martii,
1538 1041 1738 1101 praedicta

87 1125 286 1183 Johanna
310 1126 533 1185 respondit
556 1136 572 1160 4
605 1126 724 1185 quod
754 1143 797 1171 se
825 1126 951 1171 refert
975 1126 1024 1171 ad
1053 1128 1380 1186 responsionem
1404 1126 1504 1170 alias
1537 1141 1611 1185 per
1644 1141 1735 1170 eam

89 1226 217 1269 super
239 1209 319 1254 hof:
348 1210 515 1255 factam.

149 1294 255 1337 Item
285 1293 354 1338 die
372 1295 499 1351 iovis,
527 1296 665 1353 prima
686 1296 844 1347 martii,
869 1296 1128 1352 interrogata
1151 1307 1297 1339 utrum
1320 1293 1518 1338 habuerit
1536 1294 1694 1337 litteras
1717 1310 1740 1337 a

94 1379 561 1436 comite'Armigniaci,
588 1380 861 1423 mentionem
889 1380 1090 1422 iacientes
1114 1379 1182 1423 cui
1215 1377 1266 1422 de
1302 1377 1437 1422 tribus
1470 1376 1742 1422 contenden-

93 1461 206 1506 tibus
229 1461 281 1506 de
304 1475 459 1521 papatu
481 1461 653 1506 deberet
673 1462 848 1506 obedire
869 1479 878 1506 ε
908 1461 1129 1520 respondit
1156 1461 1275 1521 quod
1297 1463 1384 1520 ipse
1410 1477 1556 1506 comes
1575 1462 1742 1520 scripsit

92 1547 129 1590 ei
166 1545 374 1604 quasdam
413 1546 572 1590 litteras
605 1562 733 1605 super
769 1547 852 1590 isto
888 1562 1018 1600 casu;
1054 1545 1106 1590 ad
1146 1562 1279 1604 quem
1311 1562 1455 1590 casum
1485 1561 1742 1603 responsum

92 1628 226 1683 dedit,
251 1631 363 1674 inter
382 1642 545 1684 caetera,
574 1629 710 1689 quod,
733 1629 908 1689 quando
935 1642 1044 1674 esset
1068 1631 1252 1673 Parisius
1276 1629 1341 1673 vel
1372 1629 1472 1673 alibi
1506 1632 1548 1672 in
1579 1631 1740 1688 requie,

92 1716 181 1772 ipsa
204 1712 321 1758 daret
358 1730 630 1772 responsum.
661 1715 711 1757 Et
745 1727 847 1758 tunc
883 1712 1053 1758 volebat
1091 1712 1318 1757 ascendere
1353 1729 1535 1772 equum,
1565 1712 1742 1771 quando

93 1797 197 1842 illud
220 1814 476 1856 responsum
504 1798 636 1842 dedit.
664 1825 723 1829 —
743 1799 845 1842 Post
876 1813 1060 1856 quarum
1085 1798 1256 1841 comitis
1280 1810 1322 1841 et
1340 1796 1553 1854 Johannae
1575 1796 1742 1854 ⁸littera-

93 1897 191 1926 rum
213 1882 436 1936 lecturam,
466 1882 548 1926 fnit
577 1884 838 1940 interrogata
870 1882 903 1925 si
931 1893 1019 1925 erat
1042 1896 1299 1939 responsum
1326 1897 1472 1925 suum.
1503 1879 1743 1938 Respondit

92 1965 211 2024 quod
233 1966 443 2023 cogitabat
470 1982 512 2010 se
536 1962 683 2010 fecisse
711 1965 817 2009 illud
843 1981 1117 2024 responsum,
1151 1965 1309 2009 scilicet
1336 1978 1516 2023 partem,
1546 1964 1618 2008 sed
1653 1981 1742 2008 non

94 2062 254 2093 totum.
284 2076 343 2080 -
369 2050 631 2107 Interrogata
652 2051 685 2092 si
710 2049 864 2094 dixerit
890 2050 997 2093 scire
1020 2064 1093 2107 per
1119 2048 1355 2093 consilium
1373 2050 1502 2106 Regis
1530 2064 1681 2106 regum
1701 2047 1743 2092 id

95 2132 213 2192 quod
243 2141 251 2166 5
294 2132 474 2177 debebat
510 2132 681 2178 credere
720 2149 848 2191 super
875 2133 957 2177 hoc
987 2150 995 2176 z
1031 2132 1254 2191 respondit
1287 2132 1406 2190 quod
1434 2131 1485 2176 de
1516 2132 1597 2176 hoc
1636 2132 1746 2175 nihil

95 2217 266 2261 sciebat.
289 2244 346 2247 ——
367 2218 632 2275 Interrogata
658 2218 691 2261 si
714 2217 891 2261 iaciebat
924 2216 1107 2261 dubium
1132 2218 1146 2242 ⁶
1184 2218 1252 2260 cui
1282 2217 1371 2274 ipse
1394 2232 1540 2260 comes
1567 2215 1747 2260 debebat

96 2300 270 2345 obedire
300 2318 308 2344 :
340 2317 490 2360 respon
513 2300 559 2345 ¹it
586 2300 721 2359 quod,
750 2299 801 2345 de
827 2300 923 2354 hoc,
947 2300 1160 2345 nesciebat
1181 2299 1285 2358 quid
1308 2300 1510 2344 mandare
1532 2301 1599 2343 cni
1622 2298 1745 2343 debe·

98 2384 168 2428 bat
193 2384 384 2439 obedire,
405 2398 445 2428 et
467 2394 481 2418 7
502 2384 622 2444 quod
649 2386 737 2443 ipse
759 2384 928 2443 petebat
947 2386 1051 2429 scire
1072 2386 1140 2428 cui
1162 2385 1382 2428 Dominus
1410 2396 1554 2427 noster
1575 2382 1744 2427 volebat

97 2469 215 2528 quod
236 2471 324 2527 ipse
347 2468 566 2523 obediret;
595 2468 685 2522 sed,
707 2481 921 2528 quantum
943 2468 993 2512 ad
1016 2484 1128 2521 eam,
1158 2469 1245 2526 ipsa
1266 2480 1382 2517 tenet
1410 2480 1450 2511 et
1474 2466 1606 2511 credit
1627 2466 1744 2525 quod

97 2553 275 2597 debetur
301 2553 474 2598 obedire
507 2553 690 2598 domino
725 2566 876 2597 nostro
913 2554 1038 2611 Papae
1078 2553 1296 2596 Romano.
1333 2552 1443 2595 Item
1480 2550 1588 2594 dixit
1626 2549 1744 2609 quod

149 2758 167 2775 *
195 2758 343 2797 XXVI.
376 2759 423 2796 Se
447 2757 554 2810 refer!
572 2756 620 2796 ad
648 2757 726 2809 ejvs
747 2756 1011 2810 responsionem
1035 2758 1065 2794 8.

154 2985 182 3008 1.
211 2974 241 3007 A
266 2985 276 3008 .·
297 2975 445 3019 §equilus
469 2974 573 3015 inseri
603 2984 624 3006 τ.
641 2994 687 2998 —
709 2983 741 3008 2.
765 2972 796 3006 A
824 2984 833 3006 .·
862 2973 1057 3006 vicesimum
1084 2976 1225 3005 sextum.
1255 2992 1298 2996 --
1318 2981 1347 3016 3.
1368 2971 1399 3005 A
1422 2980 1523 3005 ornet
1539 2971 1674 3006 mensis.
1703 2991 1746 2995 —

101 3044 135 3076 4.
156 3034 188 3067 Α
214 3045 223 3066 .·
245 3033 423 3079 respondet.
445 3053 487 3058 —
514 3043 542 3076 5.
566 3032 601 3076 Q
629 3045 638 3066 .·
659 3032 751 3078 quid.
772 3053 817 3057 —
843 3031 878 3066 6.
905 3032 930 3064 R
948 3043 957 3064 .·
984 3031 1126 3065 dudium
1143 3032 1235 3075 (sic).
1260 3051 1305 3055 —
1327 3042 1358 3076 7.
1384 3030 1449 3064 AB
1474 3039 1508 3064 ct
1528 3031 1563 3074 Q
1584 3042 1593 3063 .·
1627 3042 1672 3063 eo.
1702 3050 1746 3054 -—

104 3092 137 3128 8.
163 3092 263 3130 Ihid..
284 3093 379 3127 idem⁴
