2099 3356
378 175 535 218 PRocizs
569 190 625 218 DE
658 189 1008 219 CONDAMNATION
1044 191 1100 219 DE
1132 191 1298 232 JEANNE
1331 177 1458 220 D'ARC
1654 178 1735 232 369

28 342 31 345 Α
95 289 209 331 viam
236 288 425 331 veritatis
464 303 537 345 per
561 304 708 331 sanam
745 288 986 332 doctrinam
1025 302 1067 333 et
1105 289 1335 333 consilium
1378 289 1607 339 doctorum
1653 297 1734 330 ac¹

95 372 402 429 magistrorum
415 369 466 415 ad
489 387 558 415 me
577 387 626 415 ex
644 385 777 416 vestra
792 371 1066 416 ordinatione
1079 372 1410 420 destinatorum,
1431 372 1598 416 favente
1609 372 1741 429 gratia

95 454 342 510 Salvatoris,
371 453 560 508 reducta,
597 454 764 512 abjuro,
815 455 1002 499 detestor
1028 468 1069 499 et
1098 456 1279 514 abnego,
1317 456 1366 500 ab
1400 457 1546 514 eisque
1574 454 1740 498 recedo.

96 540 240 597 Atque
274 537 325 582 de
376 551 417 582 et
461 554 589 596 super
621 538 827 583 omnibus
873 538 1080 596 praedictis
1119 556 1188 583 me
1239 538 1535 598 dispositioni,
1580 554 1742 583 correc-

98 623 225 676 tioni,
250 621 548 666 emendationi
593 638 640 665 ac
690 621 961 666 omnimodae
997 623 1352 667 determinationi
1395 636 1549 666 sanctae
1595 623 1741 666 matris

99 706 294 750 Ecclesiae
333 719 374 750 et
423 704 675 763 judicaturae
708 719 857 750 vestrae
885 706 1133 760 submitt03
1183 722 1425 765 voveoque,
1466 708 1575 763 juro,
1618 722 1746 763 spon-

98 789 180 834 deo
225 804 356 848 atque
403 791 613 847 promitto
669 791 798 833 Beato
835 791 976 843 Petro,
1030 790 1329 848 apostolorum
1374 791 1569 848 principi,
1619 803 1746 847 atque

101 874 374 917 sanctissimo
414 872 597 916 domino
638 886 788 916 nostro
828 874 952 930 Papae
991 873 1219 927 moderno,
1261 875 1352 930 ejus
1388 875 1561 923 vicario,
1590 888 1749 916 succes-

100 950 358 1009 soribusque
405 951 508 1004 suis,
551 963 594 994 et
641 950 779 1004 vobis,
819 949 1009 994 dominis
1049 952 1171 1004 meis,
1217 951 1454 995 reverendo
1488 953 1531 994 in
1577 950 1751 995 Christo

101 1035 226 1092 patri,
252 1034 435 1078 domino
460 1035 602 1087 Petro,
646 1035 847 1092 episcopo
882 1034 1140 1087 Belvacensi,
1181 1047 1223 1077 et
1264 1035 1463 1092 religioso
1506 1035 1612 1084 viro,
1635 1033 1752 1077 fratri

102 1119 294 1175 Johanni
322 1119 529 1176 Magistri,
575 1117 744 1162 domini
769 1118 1040 1176 Inquisitoris
1084 1118 1292 1161 haereticae
1332 1119 1549 1176 pravitatis
1576 1119 1750 1170 vicario,

104 1215 313 1261 tanquam
359 1203 464 1246 meis
491 1200 706 1258 judicibus
736 1219 743 1244 :
782 1218 851 1245 me
880 1218 1124 1260 nunquam,
1158 1201 1456 1261 quorumlibet
1480 1200 1754 1246 suasionibus

107 1287 173 1331 vel
201 1301 483 1345 quocumque
511 1285 595 1329 alio
618 1284 767 1338 modo,
798 1286 841 1328 in
871 1285 977 1339 haec,
1020 1302 1041 1328 a
1064 1285 1238 1343 quibus,
1280 1285 1579 1343 Redemptoris
1618 1285 1753 1328 nostri

107 1371 241 1429 gratia
269 1369 491 1423 liberante,
515 1382 657 1427 erepta
678 1385 791 1422 sum,
820 1385 1084 1413 reversuram
1110 1387 1120 1422 3
1148 1369 1220 1413 sed
1235 1385 1404 1427 semper
1429 1385 1497 1412 me
1518 1370 1561 1412 in
1588 1369 1753 1412 unitate

105 1453 328 1498 catholicae
351 1453 547 1497 Ecclesiae
565 1465 606 1496 et
621 1454 936 1497 communione
959 1454 1145 1498 Romani
1168 1453 1389 1497 Pontificis
1411 1468 1751 1512 permansuram.

107 1538 158 1581 Et
185 1537 275 1581 haec
298 1537 395 1581 dico
419 1550 546 1596 atque
567 1538 663 1595 juro
692 1553 765 1595 per
790 1537 934 1581 Deum
956 1538 1309 1595 omnipotentem
1334 1550 1375 1581 et
1399 1537 1489 1580 haec
1509 1548 1651 1579 sancta
1676 1537 1756 1579 Dei

110 1615 355 1673 Evangelia.
393 1632 412 1654 »

169 1698 369 1744 Tandem
411 1715 514 1743 vero
546 1715 622 1742 sua
647 1699 919 1742 revocatione
964 1710 1005 1742 et
1028 1698 1313 1754 abjuratione,
1341 1711 1388 1742 ut
1416 1697 1654 1756 praefertur,
1686 1713 1758 1755 per

113 1800 192 1828 nos
232 1782 393 1841 judices
427 1795 608 1841 recepta,
640 1798 736 1835 uos,
767 1783 992 1840 episcopus
1017 1781 1217 1839 praefatus
1243 1790 1272 1834 2,
1296 1781 1557 1839 protulimus
1584 1792 1756 1824 senten-

112 1869 218 1912 tiam
239 1881 431 1912 nostram
459 1866 727 1910 definitivam
748 1867 791 1909 in
820 1866 936 1909 hunc
961 1864 1145 1909 modum
1173 1883 1180 1908 z

530 2047 780 2090 SENTENTIA
826 2060 929 2091 POST
973 2060 1349 2101 ABJURATIONEM>.

188 2198 209 2223 ((
240 2179 294 2225 In
314 2179 520 2225 nomine
544 2179 770 2234 Domini,
800 2194 961 2224 amen.
994 2178 1263 2225 Universos
1287 2176 1511 2223 Ecclesiae
1534 2187 1765 2240 pastores,

117 2269 202 2331 qui
236 2267 435 2315 fidelem
462 2267 703 2314 dominici
737 2268 895 2330 gregis
918 2283 1083 2313 curam
1111 2283 1272 2330 gerere
1303 2277 1549 2329 exoptant,
1567 2283 1765 2313 summa

119 2374 211 2421 ope
240 2358 329 2404 niti
348 2357 485 2404 decet
513 2368 583 2413 ut,
608 2368 797 2420 quanto
828 2373 1045 2403 errorum
1073 2355 1364 2419 perfidiosus
1386 2367 1516 2403 sator
1543 2355 1766 2419 pluribus

120 2447 248 2494 dolis
280 2447 642 2510 virulentisque
679 2446 935 2493 fraudibus
977 2445 1106 2492 ovile
1138 2445 1320 2492 Christi
1353 2446 1526 2509 satagit
1553 2445 1765 2501 inficere,

123 2548 262 2584 tanto
289 2537 463 2601 majori
480 2537 736 2600 vigilantia
758 2548 804 2583 et
821 2536 1101 2583 instantiori
1122 2534 1458 2581 sollicitudine
1482 2534 1769 2597 perniciosis

124 2627 230 2692 ejus
273 2626 533 2674 conatibus
586 2626 821 2673 obsistere
864 2625 1101 2681 laborent,
1154 2625 1419 2687 praesertim
1471 2623 1770 2670 instantibus

127 2716 416 2780 periculosis
447 2716 756 2780 temporibus
785 2715 967 2778 quibus
997 2714 1255 2778 plerosque
1283 2713 1770 2777 pseudo—prophetas,

129 2806 501 2854 introducentes
518 2818 673 2853 sectas
694 2805 986 2869 perditionis
1011 2816 1056 2850 et
1078 2804 1266 2858 erroris,
1292 2814 1526 2850 venturos
1552 2804 1600 2849 in
1633 2819 1772 2849 mun-

131 2895 252 2943 dum
284 2896 554 2960 apostolica
589 2896 834 2943 sententia
864 2893 1084 2957 praedixit
1112 2910 1121 2949 ;
1151 2893 1236 2955 qui
1267 2894 1410 2939 variis
1435 2903 1479 2939 et
1506 2893 1771 2955 peregrinis

185 3099 213 3122 1.
236 3088 270 3132 Q
289 3099 297 3120 .·
318 3093 359 3121 el.
381 3107 427 3112 —
450 3097 482 3121 2.
501 3086 555 3121 C:
573 3085 762 3133 pra-dictus.
781 3106 826 3110 —
849 3095 879 3128 3.
903 3085 954 3118 En
979 3095 1098 3129 marge
1124 3095 1166 3118 en
1190 3083 1297 3117 ABG.

238 3165 365 3195 PRocfzs
387 3174 429 3194 ne
450 3164 578 3204 JEANNE
600 3163 716 3193 D'Ane.
1635 3169 1674 3198 24
