2099 3356
371 188 530 231 PRocrhs
566 201 621 230 DE
654 199 1007 230 CONDAMNATION
1042 199 1098 228 DE
1130 200 1295 242 JEANNE
1330 187 1454 230 D’ARC
1647 201 1729 243 229

91 303 290 355 nitatem,
318 299 528 359 quamdiu
569 300 752 359 placeret
776 300 872 343 Deo
894 317 905 354 3
948 312 990 343 et
1017 312 1104 344 erat
1131 300 1176 343 in
1215 312 1337 344 aetate
1361 299 1565 344 tredecim
1599 316 1735 345 anno-

90 400 204 438 rum,
227 384 294 428 vel
321 385 500 428 circiter.
528 409 583 416 -
606 384 732 437 Item,
763 381 914 427 eadem
948 382 1035 436 die,
1069 384 1326 441 interrogata
1359 395 1526 437 utrum,
1560 383 1735 442 quando

89 467 196 512 vidit
221 480 419 512 sanctum
456 467 712 511 Michaelem
741 479 782 510 et
822 460 1195 525 Ange105,fecerit
1223 468 1282 510 eis
1305 468 1618 511 reverentiam:
1652 483 1736 511 res-

92 550 245 610 pondit
271 549 390 609 quod
412 551 497 604 sic;
523 563 564 594 et
600 549 872 594 osculabatur
892 563 1064 599 terram,
1096 562 1191 607 post
1209 565 1362 593 eorum
1394 565 1624 604 recessum,
1664 566 1737 609 per

90 650 220 693 quam
247 636 544 688 transiverant,
572 632 767 677 faciendo
794 634 854 677 eis
881 634 1182 677 reverentiam.

149 719 275 772 Item,
308 720 433 776 jovis,
456 732 528 762 xv.
565 719 724 771 martii,
755 719 1015 775 interrogata
1061 730 1225 770 utrum,
1267 717 1443 776 quando
1480 734 1567 762 suae
1608 734 1734 762 voces

90 804 286 851 veniunt,
310 802 431 846 faciat
458 803 517 846 eis
539 802 825 845 reverentiam
850 800 1059 851 absolute,
1081 802 1189 845 sicut
1213 803 1290 844 uni
1318 802 1474 846 Sancto
1509 803 1575 846 vel
1604 803 1733 847 Sanc-

88 900 170 931 tze:
198 885 417 945 respoudit
445 885 563 944 quod
582 886 665 939 sic3
688 898 729 929 et
750 886 783 928 si
809 886 897 944 ipsa
921 901 1012 929 non
1045 883 1143 928 fecit
1169 884 1419 943 aliquando,
1450 887 1572 945 petiit
1599 886 1650 930 ab
1674 888 1734 931 eis

85 970 259 1014 veniam
281 982 458 1027 postea3
503 984 581 1012 nec
616 970 694 1012 scit
722 969 781 1012 eis
804 968 936 1012 facere
968 970 1025 1012 ita
1051 985 1254 1027 magnam
1296 971 1580 1013 reverentiam
1623 972 1733 1015 sicut

87 1054 177 1098 illas
207 1053 342 1104 decet,
366 1054 466 1112 quia
490 1052 622 1097 credit
648 1052 830 1096 firmiter
851 1052 969 1111 quod
995 1054 1081 1096 sint
1108 1066 1264 1096 sanctae
1288 1053 1519 1097 Katbarina
1547 1067 1587 1098 et
1617 1055 1734 1098 Mar-

87 1150 244 1196 gareta.
273 1138 322 1181 Et
350 1136 546 1180 similiter
573 1136 679 1180 dixit
707 1135 758 1180 de
783 1149 930 1180 sancto
952 1136 1179 1180 Michaele.
1206 1163 1261 1168 —-
1283 1138 1409 1190 Item,
1431 1153 1477 1181 ea
1502 1137 1586 1188 die,
1605 1139 1734 1182 inter-

88 1233 232 1280 rogata
251 1222 286 1265 si
314 1221 397 1265 illis
424 1221 586 1265 Sanctis
612 1237 710 1279 quae
738 1222 922 1268 veniunt
962 1220 1013 1264 ad
1040 1236 1133 1264 eam
1163 1222 1251 1278 ipsa
1283 1220 1427 1264 fecerit
1465 1220 1733 1266 oblationem

87 1305 139 1350 de
166 1303 352 1349 candelis
394 1303 644 1349 ardentibus
659 1304 725 1347 vel
765 1304 855 1348 aliis
877 1304 1017 1357 rebus,
1045 1305 1089 1347 in
1115 1304 1289 1348 ecclesia
1311 1317 1382 1348 aut
1396 1304 1511 1358 alibi,
1535 1307 1601 1348 vel
1629 1305 1734 1349 fece-

87 1391 140 1433 rit
166 1388 304 1434 dicere
338 1390 513 1432 missas:
545 1388 765 1446 respondit
792 1387 910 1446 quod
940 1404 1046 1440 non,
1079 1389 1160 1431 nisi
1181 1388 1262 1432 hoc
1285 1388 1413 1432 fuerit
1438 1388 1661 1433 offerendo
1686 1391 1730 1433 in

89 1474 232 1527 missa,
259 1475 304 1516 in
333 1489 466 1517 manu
493 1471 738 1526 sacerdotis,
757 1471 808 1516 ad
831 1472 1047 1516 honorem
1071 1484 1227 1516 sanctae
1241 1472 1488 1516 Katharinae
1508 1491 1519 1527 3
1545 1485 1585 1516 et
1599 1473 1732 1517 credit

86 1556 204 1616 quod
230 1570 373 1600 sancta
399 1556 635 1601 Kathariua
659 1569 721 1600 est
747 1571 831 1600 una
858 1555 909 1600 de
936 1555 1018 1598 illis
1045 1572 1142 1614 quae
1166 1555 1424 1613 apparebant
1447 1556 1527 1599 sibi
1549 1574 1560 1610 3
1584 1569 1624 1600 et
1640 1573 1729 1601 non

86 1640 279 1685 accendit
317 1653 381 1685 tot
408 1639 602 1684 candelas
627 1641 736 1684 sicut
776 1639 959 1683 libenter
1000 1639 1166 1683 fecisset
1192 1641 1347 1683 sanctis
1396 1639 1641 1683 Katharinae
1691 1654 1732 1685 et

86 1726 334 1783 Margaretae
362 1723 664 1768 exsistentibus
688 1725 733 1767 in
760 1722 971 1782 paradiso,
1001 1725 1102 1782 quia
1129 1722 1260 1767 credit
1288 1723 1467 1767 firmiter
1490 1724 1608 1782 quod
1648 1725 1730 1768 illae

87 1822 189 1853 sunt
233 1825 330 1867 quae
371 1810 556 1852 veniunt
591 1806 642 1851 ad
682 1823 792 1852 earn.
839 1834 897 1839 ——
943 1808 1069 1858 Item,
1110 1807 1260 1851 eadem
1305 1807 1372 1851 die
1401 1817 1429 1861 ¹,
1475 1809 1732 1866 interrogata

86 1906 252 1944 utrum,
276 1892 452 1951 quando
478 1893 601 1951 ponit
633 1893 731 1935 istas
763 1890 958 1936 candelas
984 1907 1131 1935 coram
1165 1892 1353 1949 imagine
1374 1904 1531 1935 sanctae
1574 1891 1732 1936 Katha-

87 1979 206 2030 rinae,
236 1978 325 2034 ipsa
357 1988 538 2034 poneret
571 1974 827 2033 hujusmodi
867 1974 1062 2019 candelas
1103 1977 1147 2018 in
1183 1975 1395 2018 honorem
1424 1974 1539 2018 illius
1569 1975 1732 2018 Sanctae

85 2078 182 2120 quae
204 2060 282 2104 sibi
301 2059 553 2119 apparebat:
586 2058 805 2118 respondit
827 2076 835 2103 :
857 2077 876 2097 «
907 2060 995 2116 Ego
1023 2059 1133 2103 facio
1161 2058 1274 2102 istud
1305 2060 1349 2102 in
1378 2059 1593 2102 honorem
1630 2059 1729 2113 Dei,

86 2146 222 2188 Beatae
251 2145 399 2188 Mariae
426 2156 467 2188 et
491 2156 646 2187 sanctae
668 2142 911 2187 Katharinae
935 2159 1031 2201 quae
1053 2155 1114 2186 est
1135 2144 1177 2185 in
1198 2142 1336 2196 coelo;
1379 2158 1454 2186 nec
1479 2142 1587 2186 facio
1607 2141 1731 2186 diffe—

86 2230 269 2272 rentiam
295 2229 407 2271 inter
430 2240 621 2271 sanctam
647 2227 927 2271 Katharinam
955 2243 1053 2285 quae
1080 2241 1142 2270 est
1170 2228 1213 2269 in
1239 2226 1370 2279 coelo,
1404 2238 1445 2270 et
1484 2226 1602 2270 illam
1633 2242 1730 2284 quae

85 2325 257 2370 apparet
282 2311 406 2356 mibi.
434 2329 453 2351 »
483 2338 541 2342 —
563 2312 687 2364 Item,
711 2310 861 2354 eadem
877 2309 959 2362 die,
990 2311 1250 2367 interrogata
1266 2311 1298 2353 si
1314 2309 1436 2353 faciat
1458 2322 1498 2353 et
1518 2309 1730 2367 compleat

86 2412 254 2454 semper
281 2395 386 2440 illud
414 2395 532 2454 quod
566 2411 691 2439 voces
720 2394 861 2438 eidem
890 2396 1172 2452 praecipiunt:
1217 2392 1438 2451 respondit
1463 2393 1598 2452 quod,
1637 2406 1731 2438 toto

87 2495 225 2538 posse,
271 2478 523 2537 adimplevit
570 2491 833 2538 praeceptum
870 2479 1053 2522 Domini
1081 2477 1161 2520 sibi
1185 2477 1345 2520 factum
1379 2492 1451 2534 per
1496 2493 1637 2531 voces,
1683 2476 1734 2521 de

88 2564 169 2607 boc
189 2562 309 2622 quod
333 2565 423 2621 ipsa
447 2565 524 2607 scit
558 2563 821 2619 intelligere3
845 2577 923 2605 nec
946 2561 1024 2605 sibi
1052 2560 1214 2620 aliquid
1238 2561 1493 2618 praecipiunt
1516 2561 1608 2603 sine
1628 2560 1735 2605 bene

89 2647 244 2705 placito
272 2648 471 2691 Domini.

146 2731 270 2783 Item,
305 2730 373 2774 die
397 2729 574 2781 sabbati,
602 2745 708 2773 XVII.
740 2730 896 2782 martii,
929 2731 1186 2786 interrogata
1232 2740 1380 2772 utrum
1422 2726 1585 2771 dederit
1627 2741 1735 2771 serta

89 2814 251 2858 Sanctis
294 2814 372 2857 sibi
412 2813 750 2873 apparentibus:
801 2812 1019 2871 respondit
1056 2812 1191 2870 quod,
1224 2813 1266 2855 in
1308 2811 1522 2855 honorem
1565 2812 1734 2855 illarum

88 2898 356 2951 Sanctarum,
373 2897 490 2942 dedit
507 2897 767 2955 imaginibus
788 2913 862 2941 seu
884 2895 1332 2954 repraesentationibus
1354 2911 1516 2948 earum,
1536 2896 1578 2939 in
1599 2895 1734 2939 eccle-

139 3111 167 3134 1.
190 3100 253 3133 AB
267 3109 299 3134 et
316 3100 348 3143 Q
367 3108 539 3134 omettent
559 3099 628 3138 die,
