2099 3356
348 205 507 248 PRocias
546 219 603 247 DE
645 219 998 248 CONDAMNArioN
1046 220 1100 248 niz
1131 220 1296 261 JEANNE
1330 207 1457 248 D'ARC
1646 219 1719 261 155

76 319 280 364 sessiones
308 331 349 362 et
377 320 677 375 responsiones
699 319 789 375 ejus
819 318 1084 362 habebantur
1112 321 1154 362 in
1183 320 1376 376 scriptis,
1408 318 1642 377 quaerendo
1673 318 1723 361 ab

75 402 235 448 eisdem
261 401 554 446 assistentibus
578 415 640 455 ut,
666 417 793 459 super
813 401 946 446 modo
968 402 1146 446 ulterius
1173 402 1430 460 procedendi
1460 404 1502 445 in
1530 403 1722 455 materia,

75 503 170 531 suas
211 485 535 530 delibetationes
571 499 611 529 et
646 502 721 528 sua
763 485 939 529 consilia
986 498 1245 543 praestarent.
1293 487 1597 543 Fecismusque
1645 486 1726 542 legi

75 586 217 614 coram
264 571 364 627 ipsis
408 571 662 613 assertiones
708 569 912 627 plurimas
959 585 1056 628 quae
1097 586 1147 613 ex
1194 569 1549 627 responsionibus
1593 571 1726 627 ipsius

75 654 287 710 Johannce
326 669 398 711 per
447 653 614 712 aliquos
652 655 893 711 magistros,
933 669 982 697 ex
1015 652 1292 697 ordinatione
1331 666 1490 706 nostra,
1526 665 1726 697 extractae

76 738 258 792 fuerant,
281 750 329 782 ut
353 738 577 781 materiam
607 737 773 794 plenius
797 736 1008 790 viderent,
1036 749 1076 781 et
1103 737 1155 780 de
1189 736 1363 795 agendis
1399 738 1588 781 securius
1622 736 1726 781 deli—

78 822 287 866 berarent.

137 907 227 959 Qui
256 904 433 964 quidem
455 904 624 949 domini
650 918 689 948 et
715 906 921 963 magistri,
945 906 1174 962 praemissis
1204 903 1376 958 auditis,
1408 906 1660 949 solemniter
1688 917 1729 948 et

77 1002 242 1033 mature
263 989 618 1033 deliberaverunt.
649 988 909 1047 Auditisque
933 987 1206 1046 singulorum
1224 988 1525 1046 opinionibus,
1548 989 1729 1033 conclu—

76 1075 211 1117 simus
237 1086 278 1116 et
317 1073 614 1117 ordinavimus
649 1072 768 1132 quod
807 1073 988 1131 quilibet
1028 1073 1223 1131 ipsorum
1258 1071 1421 1117 videret
1462 1085 1502 1116 et
1541 1072 1732 1117 studeret

78 1157 306 1215 diligenter
327 1159 370 1201 in
397 1159 588 1210 materia,
614 1169 740 1215 atque
771 1158 1001 1215 opiniones
1024 1155 1255 1200 doctorum
1291 1158 1336 1200 in
1365 1156 1482 1200 libris
1509 1156 1730 1201 authenti-

78 1244 136 1286 cis
186 1257 312 1300 super
348 1241 600 1298 hujusmodi
640 1241 947 1285 assertionibus
982 1242 1190 1295 visitaret,
1231 1253 1294 1295 ut,
1334 1241 1402 1285 die
1440 1242 1549 1298 jovis
1577 1240 1730 1285 exinde

81 1328 280 1385 proximo
308 1327 521 1384 sequenti,
542 1325 594 1369 de
629 1326 693 1369 his
730 1325 922 1370 conferre
952 1341 1190 1383 possemus,
1225 1326 1406 1383 singulis
1436 1325 1729 1369 advisamenta

79 1427 153 1455 sua
181 1426 326 1454 coram
350 1410 474 1454 nobis
498 1396 811 1463 referentibus;
847 1409 1053 1468 quodque
1090 1411 1264 1459 interea,
1304 1426 1354 1453 ex
1392 1411 1730 1467 interrogatoriis

79 1507 120 1538 et
144 1496 357 1552 responsis
385 1495 517 1552 ipsius
543 1493 770 1550 Johannae,
806 1495 908 1536 certi
944 1493 1237 1538 formarentur
1262 1494 1428 1537 articuli
1465 1495 1556 1551 qui,
1585 1509 1729 1537 coram

80 1578 204 1622 nobis
226 1577 437 1635 judicibus
466 1591 507 1622 et
533 1590 681 1622 contra
709 1580 845 1635 ipsam
878 1577 1140 1635 Johannam,
1171 1579 1213 1621 in
1246 1577 1405 1635 judicio
1438 1593 1732 1635 proponeren-

81 1675 164 1706 tur.
209 1677 213 1682 ·

676 1781 785 1817 JOVIS
817 1782 918 1807 XXII.
954 1778 1135 1808 MART111.

139 1879 264 1931 Item,
297 1876 364 1922 die
401 1879 510 1935 jovis
547 1876 796 1921 immediate
830 1879 1044 1936 sequenti,
1082 1891 1188 1921 XXII.
1229 1877 1329 1921 dicti
1373 1879 1534 1922 mensis
1571 1880 1729 1932 martii,

82 1963 364 2020 Rothomagi,
393 1964 436 2005 in
462 1961 597 2006 domo
626 1961 902 2005 habitationis
933 1974 1091 2005 nostrae
1122 1962 1309 2020 episcopi
1333 1962 1551 2020 praedicti3
1589 1963 1730 2020 praesi—

80 2046 282 2091 dentibus
306 2046 448 2100 nobis,
469 2047 687 2105 episcopo,
715 2059 755 2090 et
780 2045 905 2090 fratre
925 2045 1125 2102 Johanne
1144 2047 1351 2104 Magistri,
1374 2048 1534 2090 vicario
1561 2046 1732 2090 domini

80 2132 367 2190 Inquisitoris,
392 2130 631 2188 praedictis;
662 2142 999 2189 comparuerunt
1032 2130 1294 2174 venerabiles
1315 2129 1484 2174 domini
1511 2143 1551 2174 et
1579 2132 1734 2188 magis-

81 2217 131 2260 tri
163 2233 170 2259 :
199 2215 419 2271 Johannes
443 2214 494 2259 de
516 2214 793 2268 Castellione,
824 2214 1005 2258 Erardus
1032 2216 1254 2273 Emengart
1282 2223 1313 2269 2,
1337 2215 1600 2260 Guillelmus
1622 2216 1733 2259 Bou-

83 2300 228 2352 cherii,
255 2300 404 2343 Petrus
432 2300 546 2357 prior
575 2298 627 2343 de
661 2298 925 2356 Longavilla,
952 2299 1170 2354 Johannes
1204 2299 1526 2356 Pulchripatris,
1549 2298 1733 2355 Jacobus

82 2383 134 2428 de
156 2383 369 2437 Turonia,
398 2384 602 2427 Nic-olaus
628 2384 756 2435 Midi,
785 2384 1019 2427 Mauricius
1050 2382 1102 2427 de
1124 2383 1364 2441 Quesneyo
1389 2391 1416 2436 ³,
1445 2384 1593 2427 Petrus
1617 2384 1732 2427 Hou-

81 2469 175 2512 denc
196 2477 228 2521 4,
253 2467 473 2523 Johannes
501 2467 551 2511 de
576 2468 720 2520 Nilum,
742 2468 963 2523 Johannes
982 2467 1117 2520 Fabri,
1144 2468 1293 2510 Petrus
1312 2468 1524 2520 Mauricii,
1550 2467 1732 2523 Jacobus

86 2553 266 2597 Guesdon
288 2565 329 2595 et
355 2551 570 2596 Gerardus
594 2552 805 2605 Fueilleti,
830 2567 955 2595 sacrae
975 2551 1233 2609 theologiae3
1262 2564 1302 2594 et
1330 2550 1585 2609 Radulphus
1617 2551 1734 2595 Rou-

83 2636 189 2686 seih,
220 2636 506 2680 thesaurarius
528 2635 712 2679 ecclesiae
732 2635 1169 2694 Rothomagensis,in
1194 2647 1376 2693 utroque
1392 2637 1482 2693 jure
1502 2634 1697 2679 doctores
1719 2652 1730 2689 3

83 2746 141 2751 —
163 2720 369 2764 Nicolaus
394 2720 445 2764 de
477 2721 682 2773 Vc71derc³5‚
707 2719 1033 2764 archidiaconus
1058 2719 1108 2763 de
1136 2722 1265 2777 Augo
1292 2721 1336 2762 in
1365 2719 1538 2763 ecclesia
1567 2720 1733 2764 Rotho-

87 2806 291 2861 magensi,
335 2816 375 2847 et
410 2804 629 2860 Johannes
663 2803 715 2848 de
748 2805 899 2856 Fonte,
941 2805 982 2847 in
1031 2805 1122 2860 jure
1162 2805 1371 2847 canonico
1406 2803 1638 2857 licentiati3
1674 2831 1732 2834 -—

86 2888 347 2932 Guillelmus
373 2889 529 2932 Haiton
551 2897 584 2951 ¹⁵,
606 2887 810 2931 Nic-olaus
844 2888 1109 2946 Coppequesne
1130 2887 1145 2913 ⁶
1168 2900 1207 2931 et
1235 2886 1431 2930 Thomas
1457 2896 1470 2920 7
1501 2886 1551 2931 de
1587 2887 1730 2931 Cour-

139 3083 167 3106 1.
187 3073 371 3119 Eninarge
387 3073 549 3108 deABC.
566 3094 609 3098 ——
626 3083 658 3108 2.
683 3073 738 3107 C:
756 3073 958 3118 Emengaml.
979 3094 1025 3098 —
1043 3083 1071 3117 3.
1096 3073 1125 3107 C
1145 3085 1154 3106 ς
1177 3074 1349 3117 Quesneio.
1374 3094 1418 3098 —
1445 3083 1465 3114 ι.
1498 3073 1527 3106 C
1550 3085 1559 3106 .·
1584 3072 1729 3106 Harlems.

88 3152 133 3156 —
164 3142 191 3172 ς.
216 3133 256 3166 (j.
279 3133 433 3167 Haimon.
458 3154 502 3157 —q
521 3132 553 3167 6.
575 3132 616 3167 C.
646 3145 654 3166 :
683 3132 940 3179 Conpprquesm’.
970 3153 1015 3157 ——
1044 3143 1076 3177 7.
1104 3133 1129 3165 R
1150 3145 1158 3165 :
1190 3131 1323 3166 lenm.
