2099 3356
331 167 409 222 158
594 167 752 210 PRocizs
791 182 847 211 DE
885 181 1242 211 CONDAMNATmN
1284 182 1339 210 DE
1377 181 1543 223 JEANNE
1575 168 1699 212 D'ARC

323 277 436 322 istud
465 277 605 323 eidem
629 277 978 334 concederemus,
1005 278 1131 322 vellet
1148 277 1363 323 dimittere
1386 278 1583 323 habitum
1608 279 1777 323 virilem
1805 292 1846 324 et
1868 282 1968 324 reci-

322 377 418 419 pere
445 360 640 406 habitum
665 361 939 414 muliebrem,
960 374 1088 420 prout
1111 375 1392 408 consueverat
1415 364 1457 406 in
1483 362 1579 407 loco
1601 363 1834 407 nativitatis
1861 380 1964 418 suae,

323 457 365 488 et
386 456 512 502 prout
537 444 738 488 mulieres
758 446 822 489 sui
852 445 934 489 loci
962 458 1282 490 consueverunt
1313 444 1487 501 deferre.

384 527 450 571 Ad
478 528 596 586 quod
623 527 731 572 dicta
757 529 957 584 Johanna
988 528 1225 587 respondit,
1260 528 1517 587 requirendo
1550 529 1668 588 quod
1698 531 1968 588 permittere-

326 625 395 656 tur
416 611 562 656 audire
591 613 765 656 missam
787 614 830 656 in
857 612 1015 667 ,habitu
1042 613 1153 657 virili
1181 614 1224 657 in
1250 629 1338 671 quo
1360 626 1464 659 erat,
1495 626 1536 657 et
1569 613 1687 671 quod
1714 615 1842 658 etiam
1868 630 1968 672 pos-

323 709 384 741 set
409 697 620 754 percipere
638 710 955 741 sacramentum
984 697 1260 741 Eucharistiae
1285 698 1329 741 in
1358 697 1466 741 festo
1489 696 1674 741 Paschae.

382 778 509 823 Tunc
537 778 678 823 eidem
703 788 711 804 ¹
740 779 929 824 diximus
952 779 1071 838 quod
1090 779 1139 824 ad
1162 781 1346 837 petitum
1375 780 1666 838 responderet,
1695 780 1894 825 videlicet
1916 797 1969 824 an

323 862 450 906 vellet
487 862 703 906 dimittere
741 862 936 908 habitum
981 863 1166 916 virilem,
1205 865 1238 907 si
1283 863 1364 907 hoc
1403 863 1482 907 sibi
1511 863 1832 908 concederetur.
1876 864 1970 922 Ipsa

323 962 425 990 vero
453 945 673 1004 respondit
699 945 818 1005 quod
846 945 897 990 de
925 947 1007 990 hoc
1040 963 1127 991 non
1165 960 1251 991 erat
1289 948 1502 1001 consulta,
1525 964 1602 991 nec
1636 960 1800 1005 poterat
1831 947 1972 992 adhuc

325 1031 499 1088 recipire
526 1029 692 1073 dictum
716 1029 930 1074 habitum.

386 1114 434 1157 Et
456 1130 534 1158 nos
558 1115 595 1158 ei
621 1113 810 1158 diximus
829 1130 884 1158 an
906 1114 1031 1158 vellet
1059 1113 1211 1158 habere
1238 1114 1469 1159 consilium
1492 1131 1590 1158 cum
1620 1116 1797 1169 Sanctis,
1821 1127 1969 1159 utrum

327 1198 527 1255 reciperet
568 1197 763 1242 habitum
806 1197 1079 1242 muliebrem.
1115 1197 1181 1242 Ad
1219 1198 1336 1257 quod
1374 1198 1595 1257 respondit
1627 1198 1744 1257 quod
1782 1200 1969 1256 permitti

326 1294 489 1338 poterat
536 1282 579 1325 in
614 1281 695 1325 hoc
732 1294 842 1326 statu
878 1283 1051 1326 missam
1088 1282 1252 1336 audire,
1299 1282 1417 1340 quod
1451 1299 1621 1327 summe
1652 1281 1852 1340 optabat,
1897 1282 1970 1326 sed

328 1364 521 1409 habitum
546 1378 710 1409 mutare
733 1381 821 1409 non
852 1379 1015 1423 poterat
1039 1374 1071 1419 ²,
1097 1382 1173 1409 nec
1195 1368 1322 1410 etiam
1349 1366 1428 1410 hoc
1454 1379 1538 1410 erat
1562 1367 1604 1409 in
1628 1368 1730 1424 ipsa.

386 1448 690 1500 Postmodum,
719 1448 821 1493 dicti
850 1450 1041 1507 magistri
1070 1449 1282 1493 exhortati
1316 1463 1417 1494 sunt
1443 1466 1538 1493 eam
1572 1449 1709 1507 quod,
1750 1465 1825 1507 pro
1850 1462 1971 1493 tanto

326 1531 442 1577 bono
466 1545 507 1576 et
534 1531 767 1577 devotione
793 1548 926 1590 quem
952 1532 1176 1577 videbatur
1201 1549 1360 1592 gerere,
1384 1533 1502 1591 quod
1527 1533 1653 1577 vellet
1686 1549 1832 1591 capere
1855 1532 1972 1576 habi-

326 1628 422 1660 tum
449 1632 528 1660 suo
549 1618 666 1661 sexui
691 1630 1021 1673 congruentem.
1054 1618 1167 1670 Quae
1192 1617 1391 1672 Johanna
1419 1619 1576 1661 iterum
1603 1616 1823 1675 respondit
1852 1616 1970 1675 quod

326 1701 369 1743 in
397 1702 482 1758 ipsa
510 1714 704 1744 nouerat
732 1701 813 1744 hoc
837 1700 996 1754 facere,
1024 1714 1079 1753 et,
1110 1703 1143 1744 si
1174 1702 1217 1744 in
1240 1702 1327 1759 ipsa
1355 1714 1478 1754 esset,
1504 1701 1583 1744 hoc
1617 1714 1724 1745 esset
1753 1700 1859 1744 bene
1885 1702 1971 1744 cito

328 1782 500 1827 factum.

385 1871 482 1914 Fuit
518 1882 660 1915 autem
704 1870 782 1914 sibi
821 1871 987 1915 dictum
1023 1871 1141 1929 quod
1182 1871 1429 1930 loqueretur
1471 1887 1569 1915 cum
1600 1870 1772 1914 vocibus
1806 1872 1893 1914 suis
1919 1869 1970 1914 ad

325 1954 546 1998 sciendum
565 1956 595 1997 si
621 1968 853 1998 resumeret
875 1954 1070 1998 habitum
1096 1954 1369 2008 muliebrem,
1395 1968 1441 1998 ut
1471 1956 1512 1997 in
1540 1954 1696 1998 Pascha
1721 1966 1860 2012 posset
1883 1969 1970 2012 per-

325 2040 462 2095 cipere
486 2039 703 2082 viaticum.
730 2038 795 2082 Ad
824 2037 942 2096 quod
971 2037 1191 2096 respondit
1215 2038 1324 2081 dicta
1357 2037 1554 2094 Johanna
1589 2036 1724 2096 quod,
1756 2049 1969 2095 quantum

325 2135 388 2165 est
413 2121 463 2165 de
487 2123 589 2179 ipsa,
609 2137 697 2165 non
724 2123 955 2180 perciperet
978 2123 1119 2180 ipsum
1143 2123 1362 2175 viaticum,
1389 2121 1600 2165 mutando
1625 2120 1821 2165 habitum
1840 2136 1970 2164 suum

325 2207 369 2248 in
409 2205 693 2259 muliebrem;
726 2205 985 2263 rogabatque
1025 2205 1140 2264 quod
1179 2207 1497 2262 permitteretur
1534 2204 1682 2249 audire
1723 2206 1894 2248 missam
1926 2205 1967 2247 in

329 2288 475 2332 habitu
499 2289 625 2342 virili,
651 2288 796 2333 dicens
824 2288 941 2347 quod
967 2288 1035 2332 ille
1065 2288 1234 2333 habitus
1263 2304 1350 2332 non
1385 2289 1587 2332 onerabat
1618 2290 1807 2332 animam
1848 2303 1968 2331 suam

328 2387 368 2417 et
395 2374 510 2433 quod
542 2376 683 2432 ipsum
709 2387 875 2433 portare
904 2391 991 2417 non
1016 2388 1102 2418 erat
1135 2388 1283 2418 contra
1308 2375 1550 2418 Ecclesiam.

388 2459 452 2501 De
480 2458 636 2516 quibus
660 2458 882 2511 omnibus,
909 2458 1046 2502 dictus
1070 2458 1275 2502 dominus
1301 2459 1520 2514 Joliannes
1555 2457 1606 2502 de
1638 2458 1842 2509 Estivcto,
1870 2473 1970 2515 pro-

330 2554 489 2594 motor,
532 2543 650 2599 petiit
700 2544 1055 2595 instrumentum,
1096 2541 1373 2599 praesentibus
1404 2541 1595 2586 dominis
1635 2555 1674 2585 et
1717 2542 1966 2598 magistris:

327 2632 464 2675 Adam
493 2632 629 2684 Miles,
663 2632 771 2688 regis
797 2632 1042 2685 secretar103
1067 2631 1305 2675 Guillelmo
1331 2631 1530 2675 Brolbster
1556 2638 1565 2662 3
1596 2644 1637 2674 et
1659 2632 1785 2674 Petro
1811 2630 1967 2683 Orienl,

330 2714 708 2771 Rothomagensis,
734 2714 1050 2758 Londoniensis
1071 2728 1111 2758 et
1136 2715 1462 2758 Catalaunensis
1488 2713 1757 2758 dioecesium.
1803 2733 1808 2737 ’

385 2910 412 2933 1.
437 2898 500 2933 AC
526 2912 536 2933 .·
568 2901 613 2935 ei.
647 2920 693 2924 —
726 2909 757 2932 2.
781 2899 877 2933 ΑΒΕ
906 2911 949 2933 en
977 2911 1097 2944 marge
1121 2912 1126 2932 :
1156 2899 1267 2944 Elegit
1290 2911 1352 2933 non
1377 2899 1495 2933 audire
1521 2900 1654 2933 missam
1681 2910 1778 2944 quam
1803 2898 1970 2933 dimittere

332 2958 477 2993 habitum
496 2959 642 2993 virilem.
673 2979 714 2983 ——
743 2969 772 3002 3.
793 2959 838 2992 A.
869 2971 878 2992 :
900 2959 1076 2992 Browster.

1961 0 2002 16 „⁷¹

2018 0 2099 240 ..ἲ

1999 210 2002 212 ·
2067 204 2077 220 ἱ

2071 294 2099 340 ,i

2068 341 2082 359 e,

2069 433 2099 708 i

2079 2630 2091 2647 Σ

2078 906 2099 1171 Ξ

2082 1172 2099 1305 ἕ

2084 1322 2099 1444 ’ἓ

2083 1450 2099 1844 ἰ

2086 2601 2099 2656 Ὶ.

2083 2657 2099 2784 Ξ

2082 2784 2099 2890 3

2080 2918 2099 3010 »Ξ
