2099 3356
370 173 526 216 PROC'Es
569 188 624 216 DE
663 188 1015 217 CONDAMNATION
1058 190 1112 218 nr:
1150 190 1316 230 JEANNE
1350 176 1476 219 D'ARC
1662 192 1738 234 341

98 284 320 323 mitteretur
340 284 387 323 ab
413 285 517 338 ipso,
542 286 650 324 dedit
674 287 730 325 eis
753 287 912 339 signum
934 297 977 326 ut
1004 297 1253 327 converteret
1275 288 1425 342 virgam
1450 289 1488 327 in
1513 289 1741 337 colubrum,

95 365 133 394 et
157 354 368 394 colubrum
401 356 440 394 in
472 357 638 409 virgam.
679 358 840 405 Iterum,
875 367 917 396 ut
948 357 1179 397 reformaret
1212 359 1416 407 johannes
1447 373 1610 414 quoque
1644 361 1742 413 Bap-

92 427 195 474 tista,
219 426 392 480 speciale
414 441 495 466 suae
515 428 717 467 missionis
737 430 1014 468 testimonium
1035 429 1199 482 protulit
1223 440 1231 456 ¹
1259 444 1306 469 ex
1328 431 1546 484 Scriptura,
1569 431 1706 470 dicens
1731 446 1738 470 :

93 514 111 534 «
144 499 230 550 Ego
256 511 332 537 vox
353 498 558 538 clamantis
581 500 619 537 in
646 499 831 549 desert03
856 501 1013 553 dirigite
1035 502 1137 540 viam
1169 502 1334 540 Domini
1358 519 1393 549 »‚
1419 503 1519 542 sicut
1548 504 1600 542 ait
1625 503 1742 542 Isaias

97 569 304 622 propheta.
337 586 356 605 n

886 667 955 722 [V]

148 802 166 821 ι(
193 787 356 833 Item,et
372 786 480 839 quod
497 787 581 839 ipsa
597 786 779 835 foemina,
792 788 1105 840 praesumptione
1124 789 1219 839 juris
1237 798 1274 827 et
1289 789 1336 828 de
1355 790 1565 842 jure,errat
1585 790 1623 829 in
1643 789 1737 838 fide,

92 867 176 896 tum
199 858 330 910 primo
354 871 444 896 cum
475 859 557 910 ipsa
588 859 636 897 sit
660 859 869 897 anathema
903 860 1135 898 auctoritate
1180 861 1361 907 canonis,
1388 862 1656 914 remansitque
1694 862 1732 900 in

89 929 235 967 eodem
261 938 361 967 statu
387 942 456 982 per
481 943 624 982 magna
647 939 850 983 tempora;
871 940 955 969 turn
982 931 1175 979 secundo,
1203 932 1293 985 quia
1327 932 1421 971 dicit
1449 946 1488 971 se
1510 933 1627 972 malle
1649 946 1728 971 non

86 1001 261 1053 recipere
283 1014 430 1053 corpus
452 1001 620 1049 Christi,
646 1011 684 1041 et
710 1015 791 1040 non
817 1001 1015 1050 confiteri,
1036 1012 1216 1056 tempore
1233 1012 1380 1042 statuto
1405 1017 1475 1056 per
1498 1003 1733 1052 Ecclesiam,

85 1085 223 1125 quam,
244 1072 411 1111 dimisso
442 1072 579 1111 habitu
599 1072 719 1119 virili,
744 1086 989 1112 reassumere
1017 1074 1198 1113 habitum
1227 1074 1440 1114 mulierum
1465 1084 1494 1113 ².
1527 1076 1593 1114 Est
1614 1076 1733 1115 etiam

86 1144 440 1183 vehementissime
464 1153 474 1178 3
507 1153 690 1197 suspecta
722 1145 770 1183 de
798 1145 953 1192 haeresi,
980 1155 1017 1184 et
1042 1159 1160 1198 super
1189 1146 1365 1185 articulis
1398 1145 1490 1186 fidei
1524 1146 1737 1199 diligenter

89 1216 365 1255 examinanda.
393 1232 412 1252 >›

879 1312 970 1366 [Vl]

143 1448 161 1467 α
190 1432 304 1479 Item,
329 1432 441 1484 ipsa4
463 1431 630 1470 foemina
654 1432 771 1470 etiam
803 1441 902 1471 errat
928 1433 966 1470 in
992 1433 1069 1471 hoc
1095 1433 1203 1485 quod
1226 1433 1321 1472 dicit
1343 1448 1382 1472 se
1410 1446 1494 1472 esse
1521 1434 1571 1473 ita
1584 1445 1728 1474 certam

84 1503 193 1556 quod
218 1503 384 1542 ducetur
409 1504 448 1541 in
468 1504 711 1556 paradisum,
735 1504 835 1542 sicut
873 1504 903 1541 si
929 1505 1006 1556 jam
1032 1505 1115 1557 ipsa
1136 1503 1238 1543 esset
1259 1505 1298 1543 in
1338 1505 1463 1557 gloria
1487 1507 1698 1545 Beatorum
1720 1521 1729 1553 ;

87 1589 195 1622 cum,
215 1575 254 1613 in
271 1576 342 1614 ista
360 1575 696 1627 peregrinatione,
720 1589 768 1613 an
781 1575 1037 1614 viatorlaude
1054 1575 1117 1614 vel
1133 1589 1311 1614 zerumna
1328 1577 1473 1629 dignus
1485 1578 1549 1624 sit,
1571 1578 1731 1630 ignora-

84 1656 162 1693 tur,
174 1647 241 1685 sed
263 1660 282 1685 a
305 1646 392 1685 solo
406 1646 547 1696 Judice
560 1660 750 1699 supremo
772 1647 1207 1699 cognoscitur.Quare,
1225 1647 1454 1699 sipraedicta
1475 1647 1730 1696 foemina,ca-

81 1718 235 1757 ritative
259 1718 462 1757 exhortata
483 1727 521 1757 et
542 1717 672 1757 debite
697 1719 850 1757 monita
870 1732 890 1756 a
912 1717 1042 1770 judice
1064 1719 1384 1771 competenti,ad
1410 1718 1501 1758 fidei
1521 1719 1729 1759 catholicae

79 1791 274 1829 unitatem
299 1800 442 1843 sponte
461 1803 661 1828 recurrere
685 1800 723 1829 et
742 1803 917 1828 errorem
940 1803 1058 1828 suum
1080 1789 1129 1828 ad
1149 1789 1354 1829 arbitrium
1377 1790 1472 1830 dicti
1493 1791 1635 1844 judicis
1657 1805 1729 1844 pu-

80 1861 181 1901 blice
215 1861 409 1914 abjurare,
443 1871 481 1900 et
503 1861 817 1901 satisfactionem
851 1875 1072 1914 congruam
1100 1860 1275 1900 noluerit
1296 1861 1500 1910 exhibere,
1527 1862 1728 1902 saecularis

78 1933 220 1985 judicis
241 1933 404 1972 arbitrio
429 1943 488 1972 est
507 1933 785 1987 relinquenda,
811 1933 985 1972 debitam
1008 1942 1213 1986 receptura
1234 1947 1307 1986 pro
1330 1933 1518 1987 qualitate
1538 1934 1727 1974 facinoris

79 2005 291 2044 ultionem.
320 2022 338 2041 »

137 2095 153 2112 «
180 2079 272 2116 Post
293 2091 465 2130 quorum
491 2077 768 2125 articulorum,
794 2077 1177 2117 determinationum
1205 2088 1242 2117 et
1272 2078 1615 2132 qualificationum
1646 2080 1726 2119 lec—

79 2159 224 2197 turam,
250 2149 466 2202 praedictus
490 2149 679 2188 dominus
705 2151 849 2188 Rector
878 2149 1038 2203 publice
1060 2160 1097 2189 et
1117 2149 1194 2188 alta
1218 2163 1317 2189 voce
1340 2151 1455 2204 petiit
1475 2165 1496 2189 a
1528 2152 1726 2204 praedictis

79 2221 315 2260 venerandis
339 2220 607 2260 Facultatibus
629 2221 845 2274 theologiae
869 2231 906 2260 et
939 2221 1207 2270 decretorum,
1245 2223 1276 2260 si
1310 2222 1510 2275 praedictae
1535 2222 1726 2262 delibera-

79 2294 224 2338 tiones,
246 2293 599 2332 determinationes
615 2302 652 2331 et
673 2292 1000 2346 qualificationes‚
1023 2294 1078 2332 sic
1099 2303 1142 2331 ut
1162 2294 1398 2346 paemittitur
1418 2294 1545 2341 lectae‚
1565 2295 1602 2332 in
1626 2309 1723 2348 prce-

79 2366 185 2404 dicto
210 2375 404 2418 quaterno
430 2375 645 2413 contentae,
668 2375 801 2404 essent
821 2366 876 2404 sic
892 2365 1118 2404 deliberatae
1143 2375 1180 2404 et
1201 2365 1403 2404 conclusae
1425 2380 1495 2419 per
1518 2367 1724 2419 praedictas

78 2437 310 2476 Facultates.
337 2437 432 2482 Quo
452 2436 603 2484 audito,
624 2437 739 2476 dictae
756 2436 974 2476 Facultates
994 2450 1173 2476 seorsum
1191 2437 1498 2490 responderunt,
1522 2437 1721 2485 videlicet,

73 2508 254 2548 Facultas
277 2514 287 2540 ἱ
312 2509 531 2561 theologice
557 2522 626 2561 per
644 2522 840 2561 organum
867 2508 1045 2561 praedicti
1072 2508 1248 2561 magistri
1267 2509 1463 2557 Johannis
1494 2509 1542 2548 de
1565 2509 1719 2557 Trecis‚

71 2590 112 2619 et
132 2580 310 2619 Facultas
341 2580 594 2619 decretorum
614 2594 684 2633 per
702 2593 897 2633 organum
929 2579 1165 2618 venerabilis
1192 2580 1264 2618 viri
1290 2580 1465 2633 magistri
1489 2581 1681 2620 Gueroldi
1706 2584 1721 2609 ⁶

73 2651 271 2697 Boisselli,
295 2652 472 2704 ejusdem
496 2652 748 2690 decretorum
772 2650 978 2690 Facultatis
1003 2650 1158 2698 decani,
1182 2651 1290 2704 quod
1312 2651 1510 2704 praedictae
1531 2652 1721 2691 determi—

75 2723 258 2762 nationes
283 2733 321 2762 et
350 2722 669 2777 qualificationes
688 2733 797 2762 erant
825 2721 1141 2775 qualificationes
1172 2732 1208 2761 et
1239 2723 1591 2763 determinationes
1623 2724 1721 2763 datae

74 2805 110 2833 et
159 2794 362 2833 conclusae
408 2808 477 2846 per
519 2794 728 2847 praedictas
772 2794 1004 2833 Facultates.
1039 2793 1198 2839 Quibus
1241 2794 1297 2833 sic
1330 2794 1460 2843 dictis,
1507 2795 1720 2848 prcedictus

129 3023 156 3045 x.
178 3011 212 3055 Q
235 3024 241 3046 :
259 3011 428 3058 praetulit.
450 3032 490 3036 —
516 3022 547 3045 2.
569 3010 599 3045 C
617 3023 627 3044 .·
644 3010 848 3044 rnulielwent.
866 3031 903 3034 —
927 3020 956 3054 3.
975 3009 1004 3043 C
1021 3009 1259 3044 ‚wehementmu
1286 3030 1329 3034 —
1348 3020 1381 3051 4.
1406 3010 1437 3043 A
1456 3022 1466 3043 .·
1503 3010 1617 3043 Etiam
1636 3012 1717 3057 isisa.

79 3092 120 3095 —
148 3081 176 3111 5.
200 3071 224 3104 R
240 3084 249 3104 :
265 3071 460 3105 Hmnltates.
485 3092 527 3094 rm
551 3070 584 3104 6.
609 3070 639 3103 (f
659 3083 668 3102 :
687 3069 873 3103 Gm’wnfvi
