2099 3356
380 159 539 202 mocks
574 174 628 202 DE
660 173 1011 203 CONDAMNATICN
1048 174 1104 202 DE
1135 174 1299 215 JEANNE
1334 159 1461 202 ΝΛΜ,
1665 174 1741 215 313

98 270 236 315 cendo
260 284 308 315 ut
324 271 374 315 ab
401 272 652 330 hujusmodi
680 272 916 317 defectibus
934 286 974 316 et
996 273 1251 317 criminibus
1280 272 1471 317 recedere
1496 273 1598 316 velit
1619 285 1746 331 atque

97 356 211 398 viam
234 356 421 400 veritatis
450 371 692 414 agnoscere.
744 355 846 400 Ideo
889 372 1003 399 nunc
1052 357 1128 399 ista
1151 356 1304 399 mulier
1340 371 1485 399 coram
1530 354 1649 399 vobis
1680 356 1746 399 hic

96 437 346 492 adducetur,
373 451 428 490 et,
458 452 506 483 ut
532 441 802 498 praemissum
836 453 913 493 est,
936 439 1268 492 admonebitur;
1305 452 1344 483 et
1368 441 1401 483 si
1423 439 1577 497 aliquis
1616 439 1746 498 quid-

98 517 230 581 quam
258 521 362 566 boni
385 521 520 567 facere
544 536 617 567 aut
637 522 776 567 dicere
804 525 952 581 possit,
984 539 1059 580 pro
1087 525 1179 580 ejus
1208 522 1385 566 faciliori
1408 522 1661 568 reductione
1704 536 1744 567 et

98 604 313 650 salutifera
334 607 633 661 instructione,
663 606 713 650 ad
738 607 922 651 salutem
945 608 1101 650 animae
1122 619 1163 650 et
1181 608 1372 665 corporis
1396 609 1503 663 ejus,
1544 622 1746 664 rogamus

97 702 145 732 ut
167 689 289 733 nobis
310 689 415 734 illud
435 692 595 749 aperire
613 704 686 734 aut
714 689 968 734 inmedium
997 690 1123 734 affere
1151 706 1241 734 non
1268 702 1446 734 recuset.
1475 707 1494 730 »

156 771 176 793 *
202 773 295 831 Ipsa
320 789 419 817 vero
440 773 697 818 adveniente
721 787 761 818 et
788 773 969 818 adducta
991 774 1060 818 iila
1091 772 1158 818 die
1179 789 1323 818 coram
1348 773 1487 827 nobis,
1532 772 1746 831 judicibus

99 855 284 914 praefatis
307 865 335 910 ¹,
362 874 456 911 uos,
486 859 710 915 episcopus
740 856 966 915 praedictus
986 866 1017 910 ²,
1049 859 1140 901 vice
1170 870 1313 901 nostra
1341 871 1381 901 et
1399 857 1571 902 alterius
1597 860 1749 915 conju-

98 938 217 993 dicis,
242 942 500 985 monuimus
521 939 716 984 eamdem
742 940 989 997 Johannam
1012 953 1059 984 ut
1079 943 1364 999 acquiesceret
1390 941 1570 985 consilio
1597 953 1638 984 et
1655 957 1748 985 mo-

101 1023 340 1067 nitionibus
376 1023 454 1067 sibi
477 1023 682 1068 faciendis
726 1040 798 1082 per
839 1023 1073 1068 dominum
1109 1023 1463 1068 archidiaconum
1504 1024 1746 1082 praefatum,

100 1123 226 1151 sacrae
248 1107 480 1167 theologiae
508 1108 809 1167 professorem,
838 1110 912 1167 qui
937 1108 1016 1151 sibi
1041 1107 1198 1152 diceret
1225 1108 1362 1152 multa
1378 1108 1490 1152 bona
1515 1124 1591 1166 pro
1615 1109 1750 1152 salute

101 1193 258 1235 animae
285 1204 326 1235 et
349 1193 554 1250 corporis,
582 1205 622 1236 et
643 1192 721 1236 sibi
743 1194 1042 1250 acquiesceret.
1075 1191 1209 1244 Quod
1237 1193 1269 1234 si
1296 1207 1384 1236 non
1413 1191 1582 1245 faceret,
1616 1207 1750 1250 expo—

101 1288 221 1319 neret
243 1291 286 1319 se
313 1275 549 1319 discrimini
572 1277 763 1334 corporis
790 1288 830 1319 et
866 1276 1039 1329 animae,
1066 1275 1216 1328 multa,
1237 1278 1355 1332 juxta
1384 1288 1581 1318 tenorem
1624 1275 1749 1320 sche—

101 1358 212 1404 dulae
236 1368 245 1392 3
270 1360 447 1404 inferius
482 1361 666 1413 insertae,
689 1358 811 1404 dictae
832 1359 1044 1416 Johannae
1068 1358 1341 1418 exponendo.

162 1444 213 1487 Et
225 1443 381 1488 deinde
399 1460 493 1497 nos,
512 1443 673 1502 judices
688 1443 868 1502 praefati‚
884 1445 1131 1501 rogavimus
1146 1443 1351 1487 eumdem
1369 1442 1600 1487 dominum
1616 1443 1749 1487 archi-

103 1526 337 1571 diaconum
360 1526 478 1586 quod
494 1528 537 1571 in
551 1527 660 1572 facto
673 1527 885 1572 dictarum
900 1528 1203 1571 monitionum
1218 1528 1433 1570 caritative
1448 1526 1694 1584 procederet
1715 1538 1746 1571 4.

99 1611 190 1664 Qui
216 1611 424 1655 dominus
475 1611 817 1665 archidiaconus,
856 1611 1043 1670 parendo
1080 1610 1293 1655 mandatis
1333 1612 1505 1663 nostris,
1542 1610 1740 1654 eamdem

100 1694 346 1751 Johannam
389 1695 638 1754 incipiendo
665 1695 816 1739 docere
850 1708 891 1739 et
918 1697 1143 1748 instruere,
1187 1696 1344 1753 primo,
1366 1694 1504 1738 eidem
1537 1694 1746 1750 Johannae

155 1910 173 1928 *
200 1912 283 1964 Ipsa
308 1924 392 1949 vero
427 1910 640 1949 adveniente
654 1915 684 1949 et
701 1909 857 1949 adducta
883 1910 949 1949 illa
970 1910 1026 1949 die
1055 1923 1175 1948 corani
1201 1910 1359 1948 dominis
1378 1909 1577 1961 jndicihns,
1613 1909 1747 1962 praesa-

103 1987 161 2020 tns
174 1981 345 2021 dominns
364 1981 543 2036 episcopus
566 1982 709 2020 monuit
731 1995 810 2020 eant
833 1986 873 2020 nt
899 1981 1132 2034 acquiesceret
1156 1980 1302 2019 consilio
1337 1985 1368 2018 et
1393 1979 1655 2019 monitionilnts
1682 1980 1751 2018 sihi

94 2052 277 2106 faciendis
294 2059 362 2107 per
376 2054 596 2106 magistrum
621 2053 826 2101 Iohannem
857 2053 898 2092 de
919 2052 1182 2099 Chasteillon,
1210 2052 1386 2090 doctorem
1414 2065 1526 2090 sacra*
1550 2051 1746 2104 theologia’,

102 2125 169 2178 qni
189 2125 321 2164 diceret
350 2124 420 2164 sibi
451 2124 570 2163 ninlta
602 2124 692 2163 bona
715 2131 780 2178 pro
796 2123 915 2164 salute
941 2124 1077 2163 aniina‘
1094 2130 1123 2163 et
1145 2124 1316 2178 corporis,
1343 2128 1373 2161 et
1393 2123 1462 2161 sihi
1482 2123 1715 2176 acquiesceret
1736 2137 1748 2168 ,·

103 2197 200 2248 qnod
234 2197 265 2235 si
298 2211 367 2235 non
391 2196 545 2250 faceret,
575 2201 768 2250 exponente
789 2210 822 2235 se
842 2196 1051 2235 discrimini
1083 2196 1239 2250 corporis
1256 2200 1287 2233 et
1305 2195 1454 2241 nnima‘,
1492 2194 1609 2233 multa
1640 2195 1751 2246 jnxtn

103 2273 260 2307 tenorem
294 2267 472 2307 schedulae
502 2268 729 2322 prceinsertae
769 2268 839 2307 sihi
876 2267 1101 2321 exponendo:
1132 2272 1163 2306 et
1186 2267 1313 2305 deinde
1339 2271 1524 2318 rogantem
1555 2266 1642 2318 (sis)
1684 2266 1751 2319 ipsi

103 2340 246 2379 domini
270 2340 409 2392 jndices
431 2340 632 2394 praefatnln
671 2340 890 2392 magistrum
908 2339 1114 2388 johannem
1134 2339 1176 2377 de
1201 2338 1446 2377 Chasteillon
1469 2337 1565 2390 qnod
1589 2337 1625 2375 in
1650 2338 1751 2389 flicto

103 2412 288 2451 dictarum
320 2412 566 2451 monitionum
593 2411 786 2450 caritative
805 2411 1022 2465 procederet.
1049 2411 1126 2459 Qui
1157 2410 1330 2463 mag-ister
1348 2409 1533 2458 Iohannes
1561 2408 1602 2447 de
1625 2409 1749 2447 Chas-

105 2483 244 2523 teillon
265 2497 343 2522 eain
368 2484 525 2531 monuit,
568 2488 607 2522 nt
637 2483 844 2522 continetur
862 2483 899 2521 in
927 2482 1109 2529 rchetlnlo,
1130 2482 1178 2520 ric
1200 2480 1393 2520 intitulata
1423 2495 1429 2518 :
1461 2497 1478 2516 «
1519 2481 1750 2533 Sequuntur

103 2555 234 2609 aliqua
252 2569 323 2609 pro
350 2556 545 2594 memoria
566 2555 831 2594 dicendorum
855 2554 951 2593 dum
972 2554 1155 2603 johanna
1178 2552 1421 2598 monebitur,
1443 2561 1518 2591 etc.
1546 2568 1563 2587 >³

157 2628 205 2666 Et
219 2631 416 2681 antequam
437 2627 621 2680 inciperet,
644 2626 737 2665 dixit
758 2625 854 2680 qnod
866 2624 1182 2679 prinn'tnsfideles
1208 2631 1216 2655 ἰ
1253 2629 1356 2662 erant
1393 2623 1547 2676 obligati
1575 2623 1621 2662 nd
1637 2623 1747 2676 fidem

107 2698 347 2737 christianam
366 2703 396 2737 et
414 2698 588 2737 articulos
592 2697 687 2752 fidei
707 2697 903 2736 tenendum
922 2702 953 2735 et
978 2695 1210 2735 sredendmn.

159 2900 187 2925 ξ.
210 2890 241 2923 Α
275 2902 285 2923 .·
314 2889 494 2936 praedictns
531 2890 622 2933 (stc).
657 2909 701 2913 -
737 2898 769 2922 2.
804 2888 834 2921 A
870 2899 879 2920 .·
904 2887 1076 2933 pragsntnS.
1105 2907 1143 2910 —
1178 2896 1207 2930 3.
1233 2886 1297 2920 AB
1320 2897 1330 2920 ,·
1350 2885 1482 2919 scedulae
1496 2897 1507 2925 ,·
1529 2885 1558 2919 C
1589 2898 1598 2919 .·
1619 2885 1748 2919 ςειίηῖεικ

108 2969 150 2973 -
166 2959 200 2991 4.
222 2948 290 2983 AC
305 2960 350 2983 en
371 2960 492 2994 marge
513 2961 519 2983 z
541 2948 691 2982 Alonitio
706 2953 735 2981 et
764 2946 948 2981 exhortatio
974 2947 1153 2980 caritativa
1172 2945 1267 2990 flictu
1286 2945 1445 2988 Johnnna’
1463 2951 1523 2991 per
1550 2945 1748 2989 magistrum

107 3008 282 3050 Iohannem
292 3008 328 3042 de
337 3008 536 3043 Castellione
547 3007 596 3053 (C
607 3020 616 3040 .·
628 3007 666 3041 de
678 3006 901 3051 Chasteillon)
914 3019 925 3046 ;
947 3006 1023 3040 Ben
1040 3015 1161 3050 marge
1178 3017 1184 3039 ;
1200 3005 1399 3038 Exhortatio
1410 3005 1505 3050 facta
1516 3004 1675 3048 Johtinnae
1690 3010 1749 3050 per

110 3067 280 3105 Iohannem
301 3068 339 3101 de
360 3067 573 3102 Castelliom’.
597 3088 638 3092 —
666 3077 677 3109 ς
693 3098 698 3103 ,
721 3066 767 3100 Le
789 3077 847 3100 ms.
865 3066 982 3111 ajoute
999 3070 1040 3099 et.
1063 3064 1126 3107 (U,
1145 3064 1204 3099 fol.
1222 3063 1264 3098 26
1282 3066 1340 3107 ¹¹0).
