2099 3356
339 187 425 241 264
619 181 779 224 PRocizs
812 195 867 223 DE
899 193 1249 222 CONDAMNATION
1283 193 1339 221 DE
1369 193 1535 235 JEANNE
1572 179 1697 222 D'ARC

340 296 457 356 quod
484 308 544 340 est
573 297 617 338 in
645 292 846 346 articulo,
873 294 966 336 sine
994 293 1266 346 necessitate3
1314 304 1355 336 et
1388 291 1516 335 vellet
1542 290 1677 350 'quod
1711 290 1850 335 adhuc
1889 292 1978 349 ipse

340 382 529 425 mitteret
555 378 666 437 plus,
691 390 739 421 ut
767 375 922 420 melius
945 387 1161 434 appareret
1187 374 1306 433 quod
1330 376 1417 433 ipsa
1433 376 1628 419 *venisset
1649 389 1701 418 ex
1735 387 1850 432 parte
1878 374 1977 428 Dei,

341 464 514 516 scilicet,
543 459 662 519 quod
689 462 777 518 ipse
802 461 987 503 misisset
1002 475 1112 503 eam.

404 623 555 667 LXVI.
589 639 609 662 «
640 623 766 675 ITEM,
797 619 914 679 quod
942 619 1247 678 praedictorum
1273 618 1472 678 quaedam
1504 617 1829 676 suntajuribus
1843 617 1982 663 domi-

346 710 443 751 nico
464 716 492 759 ¹,
511 705 775 764 evangelico,
789 705 999 748 canonico
1025 716 1066 748 et
1089 704 1204 747 civili
1228 702 1443 748 deviantia
1466 712 1499 757 ²,
1529 714 1675 746 contra
1691 717 1739 746 ea
1763 715 1804 746 et
1826 714 1987 746 statuta

346 794 386 835 in
419 790 625 835 Conciliis
677 787 949 847 generalibus
982 787 1236 846 approbata3
1280 785 1478 845 quaedam
1523 786 1738 844 sortilega,
1786 784 1987 844 quaedam

345 875 650 926 divinationes,
666 870 862 931 quaedam
880 872 1230 929 superstitiones;
1244 884 1285 915 et
1307 869 1505 929 quaedam
1519 869 1771 923 formaliter,
1790 868 1990 928 quaedam

346 959 559 1003 causative
586 970 626 1001 et
652 956 769 1010 alias,
811 955 1007 999 haeresim
1056 956 1229 1012 sapiunt
1259 972 1270 1009 3
1314 970 1476 998 errores
1504 955 1546 997 in
1582 952 1666 998 fide
1701 969 1832 1012 quarn
1870 953 1989 1011 plura

348 1041 574 1095 inducunt,
619 1053 660 1084 et
703 1040 927 1084 fautoriam
974 1039 1183 1083 haereticae
1230 1038 1473 1096 pravitatis3
1525 1036 1728 1096 quaedam
1772 1035 1988 1090 seditiosa,

348 1124 547 1185 quaedam
570 1123 783 1168 turbativa
809 1124 918 1180 pacis
953 1135 993 1166 et
1025 1121 1299 1180 impeditiva3
1322 1120 1519 1181 quaedam
1543 1120 1593 1164 ad
1616 1120 1873 1165 effusionem
1898 1136 1992 1164 san-

348 1211 493 1268 guinis
521 1208 702 1252 humani
728 1208 966 1261 incitativa;
1002 1205 1199 1265 quaedam
1243 1207 1370 1250 etiam
1400 1204 1605 1249 maledica
1642 1217 1684 1248 et
1716 1204 1992 1262 blasphemiae

353 1295 396 1336 in
424 1293 585 1345 Deum,
613 1304 654 1334 et
679 1291 856 1334 Sanctos
873 1306 918 1334 ac
946 1290 1144 1343 sanctas,
1174 1305 1269 1347 quae
1306 1289 1433 1332 etiam
1480 1289 1567 1347 pias
1603 1303 1724 1332 aures
1758 1287 1992 1331 hominurn

354 1375 601 1420 offendunt.
637 1376 684 1418 In
707 1383 717 1406 ³
766 1388 806 1418 et
833 1389 960 1432 super
999 1374 1245 1430 praemissis,
1267 1372 1378 1417 dicta
1398 1388 1465 1415 rea
1492 1373 1720 1415 temerario
1743 1387 1865 1421 ausu,
1893 1371 1994 1415 Dia-

354 1460 454 1504 bolo
477 1460 718 1517 instigante,
749 1456 930 1502 offendit
957 1457 1102 1500 Deum
1132 1469 1172 1500 et
1201 1456 1429 1500 Ecclesiam
1445 1471 1566 1499 suam
1583 1467 1771 1499 sanctam
1795 1472 1806 1508 3
1833 1456 1876 1498 in
1899 1470 1994 1498 eam

358 1545 533 1588 excessit
575 1556 616 1587 et
664 1543 863 1600 deliquit,
910 1541 1154 1585 scandalosa
1200 1540 1297 1594 fuit,
1324 1552 1366 1584 et
1392 1555 1519 1598 super
1553 1539 1618 1583 his
1659 1540 1828 1583 notorie
1873 1538 1999 1583 diffa-

358 1641 483 1681 mata,
509 1628 714 1685 venitque
735 1626 845 1669 dicta
879 1642 945 1670 rea
992 1641 1064 1684 per
1097 1640 1173 1669 vos
1220 1636 1442 1683 propterea
1483 1621 1733 1681 corrigenda
1760 1635 1801 1666 et
1846 1638 1991 1666 ernen-

358 1711 510 1755 danda.
546 1726 566 1748 »

414 1794 524 1838 *Ad
553 1794 705 1838 huno*
753 1794 1001 1847 articulum,
1041 1792 1151 1836 dicta
1192 1792 1421 1848 johannaff
1470 1789 1721 1849 respondit6
1770 1788 1887 1848 quod
1936 1802 1998 1833 est

360 1879 470 1923 bona
491 1878 749 1931 christiana,
791 1892 847 1931 et,
875 1876 926 1921 de
951 1876 1157 1920 omnibus
1204 1875 1408 1920 oneribus
1451 1875 1600 1932 positis
1645 1875 1687 1917 in
1727 1873 1922 1926 articulo,
1957 1887 2001 1916 se

362 1961 485 2006 refert
513 1961 564 2006 ad
586 1963 849 2006 Dominum.

425 2129 594 2172 LXVII.
622 2145 642 2168 «
672 2129 797 2180 ITEM,
822 2127 941 2186 quod
968 2129 1117 2171 onmia
1147 2139 1187 2170 et
1221 2126 1388 2184 singula
1410 2126 1626 2184 praemissa
1653 2124 1762 2169 dicta
1788 2140 1854 2168 rea
1886 2139 2004 2167 com-

363 2214 493 2265 misit,
526 2213 798 2270 perpetravit,
825 2211 944 2264 dixit,
973 2211 1168 2269 protulit‚
1202 2211 1406 2262 recitavit,
1443 2208 1765 2266 dogmatizavit,
1810 2207 2001 2266 promul-

363 2297 475 2353 gavit
499 2311 543 2338 ac
571 2311 700 2352 opere
721 2294 988 2352 adimplevit,
1018 2307 1104 2337 tam
1128 2295 1170 2337 in
1199 2292 1309 2337 dicta
1336 2292 1632 2349 jurisdictione
1665 2307 1795 2349 quam
1822 2290 1935 2344 alibi,
1961 2291 2003 2333 in

367 2378 559 2438 pluribus
579 2395 625 2422 ac
652 2377 830 2422 diversis
875 2378 977 2421 locis
1006 2378 1136 2433 hujus
1173 2378 1308 2434 regni,
1341 2375 1503 2420 nedum
1531 2376 1682 2428 semel,
1717 2374 1789 2418 sed
1829 2374 2003 2432 pluries,

367 2462 542 2506 diversis
567 2460 852 2519 temporibus,
888 2461 1038 2505 diebus
1081 2474 1121 2504 et
1155 2460 1297 2511 horis;
1341 2461 1383 2503 in
1428 2475 1474 2503 ea
1509 2457 1721 2512 reincidit,
1766 2474 1811 2502 ac
1860 2473 2006 2516 perpe-

422 2678 438 2695 *
460 2678 525 2715 Dit
547 2676 690 2729 qu’elle
715 2686 771 2715 est
803 2675 936 2714 bonne
958 2675 1210 2714 chrestienne
1229 2689 1238 2722 3
1267 2684 1303 2713 et
1327 2674 1374 2713 de
1397 2683 1529 2713 toutes
1550 2686 1610 2711 ses
1632 2672 1796 2724 charges
1816 2672 1934 2710 mises
1958 2684 2006 2708 en

372 2748 548 2796 l'article,
573 2747 714 2802 qu'elle
736 2747 816 2786 s’en
849 2757 1005 2800 raporte
1037 2747 1056 2784 :¹1
1078 2756 1210 2785 nostre
1233 2746 1427 2799 Seigneur
1442 2754 1471 2783 7.

425 2973 452 2995 1.
480 2962 511 2995 Α
536 2974 546 2995 .·
566 2962 693 2994 divino.
717 2981 763 2985 ——
785 2971 815 2995 2.
837 2960 897 2994 BC
921 2973 930 2993 :
959 2961 1142 2996 devientia.
1165 2982 1211 2984 —
1233 2971 1260 3004 3.
1287 2960 1349 2993 AC
1378 2959 1536 3005 ajoutent
1570 2958 1613 2991 Et
1647 2958 1775 2992 devant
1807 2958 1853 2990 in.
1891 2977 1936 2981 —-
1971 2967 2007 2999 4.

372 3022 616 3066 Scmgesimum
635 3026 826 3054 sexnum—
847 3030 877 3063 5.
901 3020 930 3054 C
948 3028 1045 3054 omet
1062 3020 1148 3053 dicta
1167 3019 1328 3063 johanna.
1348 3039 1394 3043 ——
1414 3017 1448 3053 6.
1471 3018 1502 3052 A
1529 3030 1539 3051 .·
1561 3016 1723 3064 respondit
1743 3016 1829 3050 dicta
1842 3015 2008 3060 johanna.

378 3102 418 3104 —
440 3092 470 3125 7.
501 3080 539 3122 U,
560 3080 621 3114 fol.
647 3090 701 3124 30,
731 3089 773 3113 r0.
