2099 3356
387 263 443 292 XX
672 248 830 292 PROCI'ES
863 263 918 291 DE
950 261 1304 291 CONDAMNATION
1338 261 1392 290 DE
1422 261 1588 302 JEANNE
1620 246 1750 291 D'ARC

383 365 415 400 et
443 365 524 400 acta
557 361 717 414 ejusdem
750 359 1010 413 registrarant‚
1036 362 1198 397 attamen
1233 358 1385 412 quidam
1416 357 1485 397 alii
1511 358 1663 412 suspecti
1684 358 1836 407 notarii,
1878 358 1917 398 in
1954 358 2028 398 loco

380 432 586 472 abscondito
601 437 633 471 et
648 432 851 486 propinquo
873 430 1079 478 latuerunt,
1097 429 1162 484 qui
1177 429 1408 493 Qu
1428 429 1581 483 scribere
1599 429 1815 485 voluerant.
1836 463 1842 470 .
1861 461 1871 470 .
1891 431 1916 469 I
1916 444 1975 469 mo
1994 434 2029 469 et
2083 476 2093 481 ἱ

379 504 533 558 quidam
567 503 665 542 alius
688 502 865 556 confectus
887 507 919 541 et
933 508 1119 556 processus
1140 501 1178 539 in
1211 500 1421 540 authentica
1431 501 1575 555 forma,
1600 501 1811 555 plurimum
1833 501 1974 541 distans
1993 506 2026 541 et

378 574 568 614 dissimilis
586 589 607 614 a
629 574 722 614 dicto
741 573 861 628 priori
880 580 1058 627 processu.
1083 574 1131 612 Et
1155 573 1215 612 hoc
1230 572 1312 626 fuit
1327 577 1360 611 et
1379 577 1428 612 est
1448 587 1597 612 verum.
1619 605 1625 612 .
1645 606 1651 612 .
1686 590 1704 610 »

432 647 486 686 Ce
511 656 601 685 sont
631 646 666 684 lit
695 646 763 685 des
783 645 996 684 assertions
1019 645 1225 697 gratuite&
1261 645 1365 683 Pour
1388 643 1444 683 les
1466 644 1626 691 refutes,
1655 644 1690 683 le
1727 646 1880 684 notaire
1911 645 2026 684 Guil-

381 717 511 756 laumc
532 718 735 757 Manchon
762 716 869 756 n'eut
893 715 981 770 qu’asst
1003 715 1119 754 livrer
1152 715 1187 754 la
1211 715 1364 754 minute
1389 714 1580 764 francaise
1604 715 1657 754 du
1681 717 1822 768 proces
1848 716 1896 755 de
1925 730 2024 756 con-

381 789 613 829 damnation
637 803 710 828 aux
733 790 845 842 juges
866 788 913 827 de
929 788 964 826 la
985 786 1296 826 re'habilitation.

436 862 531 900 Bien
559 860 653 914 qu'il
677 862 752 899 tint
781 860 883 899 alors
919 860 940 898 ὲ
969 859 1138 912 prendre
1173 872 1253 897 une
1289 859 1453 898 attitude
1490 858 1683 912 prudente
1729 868 1767 898 et
1801 859 2028 899 honorable

381 932 607 985 (Manchon
629 932 711 971 dira
732 932 843 971 avoir
860 931 997 984 pleure'
1018 931 1194 983 pendant
1217 930 1306 983 plus
1327 929 1421 969 d'un
1447 931 1550 969 mois
1579 932 1691 984 apres
1716 931 1751 970 le
1772 931 1952 984 supplice
1976 931 2026 970 de

378 1005 545 1053 Jeanne,
580 1005 690 1043 avoir
713 1004 866 1051 achete‚
901 1016 995 1041 avec
1019 1001 1183 1055 l'argent
1213 1002 1280 1055 qui
1305 1001 1361 1040 lui
1393 1002 1519 1041 revint
1558 1002 1610 1041 du
1641 1003 1796 1055 proces,
1831 1016 1885 1041 un
1925 1003 2027 1056 petit

380 1076 513 1115 missel
532 1090 634 1129 pour
658 1076 740 1114 dire
764 1075 831 1114 des
854 1075 1000 1127 prieres
1016 1074 1037 1112 ἐι
1060 1087 1133 1112 son
1157 1072 1392 1125 intention),
1410 1072 1502 1112 bien
1521 1073 1618 1127 qu’il
1641 1074 1693 1113 ait
1709 1075 1769 1112 ete
1789 1073 1823 1113 la
1841 1075 2020 1113 creature

379 1147 425 1186 de
447 1147 626 1201 l'eveque
665 1147 712 1185 de
746 1146 952 1194 Beauvais,
991 1144 1017 1183 il
1048 1144 1198 1183 semble
1237 1158 1313 1197 que
1338 1144 1542 1183 Manchon
1587 1144 1630 1183 fit
1663 1154 1954 1184 correctement
1985 1158 2026 1184 sa

378 1218 569 1271 besogne.
595 1219 624 1257 Il
641 1232 680 1257 se
694 1218 860 1271 plaignit
876 1217 944 1255 des
965 1215 1055 1255 faux
1070 1215 1247 1269 greffiers
1263 1217 1449 1269 appostes
1466 1229 1540 1255 aux
1557 1216 1769 1256 audiences
1789 1231 1796 1255 ε
1818 1234 1835 1252 «
1853 1216 2024 1270 Et,fact0

376 1290 549 1344 prandio,
575 1304 657 1329 cum
678 1289 857 1343 legeretur
886 1293 916 1327 et
928 1288 1037 1342 fieret
1060 1287 1205 1326 collatio
1225 1287 1262 1326 in
1287 1287 1483 1341 praesentia
1515 1287 1730 1341 aliquorum
1751 1288 1954 1336 doctorum,
1985 1287 2024 1327 in

375 1362 479 1401 domo
498 1361 648 1415 episcopi
667 1360 905 1408 Belvacensis,
932 1360 973 1399 de
992 1359 1175 1413 scriptura
1199 1358 1287 1398 dicti
1307 1359 1487 1413 loquentis
1498 1359 1603 1413 facta
1625 1359 1667 1398 de
1691 1374 1811 1407 mane,
1837 1360 2026 1399 dicebatur

377 1434 446 1488 ipsi
467 1433 627 1488 loquenti
646 1432 741 1487 quod
758 1439 823 1486 per
836 1431 927 1471 alios
944 1431 1054 1470 aliter
1059 1431 1189 1484 suerat
1212 1430 1405 1484 scriptum,
1426 1430 1627 1470 inducendo
1641 1445 1724 1470 eum
1745 1431 1841 1485 quod
1856 1431 2026 1471 scriberet

378 1506 426 1545 ad
450 1505 596 1544 modum
627 1505 803 1544 aliorum.
840 1503 986 1552 Quibus
1015 1502 1248 1557 respondebat
1269 1501 1417 1556 loquens
1445 1501 1607 1556 fideliter
1634 1502 1825 1558 scripsisse,
1858 1507 1890 1542 et
1928 1503 2026 1558 quod

379 1577 474 1616 nzhil
496 1582 671 1625 mutaret,
682 1581 795 1630 prout
819 1589 879 1614 uec
897 1574 1072 1621 mutavit,
1091 1573 1339 1628 imofideliter
1351 1573 1506 1627 scripsit.
1531 1575 1579 1612 Et
1594 1574 1718 1613 recolit
1737 1574 1833 1628 quod
1848 1573 1886 1613 in
1903 1574 2023 1615 verbis

375 1649 416 1688 de
439 1649 571 1703 quibus
589 1653 666 1688 erat
683 1647 925 1687 controm‘rsia
952 1646 1047 1684 inter
1069 1659 1150 1685 eum
1172 1650 1204 1684 et
1226 1645 1336 1685 dz'ctos
1354 1646 1556 1700 scriptores,
1590 1646 1660 1700 ipse
1684 1645 1832 1700 loquens
1860 1645 2016 1695 faciebat

375 1726 513 1768 notam,
533 1726 578 1767 et,
602 1721 639 1759 in
663 1719 835 1766 crastino,
862 1719 936 1770 ipsa
951 1718 1259 1771 Jolmnna‚super
1274 1716 1396 1756 dubiis
1407 1717 1630 1768 interrogata
1652 1717 1803 1766 iterum,
1820 1717 2016 1771 confirma-
2053 1757 2060 1764 ,

376 1792 434 1832 bat
450 1793 672 1846 scripturam
695 1791 885 1845 loquentis,
909 1794 1019 1843 prout
1047 1789 1166 1828 videri
1186 1788 1317 1842 poterit
1346 1795 1415 1842 per
1439 1788 1689 1842 inspectionem
1716 1795 1917 1843 processus.
1937 1822 1944 1829 .
1964 1822 1971 1829 .
1996 1806 2014 1826 »

376 1881 393 1901 «
419 1866 512 1904 Item
535 1864 590 1903 dit
611 1863 727 1917 qu’en
750 1863 973 1916 escripvant
998 1861 1093 1900 ledit
1117 1874 1274 1914 procez,
1297 1860 1411 1899 icelui
1434 1861 1627 1913 deposant
1651 1860 1710 1900 fut
1731 1875 1797 1914 par
1817 1860 2016 1914 plusieurs

370 1936 446 1976 fois
468 1937 586 1989 argue
617 1935 664 1974 de
690 1935 976 1987 monseigneur
1012 1933 1058 1972 de
1084 1933 1272 1971 sseauvais
1305 1942 1341 1971 et
1366 1932 1515 1971 desditz
1551 1933 1746 1980 maistres,
1775 1932 1951 1986 lesquelz
1984 1933 2017 1972 le

369 2008 577 2047 vouloient
601 2006 854 2046 contraindre
880 2019 899 2044 a
923 2005 1095 2057 escripre
1117 2004 1229 2043 selon
1267 2004 1351 2043 leur
1381 2004 1663 2057 ymaginacion
1686 2013 1723 2042 et
1744 2015 1880 2043 contre
1918 2004 2014 2044 l‘en-

375 2080 605 2118 tendement
630 2078 803 2117 d'icelle.
844 2078 888 2115 Et
910 2086 1031 2130 quant
1056 2075 1120 2128 ily
1142 2076 1249 2114 avoit
1270 2075 1443 2128 quelque
1462 2075 1583 2114 chose
1602 2076 1669 2129 qui
1694 2089 1742 2114 ne
1758 2075 1843 2114 leur
1858 2075 2018 2129 plaisoit

372 2152 500 2204 point,
539 2150 587 2189 ilz
612 2150 870 2189 detendoient
894 2148 941 2187 de
962 2147 1177 2200 l'escripre,
1209 2161 1257 2186 cn
1292 2147 1420 2185 disant
1442 2146 1536 2200 qu’il
1562 2160 1610 2185 ne
1640 2147 1788 2186 servoit
1817 2148 1932 2200 point
1969 2161 2016 2201 an

372 2236 534 2276 procezg
561 2223 657 2261 mais
679 2221 774 2260 ledit
795 2220 988 2273 deposant
1006 2218 1232 2271 n'escripvit
1261 2231 1453 2271 oncques‚
1480 2217 1560 2257 fors
1591 2218 1703 2257 selon
1729 2232 1801 2257 son
1821 2220 2016 2258 entende-

375 2304 533 2333 memet
554 2294 821 2333 conscience»
836 2290 1155 2344 (Depositionde
1175 2290 1223 2329 G.
1239 2290 1474 2342 Manchon).
1498 2289 1813 2339 L'huissierJean
1828 2291 2014 2338 Massieu,
2033 2294 2035 2296 ’

375 2367 441 2419 qui
473 2376 539 2404 cut
554 2365 621 2404 des
646 2364 784 2417 &gards
809 2364 1084 2416 pourJeanne‚
1113 2361 1146 2400 le
1165 2361 1362 2400 declarem
1390 2374 1396 2398 :
1427 2377 1444 2396 «
1468 2363 1517 2400 Et
1548 2360 1669 2400 recolit
1688 2361 1783 2415 quod
1810 2362 1882 2416 ipse
1898 2363 2017 2400 Man-

373 2437 461 2475 chon
487 2451 556 2475 non
577 2435 751 2476 scribebat
774 2435 821 2473 acl
845 2433 992 2473 libitum
1023 2432 1254 2487 aliquorum,
1278 2432 1350 2470 [mo
1382 2439 1447 2486 pro
1470 2432 1622 2471 veritate
1641 2432 1817 2471 scribebat
1826 2446 1839 2479 ‚·
1870 2438 1901 2472 et
1942 2432 2018 2472 ali-

372 2507 518 2561 quando
530 2506 688 2560 faciebat
707 2506 801 2560 quod
819 2506 895 2559 ipsa
908 2504 1080 2554 Johanna
1101 2509 1209 2557 super
1225 2502 1446 2556 difficultate
1459 2502 1699 2552 recolebatur,
1719 2508 1750 2541 et
1772 2503 2020 2556 reperiebatur

367 2579 462 2632 quod
494 2578 680 2618 Manchon.
718 2577 802 2616 bene
825 2575 1049 2629 intelligebat
1079 2580 1108 2613 et
1132 2574 1307 2613 scribebat
1326 2584 1351 2612 ¹.
1380 2575 1512 2612 »Mais
1545 2584 1702 2613 surtout
1723 2575 1948 2614 entendons
1980 2577 2017 2614 le

421 2805 449 2829 1.
480 2794 626 2827 Suivant
645 2792 675 2826 la
687 2792 885 2838 deposition
906 2791 948 2824 de
969 2790 1056 2835 Jean
1074 2789 1122 2824 Le
1141 2788 1261 2831 F'evre,
1284 2788 1398 2822 tandis
1415 2800 1482 2834 que
1495 2787 1630 2833 Jeanne
1651 2789 1732 2822 etait
1752 2789 1935 2824 examinee
1958 2801 2019 2823 sur

368 2867 421 2890 ses
443 2853 656 2900 apparitions
677 2861 710 2886 et
731 2850 841 2897 qu‘on
863 2850 911 2884 lui
934 2849 1082 2884 donn-ait
1109 2848 1239 2882 lecture
1262 2848 1305 2882 de
1333 2859 1386 2882 ses
1413 2849 1594 2893 reponscs,
1623 2847 1645 2881 il
1675 2847 1723 2882 lui
1749 2847 1785 2882 fit
1816 2859 2019 2895 remarquer

367 2913 509 2960 qu’elles
531 2912 667 2946 avaient
688 2912 741 2945 ete
763 2910 833 2944 mal
848 2909 1062 2950 transcrites‚
1083 2918 1150 2953 que
1169 2906 1337 2941 l'accusee
1356 2906 1483 2941 n'avait
1500 2918 1558 2952 pas
1577 2907 1735 2952 repondu
1753 2907 1849 2942 ainsi.
1872 2908 1912 2941 Et
1931 2907 1953 2942 il
1967 2908 2017 2942 dit

368 2975 387 3007 ἐι
403 2973 536 3018 Jeanne
557 2970 637 3005 d⁷en
655 2970 738 3004 faire
755 2970 786 3003 la
804 2979 999 3014 remarque.
1018 2967 1066 3001 La
1090 2966 1226 3000 Pucelle
1245 2966 1419 3000 demanda
1438 2965 1528 3000 alors
1537 2977 1579 3000 au
1598 2966 1732 3001 notaire
1751 2967 1794 3000 de
1811 2966 1859 3000 lui
1878 2967 2017 3001 donner

368 3043 438 3066 une
463 3030 613 3065 seconde
639 3029 781 3068 lecture,
805 3040 851 3062 vu
872 3027 999 3074 qu'elle
1017 3026 1106 3060 avait
1127 3026 1177 3060 dit
1210 3024 1241 3059 le
1262 3025 1433 3059 contraire
1454 3034 1486 3059 et
1506 3036 1573 3071 que
1601 3037 1636 3059 sa
1663 3026 1907 3072 transcription
1933 3026 2016 3060 e'tait

369 3090 559 3124 mauvaise.
575 3089 623 3123 La
643 3089 792 3134 reponse
809 3088 852 3121 de
867 3087 1000 3132 Jeanne
1015 3085 1066 3120 fut
1085 3085 1239 3131 corrigee
1255 3096 1262 3118 :
1282 3097 1299 3115 «
1312 3084 1448 3118 Ettunc
1462 3085 1619 3124 magister
1634 3084 2009 3120 GuillelmusManchon

369 3149 471 3184 eidem
487 3148 646 3193 Johannae
660 3147 746 3181 dixit
763 3146 847 3192 quod
867 3146 904 3179 de
920 3149 1032 3179 caetero
1051 3143 1241 3178 attenderet.
1264 3157 1281 3174 »
