2099 3356
379 175 536 219 PROCI'ES
584 191 639 219 DE
681 191 1033 220 CONDAMNA’rtoN
1070 191 1126 220 DE
1158 191 1325 232 JEANNE
1359 176 1484 220 D'ARC
1671 177 1748 233 381

106 290 317 331 sententia
339 287 421 332 lata
449 304 521 348 per
548 306 641 343 nos,
666 290 826 347 judices
853 289 1091 348 praedictos,
1127 291 1215 348 ipsa
1241 290 1440 350 Johanna
1468 289 1750 348 relinquenda

105 383 167 414 est
194 372 368 428 justitiae
391 372 587 425 seculari,
619 373 810 431 rogando
838 390 933 417 eam
961 386 1008 417 ut
1031 389 1129 417 cum
1157 389 1204 417 ea
1232 374 1365 417 velint
1395 374 1498 417 mite
1525 389 1660 431 agere.

170 455 447 499 Reverendus
476 457 517 499 in
548 456 724 500 Christo
752 469 884 515 pater,
909 456 1115 501 dominus
1147 456 1357 514 AEgidius‚
1387 455 1513 501 abbas
1541 468 1755 501 monaste-

108 538 158 580 rii
186 538 597 583 Sauene-Trinitatis
624 540 983 598 Fiscanipnensis,
1013 556 1136 584 sacrae
1163 540 1392 598 theologiae
1412 539 1578 593 doctor,
1600 539 1757 584 delibe-

113 623 220 666 ravit
239 622 354 681 quod
388 622 497 667 dicta
515 624 714 679 Jolianna
738 624 893 682 relapsa
921 637 999 668 est.
1026 624 1195 668 Tamen
1219 623 1383 667 bonum
1407 637 1467 667 est
1489 623 1606 682 quod
1634 624 1758 668 sche-

116 705 215 750 dula
242 716 250 732 ¹
274 723 410 765 nuper
431 707 535 750 lecta
558 707 720 765 legatur
744 710 900 751 iterum
929 723 1073 752 coram
1095 709 1183 766 ipsa
1205 707 1347 751 et·sibi
1377 721 1631 766 exponatur,
1662 722 1758 766 pro-

117 790 322 847 ponendo
367 791 404 834 ei
446 790 627 835 verbum
667 792 764 834 Dei.
806 792 869 844 Et,
902 791 966 835 his
998 793 1189 849 peractis,
1233 807 1311 835 nos
1347 790 1508 848 judices
1552 791 1760 835 habemus

115 871 324 917 declarare
369 890 463 917 eam
503 874 743 917 haereticam
792 887 832 918 et
870 875 1002 932 ipsam
1052 875 1293 933 relinquere
1336 876 1509 931 justitiae
1553 874 1757 927 saeculari,
1796 920 1802 928 ,

71 962 76 963 ’
116 955 310 1015 rogando
331 973 425 1001 eam
453 970 501 1000 ut
521 973 621 1000 cum
644 957 794 1000 eadem
822 957 1020 1012 Johanria
1041 960 1145 1002 mite
1172 971 1312 1016 agant.

175 1041 379 1098 Magister
410 1040 630 1096 Johannes
657 1042 848 1094 Pinchon,
883 1041 1124 1085 licentiatus
1150 1043 1191 1084 in
1228 1044 1317 1099 jure
1357 1043 1583 1093 canonico,
1625 1041 1761 1085 archi-

113 1123 320 1168 diaconus
343 1125 511 1181 Josiacig
541 1126 775 1168 canonicus
805 1124 1079 1169 ecclesiarum
1100 1126 1345 1169 parisiensis
1366 1139 1406 1169 et
1436 1126 1761 1183 Rothomagen-

115 1209 186 1260 sis,
210 1207 460 1251 deliberavit
483 1207 601 1266 quod
629 1208 740 1251 dicta
761 1208 917 1252 mulier
952 1208 1108 1266 relapsa
1132 1221 1222 1262 est3
1255 1222 1313 1263 et,
1344 1207 1394 1252 de
1421 1208 1552 1252 modo
1584 1209 1762 1253 ulterius

118 1290 397 1349 procedendi,
426 1307 468 1335 se
497 1290 623 1334 refert
647 1290 697 1335 ad
723 1291 926 1335 dominos
952 1292 1193 1349 theologos.

181 1375 383 1432 Magister
413 1374 674 1419 Guillelmus
707 1373 866 1428 Erardi‚
896 1391 1023 1418 sacrae
1053 1375 1284 1434 theologiae
1320 1376 1487 1430 doctor,
1525 1378 1692 1420 sacrista
1722 1390 1764 1419 et

120 1460 352 1502 canonicus
379 1458 651 1502 ecclesiarum
673 1459 958 1516 Lingonensis
979 1472 1021 1502 et
1042 1459 1355 1513 Laudunensis‚
1379 1458 1625 1503 deliberavit
1646 1458 1763 1518 quod

123 1542 233 1586 dicta
265 1543 422 1587 mulier
458 1542 618 1600 relapsa
658 1555 749 1596 est;
792 1555 850 1595 et,
878 1559 927 1586 ex
955 1559 1043 1601 quo
1083 1556 1145 1586 est
1182 1543 1356 1601 relapsa,
1397 1543 1677 1602 relinquenda
1705 1556 1765 1587 est

123 1628 295 1683 justitiae
319 1626 522 1670 saeculari.
559 1627 624 1670 De
661 1625 847 1679 residuo,
886 1626 987 1670 dicit
1021 1639 1151 1684 prout
1184 1626 1390 1671 dominus
1424 1628 1765 1685 Fiscampnensis

122 1710 378 1754 antedictus.

182 1795 385 1852 Magister
425 1794 639 1838 Robertus
683 1794 851 1838 Gilebert
875 1802 905 1846 2,
947 1810 1070 1837 sacrae
1109 1794 1341 1852 theologiae
1375 1793 1539 1848 doctor,
1579 1795 1765 1840 decanus

119 1877 319 1936 cappellae
338 1877 507 1922 domini
524 1879 658 1922 nostri
680 1879 802 1935 regis,
830 1876 1078 1922 deliberavit
1099 1877 1396 1932 conformiter,
1422 1892 1549 1936 prout
1569 1881 1768 1937 magister

126 1962 390 2006 Guillelmus
418 1961 578 2005 Erardi.

125 2118 279 2157 heretica
302 2123 349 2164 et,
380 2116 557 2156 sententia
582 2116 672 2163 luta,
703 2116 941 2169 relinquenda
962 2116 1116 2168 justitiae
1137 2116 1320 2162 meulari,
1346 2117 1581 2170 supplicando
1612 2123 1651 2156 ut
1682 2119 1767 2158 mite

126 2189 215 2228 velit
234 2203 317 2228 cum
341 2202 381 2227 ea
394 2187 599 2243 procedere.

182 2261 366 2300 Dominus
391 2259 682 2313 Fiscmupueusis
702 2273 712 2298 .·
738 2259 885 2298 videtur
904 2258 973 2297 stlat·
988 2259 1083 2312 quod
1103 2259 1179 2313 ipsa
1201 2259 1340 2313 relapsa
1363 2266 1411 2298 ert
1441 2266 1472 2299 et
1505 2261 1601 2300 dehet
1617 2263 1772 2316 proponi

129 2333 282 2372 verbnm
314 2332 383 2371 Dei
395 2346 408 2379 ,·
436 2332 592 2385 itemque
616 2330 785 2370 schedula
810 2339 819 2363 3
847 2337 962 2383 nuper
984 2330 1070 2369 lecta
1103 2330 1248 2383 legatur
1280 2345 1339 2370 seu
1370 2332 1588 2371 declaretur.
1617 2335 1682 2382 Et,
1718 2335 1772 2373 his

123 2405 292 2458 peractis,
315 2403 456 2443 domini
468 2403 607 2456 judiees
631 2402 761 2441 hahent
787 2401 973 2441 declarare
1003 2415 1081 2440 eam
1108 2402 1299 2441 hereticam
1323 2408 1354 2441 et
1385 2403 1590 2457 relinquere
1618 2405 1771 2456 jnstitiae

124 2476 295 2515 saeculari
310 2489 394 2514 cum
416 2474 677 2528 supplicatione
702 2473 901 2512 (tritedirtu.

181 2548 360 2601 Magister
375 2547 560 2595 Iohannes
578 2547 759 2585 Pinclion
789 2560 795 2583 τ
823 2545 970 2583 videtur
989 2545 1102 2584 eidem
1126 2546 1222 2599 quod
1238 2546 1282 2584 sit
1305 2546 1443 2600 relapsu
1462 2552 1494 2586 et
1517 2548 1557 2586 de
1583 2549 1722 2588 residuo
1738 2563 1772 2589 se

128 2620 235 2673 refert
253 2619 302 2658 ad
321 2618 485 2658 tlonziuos
505 2618 661 2657 doctores
683 2617 879 2670 theologiae.

182 2691 364 2744 Magister
378 2689 607 2730 Guillelmus
628 2697 643 2721 4
668 2688 813 2727 Erat-di
834 2688 919 2726 dicit
939 2687 1035 2741 quod
1059 2688 1198 2742 relapsa
1219 2694 1267 2728 est
1281 2703 1295 2735 ,·
1319 2694 1365 2737 et,
1389 2704 1431 2728 ex
1453 2705 1524 2744 quo
1549 2691 1702 2745 relapsu,
1725 2698 1773 2732 est

125 2763 282 2816 justitiae
303 2762 473 2802 saeculari
490 2760 744 2815 relinquenda.
768 2761 824 2798 De
845 2759 1001 2807 residuo,
1024 2764 1063 2797 ut
1083 2759 1254 2799 domiuus
1272 2761 1574 2815 Fiseampueusis.

182 2834 365 2887 AIagister
386 2833 559 2873 Robertus
585 2832 753 2877 Gilbert,
783 2831 938 2870 decanus
960 2831 1130 2884 cappellze
1155 2831 1297 2870 domini
1326 2834 1439 2872 nostri
1463 2835 1568 2887 regis,
1595 2835 1716 2874 doctor
1736 2837 1773 2875 iu

132 2919 236 2946 sacra
248 2906 405 2960 pagiua,
429 2910 469 2944 ut
482 2904 701 2959 praecedeus.

189 3096 216 3119 1.
241 3084 307 3119 AC
329 3097 338 3118 .·
366 3084 475 3118 sedula
491 3098 499 3121 ,·
518 3083 546 3117 B
576 3096 584 3116 :
607 3082 730 3116 sedula.
760 3103 804 3106 —
833 3091 864 3114 2.
886 3081 915 3114 C
937 3093 946 3114 .·
970 3081 1112 3115 Gilbert.
1135 3102 1181 3106 ——
1206 3092 1234 3126 3.
1255 3083 1323 3118 Ms.
1351 3096 1361 3117 .·
1381 3085 1507 3123 cedula,
1528 3108 1570 3110 -e
1591 3096 1625 3129 4.
1651 3087 1737 3121 lb'id.
1765 3101 1774 3121 .·

139 3144 359 3178 Guillermus.
