2099 3356
346 197 430 241 244
623 181 782 225 PRocsss
814 195 871 223 DE
903 193 1253 223 CONDAMNATION
1289 193 1345 222 DE
1376 193 1541 234 JEANNE
1573 177 1700 221 D'ARC

345 309 573 356 postquam
593 307 712 352 capta
732 306 807 344 est,
837 305 966 351 prout
980 305 1196 351 repertum
1222 304 1283 335 est
1305 307 1378 349 per
1391 290 1709 335 confessionem
1735 288 1982 332 Katharinae

345 380 397 424 de
424 378 650 437 Ruppella,
690 376 844 421 factam
889 392 1034 420 coram
1077 374 1270 420 Officiali
1309 374 1566 428 Parisiensi;
1614 388 1711 432 quae
1751 371 1987 415 Katharina

345 462 451 507 dixit
477 461 594 520 quod
622 462 710 519 ipsa
735 459 935 516 Johanna
962 460 1093 503 exiret
1120 457 1171 502 de
1198 456 1435 501 carceribus
1462 473 1534 515 per
1559 455 1771 500 auxilium
1797 454 1986 508 Diaboli,

347 548 426 590 nisi
456 545 563 589 bene
587 543 891 588 custodiretur.
931 560 951 582 »

403 628 491 672 *Ad
521 628 638 671 hunc
662 636 671 653 ¹
701 627 950 680 articulum,
979 625 1090 669 dicta
1109 625 1308 681 Johanna
1335 623 1558 682 respondit
1579 633 1593 650 ²
1622 623 1740 682 quod
1768 638 1811 667 se
1837 629 1987 666 tenet3

344 712 394 756 ad
421 711 527 756 illud
548 710 666 770 quod
694 710 793 754 alias
806 709 857 754 de
881 710 961 753 hoc
983 709 1103 753 dixit.
1128 709 1178 752 Et
1205 721 1419 767 quantum
1444 707 1496 751 ad
1518 707 1801 751 Consiliarios
1821 706 1987 759 Fontis,

346 797 482 840 nescit
522 795 627 853 quid
655 808 737 848 est,
768 793 841 838 sed
887 793 994 836 bene
1027 791 1159 837 credit
1190 791 1310 850 quod
1352 791 1411 835 ibi
1444 790 1576 835 semel
1620 790 1786 834 audivit
1822 801 1987 834 sanctas

346 879 626 923 Katharinam
654 890 696 921 et
723 878 1035 935 Margaretam3
1064 890 1104 920 et
1131 889 1344 935 quantum
1373 875 1422 919 ad
1448 875 1774 919 conclusionem
1803 872 1986 925 articuli,

347 975 471 1021 negat
498 978 606 1006 eam.
635 962 685 1005 Et
705 977 779 1020 per
800 977 930 1005 suum
953 963 1250 1018 juramentum
1271 958 1453 1003 affirmat
1470 957 1587 1017 quod
1609 974 1697 1002 non
1720 957 1847 1001 vellet
1870 955 1988 1015 quod

348 1045 556 1090 Diabolus
582 1047 774 1089 traxisset
800 1061 895 1088 eam
917 1057 1031 1088 extra
1053 1059 1251 1087 carceres.

405 1128 609 1189 [Sabbati,
650 1144 711 1172 111.
757 1127 934 1187 1nartii],
974 1129 1227 1185 interrogata
1258 1128 1291 1170 si
1322 1127 1582 1184 cognovitne
1618 1125 1900 1169 Katharinam
1940 1123 1991 1167 de

349 1212 572 1271 Ruppella,
602 1228 676 1256 seu
704 1213 738 1254 si
763 1210 916 1254 viderit
943 1226 1066 1254 eam:
1090 1209 1311 1269 respondit
1341 1208 1459 1268 quod
1484 1210 1559 1263 sic,
1584 1207 1695 1268 apud
1712 1209 1892 1265 Gergeau
1912 1216 1926 1239 ⁴
1951 1219 1992 1250 et

348 1296 459 1355 apud
487 1296 749 1352 Montsaucon
777 1312 821 1338 en
843 1297 980 1353 Berry.
1013 1321 1070 1325 —
1100 1295 1362 1350 Interrogata
1395 1294 1428 1337 si
1464 1294 1552 1351 ipsa
1578 1292 1812 1336 Katharina
1840 1307 1992 1335 mons-

350 1382 474 1424 travit
509 1379 648 1423 eidem
672 1379 882 1435 Johannae
909 1394 1042 1422 unam
1071 1377 1313 1430 dominam,
1345 1376 1442 1421 albo
1476 1377 1690 1430 vestitam,
1720 1391 1834 1434 quae,
1865 1387 1991 1432 prout

349 1463 528 1514 dicebat,
565 1463 824 1521 aliquotiens
860 1461 1000 1505 eidem
1040 1462 1284 1505 Katharinae
1328 1460 1582 1519 apparebat:
1614 1457 1834 1517 respondit
1872 1458 1991 1516 quod

350 1564 454 1591 non.
480 1573 537 1577 —
561 1548 837 1603 Interrogata,
867 1544 1014 1589 eadem
1044 1544 1220 1597 sabbati,
1243 1545 1366 1588 tertia
1395 1545 1549 1597 martii,
1568 1542 1671 1601 quid
1699 1542 1811 1586 dicta
1835 1541 1992 1585 Katha-

351 1631 440 1674 rina
463 1630 602 1673 eidem
643 1629 855 1685 Johannae
879 1628 1020 1672 dixit:
1059 1627 1281 1686 respondit
1316 1626 1435 1686 quod
1472 1625 1581 1670 dicta
1618 1625 1849 1670 Katharina
1885 1623 1992 1668 dixit

350 1713 491 1758 eidem
516 1713 726 1770 Johannae
747 1712 864 1771 quod
893 1711 1089 1756 veniebat
1109 1711 1159 1755 ad
1179 1711 1375 1755 eamdem
1401 1710 1682 1754 Katharinam
1705 1725 1791 1754 una
1814 1707 1994 1752 domina

350 1797 458 1851 alba,
485 1799 635 1841 vestita
665 1813 809 1855 panno
836 1812 982 1850 aureo,
1012 1812 1108 1854 quae
1131 1795 1295 1839 dicebat
1328 1794 1468 1838 eidem
1501 1793 1747 1838 Katharinae
1774 1792 1891 1851 quod
1917 1793 1995 1835 iret

352 1897 424 1939 per
449 1880 582 1925 bonas
610 1881 730 1924 villas
775 1893 816 1923 ct
843 1879 961 1938 quod
1004 1896 1074 1923 rex
1110 1896 1213 1923 suus
1250 1878 1431 1923 traderet
1488 1878 1626 1922 eidem
1660 1876 1906 1920 Katharinae
1943 1874 1994 1919 de

353 1963 536 2008 heraldis
571 1977 611 2008 et
637 1965 879 2021 trompetis,
912 1979 987 2020 pro
1017 1963 1241 2006 exclamari
1280 1961 1490 2013 faciendo,
1522 1962 1789 2019 quicumque
1823 1959 1996 2003 haberet

351 2064 521 2101 aurum,
544 2061 769 2105 argentum
797 2060 871 2091 aut
898 2046 1148 2090 thesaurum
1174 2044 1494 2092 absconditum,
1523 2043 1641 2103 quod
1684 2045 1769 2087 cito
1796 2043 1992 2097 afferret3

352 2144 392 2174 et
416 2130 533 2190 quod
567 2131 627 2174 illi
663 2132 737 2189 qui
767 2130 846 2174 hoc
888 2145 975 2173 non
1004 2129 1189 2173 facerent
1229 2142 1270 2172 et
1306 2130 1379 2187 qui
1421 2127 1473 2172 de
1512 2127 1727 2172 absconsis
1768 2126 1991 2180 haberent,

352 2214 469 2272 quod
492 2213 639 2258 eadem
665 2221 674 2245 5
706 2214 942 2257 Katharina
965 2212 1071 2256 bene
1098 2225 1373 2269 cognosceret
1400 2228 1488 2261 eos,
1518 2224 1560 2255 et
1593 2212 1717 2255 sciret
1745 2210 1851 2254 bene
1877 2211 1994 2253 inve-

354 2299 444 2342 nire
465 2297 600 2341 dictos
630 2298 880 2351 thesauros;
906 2310 947 2340 et
971 2295 1088 2355 quod
1115 2296 1197 2340 hoc
1217 2310 1325 2339 esset
1346 2311 1423 2353 pro
1444 2294 1656 2339 solvendo
1678 2307 1827 2352 gentes
1853 2309 1993 2337 armo-

406 2483 625 2534 *Rcspond
651 2496 657 2519 :
691 2498 710 2518 ‹<
732 2483 776 2531 Je
810 2481 913 2520 m'en
947 2482 1057 2533 tieng
1080 2481 1125 2519 ad
1164 2493 1207 2519 ce
1241 2494 1316 2533 que
1348 2479 1424 2531 j’en
1449 2492 1498 2532 ay
1537 2479 1608 2518 dit.
1641 2495 1660 2515 »
1686 2479 1732 2517 Et
1768 2487 1890 2531 quant
1919 2491 1993 2517 aux

354 2554 595 2592 Conseillers
624 2554 671 2592 de
697 2553 731 2592 la
758 2554 963 2601 Fontaine,
992 2566 1039 2591 ne
1062 2553 1157 2601 scait
1181 2565 1258 2604 que
1283 2551 1398 2600 c'est;
1426 2551 1524 2590 mais
1550 2550 1641 2589 bien
1672 2550 1792 2589 croist
1816 2563 1892 2603 que
1917 2563 1995 2588 une

354 2624 445 2671 fois,
470 2639 494 2677 y
515 2634 556 2663 ot
580 2626 748 2664 sainctes
786 2625 1000 2662 Katherine
1017 2633 1054 2662 et
1075 2624 1333 2676 Marguerite.

409 2697 455 2734 Et
480 2705 602 2749 quant
633 2697 653 2734 a
685 2696 720 2734 la
745 2695 981 2734 conclusion
1007 2695 1054 2734 de
1078 2694 1254 2742 l’articlc,
1279 2694 1313 2732 la
1341 2707 1432 2747 nye,
1459 2703 1497 2732 et
1526 2692 1703 2740 afferme,
1727 2706 1796 2744 par
1816 2705 1889 2731 son
1915 2705 1998 2730 ser—

352 2776 475 2812 ment,
501 2766 644 2820 qu’elle
670 2780 717 2804 ne
745 2765 948 2805 vouldroit
973 2766 1087 2819 point
1111 2778 1187 2818 que
1213 2765 1247 2803 le
1272 2764 1410 2803 deable
1435 2763 1551 2802 l’eust
1572 2764 1667 2802 tire‘e
1701 2763 1847 2802 dehors
1878 2763 1926 2802 de
1958 2762 1994 2802 la

354 2838 492 2890 prison
516 2839 545 2875 6.

406 3032 431 3055 1.
458 3023 489 3056 A
512 3035 521 3056 .·
543 3023 855 3068 quinquagesimum
874 3026 1015 3056 sextum.
1038 3042 1084 3046 -—
1105 3031 1138 3056 2.
1162 3025 1192 3054 A
1219 3033 1229 3055 .·
1251 3020 1416 3067 respondit
1436 3020 1522 3055 dicta
1537 3020 1691 3064 Johanna
1707 3032 1719 3060 ;
1747 3018 1776 3053 C
1792 3027 1890 3054 omet
1907 3018 1997 3053 dicta

350 3080 567 3123 Johe7rzna.—
586 3091 615 3121 ς.
633 3081 663 3113 Α
677 3093 686 3113 .’
709 3086 792 3114 tenet
810 3093 908 3114 se.-—
927 3091 959 3123 4.
979 3080 1008 3114 C
1029 3093 1038 3113 :
1060 3080 1248 3125 Gergneazc.
1270 3101 1316 3104 —
1341 3090 1369 3122 5.
1393 3081 1424 3113 A
1447 3092 1455 3112 :
1475 3079 1574 3114 dicta.
1598 3079 1690 3113 ——6.
1719 3079 1758 3121 U,
1783 3078 1842 3112 fol.
1862 3088 1921 3124 29,
1943 3087 1993 3111 νο.
