2099 3356
384 215 453 244 12-
659 203 816 245 PRoci'zs
850 218 906 246 DE
937 217 1290 248 CONDAMNATION
1325 219 1381 248 DE
1412 220 1581 261 JEANNE
1615 207 1739 250 D’ARc

374 323 418 353 ut
438 314 621 353 scandala
652 315 691 353 in
734 315 971 368 religionem
1004 317 1259 356 christianam
1284 327 1504 371 perpetrata
1524 332 1544 357 e
1584 319 1718 358 medio
1759 319 2015 370 auferantur3

375 386 594 439 praesertim
638 386 706 425 ubi
744 400 885 426 eorum
921 387 1250 440 dijudicationem
1287 389 1328 427 in
1372 399 1520 429 sortem
1561 399 1702 429 vestrae
1733 391 2018 444 jurisdictionis

325 499 332 503 „
375 458 561 497 devenire
592 458 805 511 contingit.
832 459 892 497 Ne
912 453 1109 512 igitu1·,‘in
1138 473 1177 498 re
1205 461 1422 513 praemissa,
1453 460 1629 514 longiori
1672 463 1895 515 patratione
1921 476 2014 502 auc-

371 530 507 568 toritas
532 528 719 568 Ecclesiae
739 530 962 582 graviorem
981 531 1172 570 sustineat
1198 531 1424 580 laesionem,
1456 532 1564 572 zelus
1590 542 1728 572 vestrae
1767 534 2016 586 paternitatis

373 614 529 640 summa
561 600 768 653 diligentia
806 601 1006 641 elaborare
1051 602 1250 656 dignetur,
1298 613 1491 657 quatenus
1530 605 1744 658 saepedicta
1793 605 1937 644 mulier
1977 606 2044 644 in‘

372 672 569 711 ditionem
598 682 769 711 vestram
797 687 840 712 ac
873 672 1029 712 domini
1069 675 1323 728 Inquisitoris
1356 676 1552 715 haereticae
1595 677 1796 729 pravitatis
1833 676 2018 716 celeriter

373 742 607 796 praebeatur.
636 744 759 789 Quod
781 745 812 783 si
839 744 982 784 factum
1011 745 1141 794 fuerit,
1169 760 1331 799 operam
1352 747 1443 786 dare
1468 747 1597 786 velitis
1615 757 1657 786 ut
1680 749 1719 786 in
1742 748 1844 787 hanc
1877 748 2015 788 urbem

376 815 638 854 parisiensem
660 816 725 854 ubi
748 817 972 869 sapientum
999 827 1036 856 et
1060 817 1307 857 eruditorum
1330 819 1518 872 copiosus
1536 829 1594 858 est
1627 833 1831 868 numerus,
1859 829 2010 859 mature

371 887 551 935 ducatur,
577 896 771 940 quatenus
796 901 911 926 causa
932 890 1016 940 ejus
1034 899 1071 927 et
1085 889 1318 942 diligentius
1335 891 1551 929 examinari
1574 904 1618 930 ac
1639 893 1784 930 certius
1804 891 2015 943 dijudicari

371 959 512 1011 possit,
535 958 582 997 ad
618 971 752 998 sanam
772 959 1082 1000 aedificationem
1106 961 1330 1001 christianae
1363 961 1488 1015 plebis
1516 972 1554 1001 et
1591 963 1663 1001 Dei
1695 963 1909 1010 honorem,
1948 963 2017 1016 qui

373 1040 560 1080 vestram,
602 1031 815 1070 reverende
858 1042 980 1085 pater,
1023 1033 1060 1071 in
1099 1034 1252 1072 cunctis
1297 1035 1413 1072 rebus
1455 1033 1614 1087 speciali
1661 1034 1810 1074 auxilio
1846 1035 2015 1088 dirigere

376 1102 575 1154 dignetur.
609 1102 808 1155 Scriptum
849 1104 1033 1149 Parisius,
1078 1104 1117 1142 in
1149 1114 1282 1144 nostra
1320 1106 1632 1159 congregatione
1678 1105 1868 1159 generali,
1907 1106 2013 1160 apud

378 1183 557 1212 sanctum
579 1175 824 1214 Maturinum
851 1185 859 1201 ¹
894 1174 1127 1215 solemniter
1147 1175 1356 1224 celebrata,
1383 1176 1445 1216 die
1477 1190 1560 1216 xxl.
1597 1178 1745 1216 mensis
1773 1177 2019 1226 novembris,

378 1259 483 1284 anno
522 1246 686 1284 Domini
721 1245 937 1286 millesimo
972 1248 1109 1287 CCCC
1145 1249 1293 1286 XXXO.
1331 1250 1476 1296 Vestri,
1518 1250 1660 1289 Rector
1685 1258 1723 1288 et
1771 1250 2021 1289 Universitas

379 1317 496 1356 studii
527 1318 771 1357 Parisiensis.
799 1335 817 1354 »
846 1319 910 1358 Sic
933 1319 1108 1371 signata:
1139 1335 1157 1355 «
1185 1321 1347 1359 HEBx-:RT
1373 1336 1412 1359 ».

380 1529 475 1556 ITEM
502 1526 514 1542 ²
554 1529 753 1560 SEQUITUR
790 1530 921 1556 TENOR
948 1530 1198 1557 LITTERARUM
1232 1531 1357 1557 DICTAE
1391 1531 1503 1557 Amr-1³,
1540 1531 1845 1558 UNIVERSITATIS
1883 1531 2017 1558 STUDII

438 1599 688 1632 PARISIENS1S,
710 1600 1036 1628 TRANSMISSARUM
1055 1602 1212 1629 DOMle
1226 1601 1380 1629 NOSTRO
1400 1602 1489 1629 REGI
1517 1602 1759 1629 FRANCORUM
1791 1603 1838 1628 ET
1852 1602 2017 1629 ANGLIAE.

437 1760 454 1777 «
482 1743 515 1781 A
546 1745 647 1782 tres3
671 1744 863 1782 excellent
877 1745 1010 1797 prince
1036 1744 1070 1783 le
1096 1758 1167 1797 roy
1186 1745 1232 1783 de
1253 1745 1397 1783 France
1423 1753 1460 1783 et
1480 1744 1766 1796 d’Angleterre‚
1793 1754 1925 1783 nostre
1946 1745 2023 1783 tres

382 1814 573 1853 redoubte
599 1824 635 1853 et
657 1816 866 1854 souverain
899 1816 1083 1868 seigneur
1125 1826 1161 1854 et
1199 1821 1308 1868 pere.
1345 1816 1443 1854 Tre-s
1473 1815 1667 1854 excellent
1701 1816 1851 1869 prince,
1888 1826 2021 1856 nostre

379 1887 456 1924 tres
480 1886 670 1925 redoubte
685 1896 721 1925 et
743 1888 951 1926 souverain
970 1889 1154 1940 seigneur
1165 1897 1203 1926 et
1219 1892 1326 1940 pere,
1343 1901 1443 1926 nous
1456 1901 1579 1926 avons
1604 1887 1651 1926 de
1677 1887 1823 1926 nouvel
1845 1889 2020 1927 entendu

381 1972 456 2011 que
482 1973 529 1997 en
552 1967 682 1997 vostre
708 1960 915 2011 puissance
937 1968 994 1998 est
1016 1960 1164 1998 rendue
1183 1961 1201 1998 a
1220 1960 1378 2012 present
1390 1968 1493 1998 ceste
1513 1959 1658 1998 femme
1680 1959 1782 1998 dicte
1805 1958 1842 1998 la
1863 1960 2019 2005 Pucelle,

382 2030 479 2069 dont
502 2044 602 2069 nous
628 2044 804 2069 somnies
829 2031 957 2069 moult
982 2030 1157 2083 joyeulx,
1185 2030 1362 2070 conflans
1387 2044 1478 2084 que,
1503 2044 1570 2083 par
1603 2039 1734 2069 vostre
1753 2030 1886 2070 bonne
1908 2032 2020 2070 orde-

383 2115 522 2149 nance,
551 2115 633 2140 sera
654 2101 779 2155 ycelle
799 2101 944 2141 femme
970 2103 1067 2141 mise
1086 2117 1133 2140 en
1159 2103 1297 2154 justice
1323 2115 1424 2154 pour
1449 2103 1604 2154 reparer
1621 2101 1675 2140 les
1694 2116 1809 2155 grans
1825 2102 2021 2141 malefiees

382 2183 419 2212 et
439 2174 626 2212 escandes
651 2174 827 2212 advenus
847 2175 1115 2213 notoirement
1136 2188 1183 2212 en
1204 2187 1247 2212 ce
1270 2187 1459 2226 royaume
1477 2174 1496 2212 a
1516 2173 1729 2212 l’occasion
1748 2173 1916 2222 d'icelle,
1942 2185 2021 2213 ou⁴
2078 2190 2086 2193 ”

384 2255 495 2297 grant
526 2245 726 2298 prejudice
754 2245 801 2284 de
832 2245 1015 2284 l'onneur
1035 2245 1160 2292 divin,
1195 2244 1242 2284 de
1268 2255 1400 2283 nostre
1426 2245 1550 2283 sainte
1574 2245 1643 2297 loy
1664 2254 1701 2283 et
1719 2245 1766 2283 de
1785 2254 1872 2284 tout
1890 2255 2020 2284 vostre

385 2316 465 2355 bon
497 2317 660 2370 peuple.
691 2318 738 2355 Et
758 2330 906 2369 pource
931 2316 1025 2370 qu’il
1048 2330 1149 2355 nous
1162 2317 1383 2369 appartient
1395 2316 1736 2369 singulierement‚
1762 2316 1871 2355 selon
1889 2327 2043 2356 nostre*

386 2387 626 2441 profession,
646 2389 816 2441 extirper
839 2388 951 2427 telles
971 2389 1160 2441 iniquitez
1192 2387 1435 2435 manifestes,
1463 2397 1726 2427 mesmement
1747 2398 1869 2441 quant
1890 2398 2022 2427 nostre

386 2459 453 2512 foy
477 2459 702 2512 catholique
723 2470 780 2498 est
800 2474 848 2498 en
875 2474 917 2498 ce
942 2460 1127 2506 touchee‚
1154 2473 1254 2498 nous
1274 2473 1322 2498 ne
1354 2473 1509 2512 povons
1540 2473 1590 2497 ou
1611 2459 1677 2498 sait
1699 2459 1851 2498 d'icelle
1876 2459 2022 2499 semme

387 2531 612 2570 dissimulet
631 2531 663 2570 la
686 2531 835 2583 longue
860 2531 1102 2570 retardacion
1120 2531 1167 2569 de
1187 2531 1325 2583 justice
1338 2531 1404 2584 qui
1424 2530 1507 2569 doit
1526 2530 1718 2583 desplaire
1740 2531 1929 2570 a‘cliacun
1943 2531 2022 2570 bon

385 2603 579 2641 chrestian
607 2608 686 2649 5,et
709 2612 972 2641 mesmement
1002 2603 1021 2640 a
1045 2612 1175 2641 vostre
1197 2601 1307 2654 royal
1335 2603 1494 2654 majest(-
1537 2602 1624 2654 plus
1652 2616 1728 2655 que
1758 2602 1778 2640 31
1810 2601 1877 2641 nul
1899 2612 2024 2649 autre,

390 2687 492 2726 pour
517 2673 550 2712 la
564 2684 677 2726 grant
701 2674 927 2726 obligacion
945 2687 1020 2726 que
1036 2687 1135 2712 vous
1154 2673 1274 2712 devez
1297 2673 1316 2711 a
1344 2674 1461 2721 Dieu,
1485 2687 1533 2712 en
1556 2673 1813 2726 cognoissant
1833 2673 1888 2711 les
1907 2673 2025 2711 haulx

392 2745 518 2793 biens,
551 2746 755 2783 honneurs
780 2755 817 2784 et
841 2745 1015 2798 dignitez
1039 2744 1135 2798 qu'il
1151 2758 1171 2783 a
1192 2754 1370 2797 ottroyez
1395 2744 1415 2782 a
1433 2754 1564 2783 vostre
1587 2743 1822 2783 excellence.
1848 2745 1894 2783 Et
1918 2758 2028 2783 com-

440 2934 469 2958 1.
489 2923 545 2967 Q:
567 2923 759 2958 Maturum.
780 2944 824 2948 —
846 2934 877 2957 2.
897 2923 964 2958 AC
982 2934 1026 2957 en
1049 2935 1167 2969 marge
1189 2935 1195 2957 :
1226 2922 1333 2957 Tenor
1350 2923 1541 2956 litterarum
1565 2922 1803 2957 Universitatis
1819 2922 2024 2957 Parisiensis

389 2983 521 3016 domino
538 2988 648 3016 nostro
668 2983 740 3027 regi
759 2994 770 3022 ‚·
789 2982 817 3015 B
833 2994 877 3016 en
899 2993 1041 3028 marge:
1061 2981 1167 3016 Tertor
1187 2982 1377 3016 litterarum
1403 2981 1642 3016 Universitalis
1662 2981 1794 3015 domino
1811 2987 1921 3015 nostro
1938 2983 2022 3027 regi.

393 3063 436 3066 —
455 3052 484 3086 3.
507 3041 589 3076 Une
609 3050 693 3075 note
713 3035 904 3087 marginale
921 3042 1037 3087 re'pete
1058 3053 1101 3075 en
1122 3041 1153 3075 A
1168 3041 1199 3075 le
1218 3041 1324 3075 de'but
1341 3041 1383 3075 de
1401 3049 1490 3075 cette
1511 3041 1649 3075 adresse
1670 3040 1827 3086 jusqu'au
1840 3049 1917 3074 mot
1929 3042 2019 3087 pere.

394 3122 437 3125 —
458 3111 491 3142 4.
510 3099 540 3133 C
558 3111 636 3134 :am
656 3121 698 3125 —
722 3110 751 3143 5.
770 3100 800 3134 C
823 3113 832 3133 .·
859 3101 1025 3134 chrestieu.
