2099 3356
364 208 446 237 100
641 192 795 236 PROCIES
827 207 883 236 DE
915 205 1264 236 CONDAMNATION
1299 206 1355 234 DE
1385 205 1550 246 JEANNE
1583 191 1710 234 D’ARC

357 306 522 357 nullam
550 307 883 365 promissionem
908 305 1075 349 fecerat.
1095 306 1204 348 Item
1223 303 1322 347 dicit
1341 302 1477 361 quod,
1499 304 1635 362 prima
1653 304 1743 347 vice
1764 319 1849 363 qua
1868 303 1992 347 audi-

358 391 417 434 vit
442 406 594 434 vocem
608 406 746 443 suam,
770 391 856 447 ipsa
868 390 988 433 vovit
1007 403 1171 432 servare
1188 388 1477 445 virginitatem
1498 403 1637 440 suam,
1661 385 1826 430 tamdiu
1844 402 1997 444 quam-

353 472 426 517 diu
451 473 607 530 placuit
632 473 750 526 Deo3
780 485 820 515 et
847 484 935 515 erat
962 473 1005 515 in
1039 483 1159 515 aetate
1191 471 1293 513 XIII
1326 486 1563 524 annorum,
1588 469 1654 513 vel
1676 470 1855 532 circiter.
1881 470 1991 513 Item

353 555 455 600 dicit
482 555 600 614 quod
618 571 743 600 voces
763 572 852 599 suae
875 567 1223 599 assecuraverunt
1249 570 1344 597 eam
1366 553 1418 598 de
1444 546 1651 598 lucrando
1672 569 1803 597 suum
1827 568 1994 610 proces-

355 655 451 683 sum
468 638 722 697 praedictum
749 640 791 682 in
812 639 980 683 civitate
997 637 1212 682 Tullensi.

412 724 673 780 Interrogata
696 738 750 766 an
772 722 823 766 de
848 723 936 766 istis
963 720 1202 765 visionibus
1229 730 1259 774 ¹,
1283 736 1387 778 quas
1411 719 1511 763 dicit
1531 736 1574 763 se
1596 718 1764 772 habere,
1793 718 1994 763 feceritne

356 805 536 850 verbum
564 819 710 850 curato
736 822 815 851 suo
853 806 916 850 vel
940 806 1059 849 alteri
1100 805 1268 848 homini
1295 803 1603 847 ecclesiastico:
1628 801 1849 862 respondit
1876 801 1992 861 quod

357 906 462 943 non,
482 890 553 934 sed
579 890 658 934 soli
678 898 690 915 ²
720 889 910 934 Roberto
929 888 980 933 de
1002 888 1274 933 Baudricuria
1301 900 1340 932 et
1367 903 1446 932 suo
1469 888 1570 945 regi.
1597 888 1713 931 Dicit
1742 887 1851 930 ultra
1877 884 1995 945 quod

357 989 481 1017 voces
504 990 591 1017 suae
620 990 708 1017 non
748 973 1052 1031 compulerunt
1088 988 1182 1016 eam
1211 971 1261 1015 ad
1297 971 1378 1016 hoc
1411 971 1656 1025 celandum,
1691 970 1764 1014 sed
1803 970 1995 1015 multum

358 1055 613 1100 formidabat
641 1057 822 1101 revelare
858 1072 934 1115 pro
964 1057 1121 1100 timore
1154 1054 1507 1113 Burgundorum,
1535 1070 1587 1098 ne
1615 1053 1876 1112 impedirent
1901 1069 1996 1097 eam

355 1158 376 1185 a
400 1156 480 1184 suo
502 1142 672 1198 voiagio
691 1158 702 1195 3
724 1153 765 1184 et
788 1140 1023 1198 specialiter
1050 1139 1241 1184 multum
1270 1146 1279 1170 3
1319 1138 1498 1183 timebat
1532 1151 1695 1197 patrem
1722 1154 1868 1192 suum,
1890 1137 1996 1195 quin

354 1223 581 1282 impediret
606 1239 700 1267 eam
727 1223 778 1267 de
801 1223 996 1267 faciendo
1017 1239 1145 1266 suum
1171 1223 1405 1280 voiagium.

412 1308 674 1364 Interrogata
695 1323 747 1350 an
769 1306 964 1351 credebat
985 1307 1091 1350 bene
1109 1322 1229 1363 agere
1258 1307 1299 1349 in
1314 1304 1552 1349 recedendo
1571 1306 1661 1349 sine
1680 1305 1849 1349 licentia
1870 1304 1998 1363 patris

353 1404 394 1434 et
415 1392 578 1444 matris,
600 1406 698 1434 cum
727 1391 831 1448 patri
854 1404 893 1434 et
907 1391 1031 1434 matri
1052 1389 1200 1433 debeat
1220 1389 1362 1433 honor
1376 1389 1564 1433 exhiberi
1587 1402 1595 1431 :
1627 1387 1847 1446 respondit
1858 1386 1994 1446 quod,

357 1476 399 1517 in
425 1475 589 1518 cunctis
617 1474 724 1527 aliis,
772 1474 878 1518 bene
917 1472 1107 1517 obedivit
1146 1475 1251 1531 patri
1280 1486 1321 1517 et
1361 1474 1502 1528 matri,
1532 1484 1817 1531 praeterquam
1845 1471 1896 1515 de
1924 1471 1997 1514 illo

363 1574 525 1602 recessu
543 1575 554 1612 ;
581 1557 652 1601 sed
667 1570 811 1616 postea
826 1557 877 1601 de
896 1558 976 1601 hoc
992 1556 1154 1601 eisdem
1169 1558 1349 1615 scripsit,
1368 1569 1409 1600 et
1423 1558 1500 1615 ipsi
1522 1555 1732 1600 dederunt
1753 1557 1790 1599 ei
1808 1556 1996 1598 Veniam.

420 1643 681 1699 Interrogata
708 1654 872 1696 utrum,
895 1640 1071 1699 quando
1096 1642 1263 1685 recessit
1287 1657 1308 1684 a
1333 1654 1447 1698 patre
1471 1653 1511 1684 et
1537 1656 1559 1684 a
1587 1653 1736 1694 matre,
1759 1640 1847 1698 ipsa
1867 1637 1998 1683 credi-

411 1845 505 1883 Ilem
532 1844 587 1883 dit
609 1857 684 1897 que
710 1843 744 1883 la
758 1844 950 1897 premiere
967 1843 1041 1882 fois
1062 1842 1203 1896 qu’elle
1228 1856 1280 1896 oy
1305 1857 1344 1882 sa
1364 1843 1472 1889 voix‚
1496 1842 1570 1882 elle
1594 1856 1669 1882 voa
1690 1852 1705 1876 4
1731 1855 1770 1881 sa
1790 1841 1993 1894 virginite',

358 1925 439 1955 tant
461 1915 555 1969 qu’il
578 1916 736 1968 plaIroit
755 1915 775 1953 a
791 1916 907 1954 Dieu.
934 1916 979 1954 Et
997 1915 1113 1953 estoit
1134 1928 1181 1953 en
1202 1913 1323 1967 l'aage
1342 1914 1389 1953 de
1412 1916 1505 1953 XIII
1526 1928 1610 1962 ans,
1631 1927 1683 1953 ou
1702 1914 1885 1953 environ.

410 1988 502 2026 Item
526 1987 581 2026 dit
606 2001 683 2040 que
705 2001 764 2026 ses
779 1988 870 2025 voix
894 1987 928 2025 la
951 1987 1195 2025 asseurerent
1219 1986 1265 2024 de
1281 1987 1446 2039 gaigner
1466 2000 1539 2025 son
1562 1986 1715 2039 proceS.

412 2059 665 2111 Interroguee
685 2072 724 2097 se
749 2058 794 2103 de
825 2072 888 2097 ces
918 2058 1070 2096 visions
1103 2057 1178 2096 elle
1208 2071 1228 2095 a
1252 2058 1367 2110 point
1390 2056 1496 2110 parle
1521 2058 1541 2096 a
1569 2071 1641 2096 son
1675 2057 1767 2095 cure
1810 2069 1862 2095 ou
1883 2064 1992 2094 autre

359 2130 521 2168 homme
543 2129 703 2182 d’eglise
728 2143 734 2166 :
762 2129 932 2181 respond
955 2142 1030 2182 que
1054 2142 1150 2175 non,
1175 2129 1273 2166 mais
1295 2127 1567 2167 seullementa
1586 2128 1732 2167 Robert
1756 2127 1803 2166 de
1832 2124 1995 2165 B'audri-

356 2211 468 2240 court
485 2209 522 2239 et
543 2202 561 2239 a
584 2215 656 2239 son
679 2214 763 2253 roy.
802 2201 847 2238 Et
884 2200 939 2238 dit
967 2200 1094 2238 oultrc
1125 2199 1267 2252 qu'elle
1290 2214 1338 2238 ne
1359 2199 1442 2240 fust
1458 2201 1573 2253 point
1593 2199 1837 2238 contraincte
1862 2198 1910 2237 de
1932 2211 1992 2236 ses

341 2275 450 2312 *voix
470 2274 489 2311 21
522 2264 557 2311 le
580 2271 705 2320 celer3
736 2272 834 2310 mais
855 2270 1040 2310 doubtoit
1070 2270 1197 2310 moult
1225 2271 1259 2309 le
1286 2271 1448 2320 reveles,
1473 2284 1575 2324 pour
1597 2269 1745 2310 doubte
1775 2270 1843 2309 des
1868 2272 1993 2309 Bour-

356 2358 582 2398 gucgnons,
606 2342 724 2397 qu’ilz
746 2357 793 2381 nc
827 2343 861 2381 la
897 2343 1219 2395 empcschassent
1243 2343 1289 2381 de
1329 2356 1401 2381 son
1438 2356 1618 2396 voyage3
1654 2352 1691 2382 et
1724 2355 1791 2395 par
1824 2341 1994 2395 espe'cial

356 2416 541 2455 doubtoit
558 2415 685 2453 moult
707 2428 780 2453 son
807 2415 913 2467 pere,
941 2413 1035 2467 qu’il
1061 2428 1108 2452 ne
1134 2413 1168 2452 la
1189 2414 1440 2467 empeschast
1455 2414 1502 2452 de
1529 2427 1601 2452 son
1625 2414 1747 2466 veage
1771 2412 1882 2452 faire.

411 2487 667 2539 Interroguee
680 2485 785 2524 s’elle
806 2485 957 2523 cuidoit
981 2484 1072 2523 bien
1096 2483 1189 2523 faire
1215 2485 1261 2523 de
1278 2485 1398 2537 partir
1415 2498 1504 2523 sans
1533 2484 1568 2523 le
1585 2484 1725 2537 congie
1745 2484 1792 2523 de
1813 2484 1906 2537 pere
1942 2496 1995 2522 ou

357 2560 477 2606 mere,
496 2571 655 2596 comme
681 2557 707 2596 il
732 2557 807 2596 soit
827 2557 925 2595 ainsi
944 2570 1019 2609 que
1044 2570 1096 2594 on
1123 2556 1206 2595 doit
1224 2556 1456 2595 honnourer
1476 2560 1568 2609 pere
1598 2565 1635 2594 et
1663 2556 1769 2594 mere
1794 2570 1801 2593 :
1824 2554 1995 2608 respond

354 2643 430 2682 que
449 2642 496 2667 en
520 2638 649 2667 toutes
673 2638 801 2666 autres
835 2628 976 2666 choses
1004 2626 1078 2665 elle
1100 2640 1119 2664 a
1144 2627 1233 2666 bien
1257 2626 1358 2680 obey
1381 2627 1400 2665 a
1419 2626 1525 2675 eulx,
1548 2628 1709 2679 excepte
1735 2626 1782 2665 de
1807 2640 1849 2665 ce
1871 2635 1996 2679 parte-

356 2709 466 2738 ment
490 2714 498 2748 3
517 2700 613 2738 mais
636 2700 774 2752 depuis
790 2699 874 2737 leur
892 2712 940 2737 en
961 2712 980 2737 a
999 2699 1158 2750 escript,
1173 2707 1210 2736 et
1227 2697 1296 2752 luy
1317 2707 1388 2737 ont
1411 2698 1629 2751 pardonne'.

408 2771 662 2824 Interroguee
681 2784 737 2817 se,
765 2780 887 2823 quant
911 2769 985 2809 elle
1008 2770 1124 2822 partit
1145 2770 1192 2808 de
1223 2783 1283 2808 ses
1302 2770 1395 2822 pere
1415 2779 1454 2809 et
1474 2770 1596 2817 mere,
1619 2768 1695 2808 elle
1714 2769 1866 2808 cuidoit
1879 2768 1995 2822 point

406 2985 435 3008 1.
463 2972 561 3009 ABC
580 2984 625 3009 en
657 2984 777 3019 marge
812 2983 821 3008 ε
856 2972 989 3007 Celavit
1028 2973 1171 3007 visiones
1206 2978 1331 3015 curato,
1361 2973 1459 3019 patri
1485 2977 1515 3006 et
1538 2973 1641 3006 matri
1671 2976 1701 3005 et
1727 2973 1915 3018 cuicumque
1941 2971 1990 3016 (A

355 3033 473 3080 ajoute
493 3034 618 3078 etc...).
647 3054 692 3058 ——
713 3034 746 3067 2‘.
769 3033 800 3067 A
831 3045 840 3065 .·
873 3033 997 3069 solum.
1021 3052 1066 3057 ——
1100 3042 1129 3076 3.
1154 3031 1184 3066 C
1211 3040 1309 3066 oniet
1337 3032 1492 3066 multum.
1529 3052 1574 3056 —
1603 3042 1635 3074 4.
1665 3031 1732 3065 Ms.
1765 3043 1808 3065 en
1841 3041 1989 3076 marge:

365 3092 496 3126 Votum.
