2099 3356
372 180 529 226 Pnocizs
561 196 616 224 DE
648 194 1003 225 CONDAMNArloN
1040 195 1095 225 DE
1126 195 1294 238 JEANNE
1328 180 1457 226 D'ARc
1647 194 1728 240 239

76 297 288 340 'societate
321 308 476 340 sanctae
505 293 739 338 Katharina
772 306 813 338 et
847 295 1097 352 Margareta‚
1122 311 1219 354 quae
1250 295 1424 340 fuerunt
1451 311 1551 340 cum
1579 295 1731 353 angelo

87 378 349 437 supradicto,
379 392 421 423 et
445 380 574 423 etiarn
598 379 669 422 alii
694 378 850 436 angeli,
874 394 1012 436 usque
1042 378 1152 422 infra
1182 395 1393 423 cameram
1425 380 1532 437 regis
1558 380 1640 423 sui.
1675 405 1733 410 —-

86 464 347 520 Interrogata
371 462 554 521 qualiter
581 462 650 505 ille
677 461 855 519 angelus
882 463 1052 505 recessit
1077 462 1128 505 ab
1155 478 1202 506 ea
1227 479 1236 506 :
1264 461 1486 520 respondit
1503 461 1622 521 quod
1644 464 1732 520 ipse

87 547 258 590 recessit
278 545 328 589 ab
347 562 394 590 ea
415 547 459 589 in
476 561 563 590 una
588 561 713 603 parva
729 544 918 603 cappella
936 562 946 599 ;
966 557 1005 589 et
1021 545 1102 589 fuit
1124 545 1231 590 bene
1253 547 1356 590 irata
1377 545 1429 590 de
1451 562 1532 591 suo
1548 562 1729 600 receSSU‚

85 643 127 674 et
159 629 364 688 plorabat,
394 643 435 673 et
471 629 655 673 libenter
682 629 825 673 ivisset
850 645 950 673 cum
981 645 1051 683 eo,
1078 628 1276 674 videlicet
1305 643 1519 689 quantum
1554 631 1607 675 ad
1643 631 1732 674 ani-

87 729 219 757 mam.
250 739 310 744 —
334 714 600 771 Interrogata
623 714 674 766 si,
705 714 750 756 in
776 728 945 757 recessu
965 712 1160 772 [angeli],
1191 715 1279 772 ipsa
1312 716 1517 759 remansit
1541 714 1732 773 gaudens

85 798 151 841 vel
179 798 213 840 si
233 797 316 841 fuit
343 796 509 840 turbata
535 810 576 840 et
598 798 641 840 in
665 812 824 855 magno
849 798 1005 840 timore
1036 797 1286 855 :respondit
1312 798 1430 857 quod
1455 815 1546 843 non
1570 797 1735 843 dimisit

85 897 179 926 eam
207 882 251 924 in
278 881 452 931 timore,
482 879 555 924 sed
572 893 659 938 erat
686 881 790 924 irata
817 879 868 924 de
897 895 1062 924 recessu
1087 882 1234 939 ipsius.
1251 883 1448 936 ——Item‚
1474 883 1735 941 interrogata

87 966 121 1009 si
138 965 221 1008 hoc
235 964 317 1008 fuit
338 978 412 1022 per
433 965 640 1008 meritum
659 964 793 1021 ipsius
816 963 1027 1019 Johannae
1049 963 1168 1022 quod
1184 966 1302 1009 Deus
1324 966 1441 1009 misit
1463 983 1591 1009 suum
1611 982 1735 1024 ange-

85 1048 178 1092 lum
209 1064 218 1091 :
255 1046 475 1106 respondit
501 1046 621 1106 quod
652 1048 740 1104 ipse
772 1046 970 1090 veniebat
1002 1061 1078 1105 pro
1109 1063 1153 1091 re
1188 1064 1371 1106 magna3
1401 1062 1441 1092 et
1475 1049 1557 1093 fuit
1591 1051 1634 1093 in
1662 1066 1734 1108 spe

85 1131 204 1191 quod
227 1148 298 1175 rex
319 1148 422 1176 suus
439 1129 628 1175 crederet
651 1131 825 1188 signum
847 1143 888 1174 et
907 1130 1025 1189 quod
1048 1130 1249 1175 homines
1270 1131 1536 1177 dimitterent
1560 1149 1734 1192 arguere

87 1216 224 1274 ipsam
249 1214 514 1272 Johannam,
539 1228 579 1258 et
607 1229 684 1272 pro
712 1212 856 1258 dando
879 1230 1131 1258 succursum
1155 1213 1278 1258 bonis
1295 1215 1498 1273 gentibus
1518 1216 1570 1261 de
1597 1218 1733 1261 Aure-

84 1299 222 1353 lianis,
248 1311 290 1342 et
311 1300 441 1343 etiam
466 1314 542 1357 pro
571 1299 734 1342 meritis
753 1296 899 1356 regils]
921 1299 1042 1342 suiet
1059 1297 1161 1342 boni
1174 1298 1294 1342 ducis
1312 1300 1651 1345 Aurelianensis.
1677 1327 1735 1332 —

82 1382 346 1440 Interrogata
377 1397 509 1440 quare
540 1383 628 1440 ipsa
656 1380 807 1426 habuit
836 1381 931 1440 plus
965 1397 1097 1440 quam
1133 1398 1247 1425 unus
1275 1383 1378 1426 alter
1414 1401 1421 1427 :
1466 1384 1687 1442 respondit
1723 1402 1731 1428 :

87 1480 107 1504 «
135 1463 297 1507 Placuit
315 1464 411 1507 Deo
431 1463 489 1506 sic
507 1464 639 1506 lacere
662 1478 882 1520 perunam
898 1462 1140 1521 simplicem
1158 1463 1365 1521 puellam,
1387 1481 1464 1523 pro
1486 1465 1734 1524 repellendo

83 1545 346 1591 adversarios
366 1547 489 1605 regis.
521 1563 541 1586 »
564 1572 624 1577 —-
643 1546 905 1604 Interrogata
927 1547 961 1589 si
986 1545 1151 1589 dictum
1173 1545 1299 1590 fuerit
1321 1549 1398 1606 ipsi
1428 1548 1639 1604 Johannae
1660 1549 1734 1593 ubi

84 1631 261 1689 angelus
290 1631 432 1689 primo
459 1642 675 1688 acceperat
696 1628 941 1688 praedictam
961 1638 970 1654 Σ
1002 1646 1208 1674 coronam
1228 1648 1235 1674 :
1256 1631 1477 1690 respondit
1500 1632 1626 1691 ‘quod
1647 1635 1735 1692 ipsa

82 1714 166 1759 fuit
192 1727 412 1773 apportata
436 1731 486 1758 ex
505 1728 620 1773 parte
639 1715 738 1767 Dei,
769 1726 810 1757 et
831 1712 949 1772 quod
975 1730 1063 1757 non
1081 1727 1144 1758 est
1167 1715 1379 1760 aurifaber
1406 1717 1449 1760 in
1471 1716 1638 1762 mundo
1659 1719 1734 1776 qui

84 1799 208 1843 sciret
237 1797 371 1842 facere
406 1799 461 1841 ita
495 1797 737 1855 pulchram,
768 1797 834 1840 vel
866 1798 923 1841 ita
957 1797 1164 1852 divitem3
1195 1798 1270 1843 ubi
1308 1816 1410 1844 vero
1438 1801 1526 1860 ipse
1560 1801 1736 1859 angelus

86 1883 293 1941 acceperit
323 1897 434 1935 eam,
464 1881 576 1925 dicta
601 1880 801 1937 Johanna
825 1898 868 1925 se
902 1881 1027 1924 refert
1054 1882 1166 1935 Deo,
1197 1895 1238 1926 et
1257 1885 1391 1928 nescit
1419 1884 1539 1928 aliter
1568 1885 1641 1929 ubi
1666 1885 1737 1929 illa

85 1981 245 2011 corona
272 1965 353 2009 fuit
371 1979 504 2023 capta.
537 1993 593 1996 —
613 1966 878 2023 Interrogata
900 1966 933 2008 si
959 1965 1028 2008 illa
1052 1981 1211 2010 corona
1234 1966 1416 2011 habebat
1444 1968 1612 2013 bonum
1630 1969 1736 2014 odo-

85 2066 176 2094 rem
194 2062 235 2094 et
249 2051 283 2093 si
298 2062 386 2093 erat
402 2047 679 2107 resplendens
706 2066 714 2092 :
737 2048 958 2106 respondit
980 2048 1097 2107 quod
1120 2051 1209 2108 ipsa
1224 2067 1313 2094 non
1333 2051 1459 2096 habet
1476 2055 1735 2098 memoriam

84 2133 136 2178 de
161 2133 244 2178 hoc
259 2146 300 2177 et
317 2132 437 2192 quod
464 2149 506 2176 se
524 2131 747 2177 advisaret.
776 2133 825 2176 Et
841 2145 987 2190 postea
1005 2132 1111 2176 dixit
1140 2133 1258 2192 quod
1278 2135 1405 2180 habet
1433 2136 1599 2181 bonum
1627 2139 1734 2183 odo-

84 2232 174 2261 rem
190 2230 231 2261 et
248 2217 434 2271 habebit,
457 2216 703 2261 dummodo
720 2215 828 2260 bene
851 2215 1133 2271 custodiatur,
1157 2219 1267 2262 sicut
1291 2219 1409 2263 decet
1426 2238 1435 2274 3
1457 2234 1498 2264 et
1515 2221 1634 2280 quod
1650 2236 1737 2267 erat

86 2300 337 2346 in·modum
365 2316 552 2345 coronae.
582 2301 927 2357 —Interrogata
954 2301 987 2344 si
1017 2301 1194 2358 angelus
1227 2304 1437 2361 scripserit
1465 2306 1503 2348 ei
1534 2305 1693 2350 litteras
1724 2324 1732 2350 :

87 2384 310 2442 respondit
331 2384 450 2443 quod
483 2400 589 2428 11011.
621 2410 679 2415 --
712 2385 978 2441 Interrogata
1005 2385 1131 2442 quale
1155 2386 1329 2443 signum
1356 2387 1601 2433 habuerunt
1621 2398 1635 2415 ²
1664 2406 1736 2434 rex

87 2484 191 2512 suus
211 2481 252 2512 et
276 2481 426 2527 gentes
453 2469 702 2512 exsistentes
730 2483 830 2511 cum
859 2484 910 2511 eo
935 2482 976 2511 et
1004 2469 1184 2525 ipsamet
1207 2469 1421 2524 Johanna,
1449 2471 1500 2515 de
1521 2473 1735 2518 credendo

86 2551 206 2611 quod
242 2565 330 2596 erat
363 2568 477 2596 unus
500 2551 677 2609 angelus
709 2552 785 2609 qui
813 2551 1040 2609 apparebat
1071 2564 1079 2594 ἰ
1115 2553 1337 2611 respondit
1365 2555 1483 2613 quod
1510 2554 1632 2616 [hoc]
1665 2574 1736 2602 rex

87 2635 194 2680 bene
218 2635 396 2680 credidit
423 2651 496 2694 per
510 2635 828 2679 documentum
853 2634 1087 2678 hominum
1114 2637 1499 2684 ecclesiasticorum
1521 2643 1595 2699 qui
1617 2655 1737 2685 erant

88 2719 191 2773 illic,
218 2733 259 2764 et
286 2735 359 2779 per
386 2720 559 2778 signum
589 2734 776 2763 coronae.
803 2745 861 2749 —
887 2719 1150 2778 Interrogata
1177 2721 1360 2779 qualiter
1379 2722 1580 2769 homines
1601 2725 1738 2770 eccle-

87 2804 242 2848 siastici
262 2804 480 2848 sciverunt
503 2801 622 2861 quod
649 2815 737 2846 erat
766 2818 879 2846 unus
905 2802 1082 2860 augelus
1107 2821 1114 2847 :
1148 2805 1369 2862 respondit
1395 2807 1514 2865 quod
1544 2808 1623 2853 hoc
1656 2809 1736 2854 fuit

99 2902 172 2945 per
192 2888 415 2931 scientiam
438 2903 607 2940 corum,
635 2899 675 2930 et
697 2902 770 2945 per
792 2885 873 2930 hoc
902 2886 1019 2944 quod
1048 2888 1126 2945 ipsi
1160 2902 1280 2932 erant
1308 2890 1460 2934 clerici.

145 3100 172 3123 1.
193 3090 223 3124 A
242 3102 251 3123 :
272 3090 380 3124 illam.
401 3110 446 3115 —-
465 3099 497 3124 2.
523 3089 552 3123 C
570 3101 580 3123 .·
610 3089 803 3122 habuerant.
