2099 3356
353 178 405 220 62
633 177 790 220 moces
823 191 878 219 DE
911 189 1261 222 CONDAMNATioN
1297 192 1354 221 DE
1385 192 1550 234 JEANNE
1583 177 1709 223 D’ARc

349 289 466 349 quod
496 290 696 348 praefatus
727 305 873 334 comes
897 289 1075 335 debebat
1102 290 1153 335 de
1181 290 1263 336 hoc
1302 303 1446 336 tenere
1479 305 1487 335 :
1527 291 1747 351 respondit
1785 291 1903 352 quod
1935 292 1987 338 de

348 374 430 419 hoc
454 374 561 418 nihil
585 376 679 418 scit.

403 458 665 516 Interrogata
691 473 745 501 an
773 459 861 516 ipsa
886 457 1061 502 faciebat
1093 457 1277 502 dubium
1301 460 1369 502 cui
1402 458 1599 517 praefatus
1637 474 1783 504 comes
1808 458 1987 504 debebat

345 541 518 586 obedire
544 558 551 584 :
584 540 804 599 respondit
836 541 954 599 quod
985 541 1197 585 nesciebat
1219 541 1318 586 inde
1344 541 1448 600 quid
1486 542 1686 587 mandare
1713 544 1780 587 cui
1816 542 1986 587 deberet

343 625 533 677 obedire,
557 627 654 684 quia
677 626 765 682 ipse
789 639 934 668 comes
961 624 1128 683 petebat
1153 627 1257 669 scire
1279 627 1348 670 cui
1374 627 1491 670 Deus
1518 625 1687 670 volebat
1713 627 1856 685 ipsum
1880 626 1985 671 obe-

343 708 446 754 dire.
476 708 557 754 Sed
582 721 795 767 quantum
820 708 871 752 ad
896 710 1030 767 ipsam
1055 709 1318 766 johannam,
1348 723 1463 754 tenet
1487 722 1528 754 et
1551 709 1684 754 credit
1710 709 1828 769 quod
1859 709 1985 755 debe-

342 810 440 838 mus
468 792 641 837 obedire
663 793 844 837 domino
884 806 1030 837 nostro
1059 795 1181 852 Papae
1209 795 1251 837 in
1290 795 1428 838 Roma
1452 795 1665 838 existenti.
1709 795 1825 839 Dicit
1855 796 1983 838 etiam

317 929 319 931 ,
341 877 460 936 quod
484 876 598 921 aliud
624 876 730 920 dixit
745 878 903 920 nuntio
928 877 1086 935 praefati
1112 878 1297 930 comitis,
1325 877 1443 935 quod
1472 893 1561 922 non
1579 879 1827 922 continetur
1849 878 1892 922 in
1914 879 1984 922 illa

339 964 462 1022 copia
499 962 760 1015 litterarum;
790 973 831 1004 et
865 962 944 1004 nisi
985 959 1099 1004 idem
1129 962 1309 1005 nuntius
1336 970 1344 986 ¹
1375 962 1517 1005 statim
1557 963 1806 1016 recessisset,
1837 961 1984 1026 fuisset

341 1049 553 1105 projectus
587 1047 629 1088 in
664 1060 838 1103 aquam,
870 1060 958 1088 non
986 1057 1129 1088 tamen
1160 1060 1232 1102 per
1268 1046 1402 1103 ipsam
1437 1045 1698 1101 Johannam.
1737 1047 1843 1090 Item
1881 1045 1982 1090 dicit

341 1129 475 1189 quod,
500 1128 551 1173 de
574 1129 655 1172 lioc
676 1128 793 1187 quod
824 1127 991 1186 petebat
1013 1135 1025 1153 ²
1050 1129 1152 1172 scire
1177 1129 1245 1172 cui
1268 1130 1384 1172 Deus
1410 1128 1579 1172 volebat
1595 1128 1712 1188 quod
1729 1131 1816 1188 ipse
1837 1145 1981 1174 comes

338 1213 544 1267 obediret,
575 1214 661 1270 ipsa
686 1211 904 1269 respondit
926 1210 1042 1269 quod
1070 1211 1304 1265 nesciebat;
1333 1211 1404 1256 sed
1430 1213 1466 1255 ei
1487 1211 1705 1256 mandavit
1738 1212 1858 1271 plura
1884 1229 1980 1272 quae

340 1314 428 1341 non
451 1296 626 1341 fuerunt
643 1297 779 1353 posita
797 1296 839 1338 in
861 1296 1042 1353 scriptis.
1065 1295 1113 1338 Et
1134 1307 1346 1353 quantum
1365 1308 1426 1339 est
1444 1294 1495 1339 de
1512 1297 1614 1354 ipsa,
1639 1296 1770 1340 credit
1785 1298 1827 1340 in
1842 1296 1980 1341 domi-

340 1397 446 1425 num
476 1382 632 1438 Papam
657 1380 731 1437 qui
760 1391 820 1422 est
844 1379 1011 1422 Romae.

397 1466 657 1521 Interrogata
677 1478 806 1521 quare
825 1464 912 1520 ipsa
934 1461 1141 1505 scribebat
1154 1462 1272 1520 quod
1293 1463 1409 1506 daret
1429 1462 1528 1507 alias
1543 1479 1795 1521 responsum
1813 1462 1864 1508 de
1877 1464 1976 1517 hoc,

336 1565 384 1592 ex
407 1564 494 1606 quo
516 1546 710 1591 credebat
731 1548 773 1589 in
800 1546 922 1589 illum
947 1548 1020 1604 qui
1048 1558 1109 1589 est
1130 1546 1312 1589 Romae:
1341 1546 1558 1605 respondit
1583 1547 1699 1605 quod
1722 1563 1976 1604 responsum

337 1648 410 1691 per
431 1647 524 1675 eam
551 1630 696 1675 datum
724 1630 805 1673 fuit
829 1644 955 1687 super
980 1629 1060 1672 alia
1080 1631 1253 1673 materia
1274 1644 1405 1687 quam
1427 1645 1554 1689 super
1574 1630 1683 1674 facto
1702 1632 1835 1675 trium
1854 1646 1977 1675 sum-

337 1731 509 1760 morum
539 1714 808 1773 pontificum.

394 1797 657 1853 Interrogata
676 1810 728 1838 an
748 1793 908 1838 dixerat
927 1793 1061 1852 quod,
1091 1809 1217 1851 super
1241 1793 1349 1837 facto
1378 1795 1509 1837 trium
1534 1810 1811 1840 summorum
1834 1797 1974 1853 ponti-

333 1880 478 1930 ficum,
516 1879 687 1923 liaberet
722 1878 952 1922 consilium
979 1894 986 1919 :
1016 1877 1233 1935 respondit
1257 1877 1374 1936 quod
1406 1893 1632 1936 nunquam
1671 1880 1866 1936 scripsit3
1896 1895 1973 1923 nec

333 1964 429 2008 fecit
454 1963 577 2007 scribi
603 1977 728 2020 super
755 1962 865 2005 facto
892 1962 1027 2004 trium
1054 1976 1333 2005 summorum
1362 1961 1635 2018 pontificum.
1674 1963 1723 2006 Et
1754 1962 1836 2006 hoc
1866 1964 1974 2020 jura-

333 2049 393 2091 vit
416 2063 486 2105 per
507 2062 634 2090 suum
660 2047 952 2102 juramentum
977 2043 1093 2103 quod
1117 2060 1341 2102 nunquam
1364 2046 1529 2103 scripsit
1551 2060 1627 2089 nec
1650 2044 1746 2089 fecit
1771 2046 1910 2090 scribi.

390 2133 653 2187 Interrogata
667 2145 719 2173 an
740 2130 965 2173 consuevit
987 2143 1147 2187 ponere
1169 2129 1210 2170 in
1229 2127 1377 2171 litteris
1398 2129 1484 2171 suis
1504 2129 1592 2172 haec
1614 2131 1793 2172 nomina
1812 2130 1972 2185 JHEsth

335 2216 503 2268 ΜΑΗΙΑ,
544 2230 641 2257 cum
671 2228 792 2256 cruce
819 2230 826 2255 ς
868 2211 1087 2270 respondit
1123 2210 1241 2269 quod
1270 2212 1311 2254 in
1343 2210 1558 2270 aliquibus
1585 2213 1671 2269 ipsa
1706 2212 1890 2269 ponebat
1931 2225 1971 2257 et

330 2297 560 2357 aliquando
589 2313 700 2351 non3
730 2309 769 2340 et
796 2294 1029 2353 aliquando
1063 2294 1247 2352 ponebat
1274 2310 1441 2338 crucem
1477 2296 1519 2337 in
1549 2296 1721 2353 signum
1756 2295 1871 2354 quod
1902 2296 1970 2339 ille

332 2382 383 2426 de
411 2395 525 2440 parte
544 2397 617 2424 sua
639 2381 706 2424 cui
728 2379 934 2423 scribebat
956 2394 1042 2422 non
1067 2377 1217 2421 faceret
1247 2377 1353 2421 illud
1376 2378 1494 2436 quod
1515 2377 1654 2422 eidem
1688 2378 1906 2423 scribebat.

390 2466 584 2509 Tenores
612 2464 846 2507 litterarum
873 2477 977 2520 quas
1004 2461 1102 2505 dicti
1130 2476 1275 2505 comes
1299 2474 1339 2504 et
1373 2461 1571 2517 Johanna
1606 2461 1683 2505 sibi
1710 2463 1970 2520 scripserunt

334 2549 384 2593 ad
408 2550 590 2592 invicem
612 2549 862 2590 inseruntur
888 2545 1065 2589 inferius
1086 2546 1196 2588 inter
1221 2544 1420 2589 articulos
1442 2546 1717 2603 promotoris.

393 2634 605 2689 Deinceps
626 2631 801 2676 fuerunt
824 2628 963 2673 eidem
987 2628 1198 2684 Johanna*
1221 2628 1337 2672 lectae
1360 2628 1509 2672 litterae
1535 2644 1640 2686 quas
1661 2630 1749 2687 ipsa
1768 2629 1967 2684 Johanna

332 2717 565 2759 transmisit
591 2714 774 2758 domino
802 2725 950 2756 nostro
976 2713 1078 2769 regi,
1115 2710 1298 2756 domino
1326 2710 1424 2755 duci
1453 2710 1690 2756 Bedfordiae
1716 2725 1758 2755 et
1783 2712 1888 2756 aliis.

390 2800 587 2852 Quarum
618 2798 747 2840 etiam
774 2796 1012 2840 litterarum
1049 2808 1172 2839 tenor
1198 2787 1374 2839 inferius
1407 2796 1584 2852 ponitur
1617 2796 1727 2838 inter
1763 2796 1965 2840 articulos
2026 2827 2042 2834 -

330 2882 607 2940 promotoris.

383 3096 411 3118 1.
445 3084 586 3128 Qornet
607 3082 758 3115 nuntius.
782 3101 827 3106 --
854 3091 885 3115 2.
915 3080 945 3114 A
973 3093 982 3113 .’
999 3080 1139 3125 potebat.
1163 3099 1208 3104 —
1234 3089 1262 3124 3.
1286 3079 1317 3113 A
1344 3091 1354 3112 .·
1381 3080 1515 3126 scrispsit
1529 3080 1732 3126 superfacto.
