2099 3356
325 215 380 258 26
601 215 757 258 mocks
789 229 845 258 DE
878 229 1238 259 CONDAMNATtoN-
1266 230 1322 259 DE
1354 230 1521 272 JEANNE
1555 216 1680 260 D'ARc

325 327 490 381 missio,
516 328 672 385 pariter
691 326 918 373 nobiscum
950 341 1203 387 praesentem
1226 344 1475 387 processum
1511 328 1732 374 deducere.
1763 330 1814 374 Et
1849 330 1962 374 nihi-

324 409 532 464 lominus,
554 427 631 469 pro
659 412 809 469 majori
836 414 1059 457 securitate
1088 412 1252 470 praefati
1283 428 1520 471 processuS,
1549 413 1780 458 dominum
1819 415 1966 473 Inqui-

324 495 519 548 sitorem,
544 495 595 538 ad
619 496 752 553 ipsius
776 511 1005 552 personam
1030 512 1103 554 per
1127 496 1287 540 litteras
1321 510 1485 541 nostras
1514 509 1722 555 patenteS,
1748 513 1965 542 sommare

323 589 366 621 et
396 579 610 635 requirere
634 577 839 622 duximus
875 591 923 623 ut
952 581 996 622 in
1033 579 1140 624 hanc
1185 579 1337 624 urbem
1369 580 1784 638 Rothomagensem,
1835 580 1965 638 hujus

324 676 545 719 processus
580 660 819 706 deducendi
855 664 1002 721 gratia,
1041 663 1320 721 personaliter
1366 663 1597 718 accederet,
1633 676 1705 708 aut
1755 665 1963 709 vicarium

324 743 630 796 committeret,
659 744 734 802 qui
785 744 1025 802 planiorem
1065 757 1106 788 et
1142 743 1435 802 specialiorem
1468 744 1641 789 haberet
1683 757 1959 802 potestatem,

324 839 450 885 prout
480 842 530 870 ex
565 839 714 872 tenore
745 827 985 872 litterarum
1019 830 1209 886 ipsarum
1244 827 1421 872 inferius
1448 827 1783 887 subscriptarum
1809 838 1818 855 ¹
1842 845 1967 887 aper-

325 911 411 955 tius
429 924 608 955 constat.

383 994 559 1047 Quibus
581 996 639 1038 sic
679 1011 752 1053 per
785 1011 879 1049 nos,
910 997 1159 1054 episcopum
1188 995 1458 1054 praedictum,
1489 998 1708 1055 expositis,
1735 997 1968 1054 praenomi-

323 1090 448 1122 natus
475 1078 603 1122 frater
626 1078 846 1134 Johannes
882 1080 1074 1136 Magistri
1113 1078 1333 1137 respondit
1356 1078 1489 1137 quod,
1542 1091 1639 1123 tum
1679 1095 1756 1138 pro
1798 1095 1966 1124 serena-

322 1163 441 1206 tione
480 1164 752 1206 conscientiae
787 1179 892 1216 suae,
925 1175 1019 1206 tum
1062 1179 1136 1221 pro
1173 1164 1376 1207 securiori
1413 1162 1672 1208 deductione
1725 1179 1962 1222 processus,

325 1246 460 1290 nollet
487 1262 529 1290 se
563 1245 614 1290 de
641 1248 839 1303 praesenti
874 1248 1050 1290 materia
1078 1248 1380 1300 intromittere,
1411 1248 1492 1290 nisi
1520 1248 1552 1290 si
1580 1260 1621 1291 et
1660 1248 1704 1291 in
1750 1259 1965 1306 quantum

325 1345 452 1388 super
478 1330 559 1374 hoc
605 1329 776 1374 haberet
803 1343 1072 1388 potestatem.
1109 1332 1440 1384 Verumtamen,
1484 1332 1527 1374 in
1562 1343 1775 1388 quantum
1802 1343 1966 1389 poterat

326 1427 367 1457 et
389 1413 466 1457 sibi
491 1413 657 1468 licebat,
686 1414 842 1472 placuit
864 1413 1004 1458 eidem
1027 1428 1073 1458 ut
1094 1431 1187 1467 nos,
1211 1416 1436 1472 episcopus
1458 1414 1701 1472 praedictus,
1729 1416 1772 1458 in
1792 1416 1967 1459 materia

326 1497 655 1554 procederemus
683 1499 905 1549 ulterius²‚
929 1498 1065 1543 donec
1094 1499 1261 1557 plenius
1287 1498 1458 1542 haberet
1482 1499 1711 1542 consilium
1740 1500 1789 1552 si,
1822 1500 1967 1556 vigore

324 1582 559 1640 saepedictae
580 1600 667 1627 suce
695 1584 1031 1636 commissionis,
1065 1598 1311 1641 processum
1343 1584 1483 1640 ipsum
1516 1582 1821 1627 deducendum
1854 1599 1969 1626 assu-

326 1679 474 1710 meret.
517 1667 654 1723 Cujus
690 1669 747 1710 sic
778 1667 925 1711 habito
961 1682 1190 1720 consensu,
1238 1682 1406 1710 rursum
1448 1665 1586 1710 eidem
1642 1682 1887 1724 processum
1928 1679 1968 1710 et

326 1767 422 1808 quae
453 1752 537 1808 jam
581 1764 885 1810 processerant,
927 1763 999 1795 aut
1046 1753 1087 1794 in
1123 1764 1342 1809 posterum
1383 1762 1624 1807 agerentur,
1649 1751 1968 1794 communicare

326 1834 581 1879 obtulimus.
610 1836 768 1893 Atque,
804 1834 1185 1879 deliberationibus
1222 1835 1511 1879 assistentium
1547 1835 1737 1891 receptis,
1777 1833 1967 1878 decrevi-

325 1935 422 1963 mus
471 1919 697 1962 mulierem
748 1918 982 1976 praefatam,
1033 1935 1105 1976 per
1130 1919 1289 1962 litteras
1330 1931 1495 1962 nostras
1547 1919 1774 1969 citatorias,
1821 1933 1965 1961 coram

327 2002 450 2046 nobis
484 2002 573 2046 fore
607 2003 822 2047 citandam
857 2015 896 2046 et
938 2001 1200 2047 evocandam
1252 2001 1302 2045 ad
1346 2001 1461 2047 diem
1512 2002 1710 2045 mercurii
1766 2003 1966 2059 proximo

326 2100 595 2144 sequentem,
623 2087 779 2130 scilicet
806 2101 892 2130 xxi.
925 2088 1083 2130 mensis
1112 2085 1309 2130 februarii
1328 2103 1338 2139 ;
1359 2101 1544 2144 quarum
1583 2085 1821 2129 litterarum
1844 2075 1969 2129 tenor

329 2169 505 2214 inferius
529 2183 775 2213 annotatur.

329 2387 529 2418 SEQUTL'R
562 2387 681 2413 PRIMO
723 2386 855 2413 TENOR
887 2386 1136 2413 LIT'I'ERARUM
1168 2385 1405 2412 VICARIATL'S
1436 2385 1542 2411 DICTI
1595 2385 1750 2411 FRATRIS
1769 2384 1969 2420 JOHANNIS

1072 2454 1296 2484 MAGISTR13.

385 2614 403 2632 «
438 2599 568 2636 Frater
602 2597 805 2645 johannes
852 2596 1071 2641 Graverent,
1094 2595 1245 2633 ordinis
1276 2595 1451 2632 Fratrum
1481 2593 1807 2641 Praedicatorum,
1850 2605 1968 2631 sacrae

330 2668 544 2720 theologice
590 2669 805 2720 professor,
852 2667 1047 2706 haereticae
1089 2666 1289 2719 pravitatis
1320 2666 1536 2718 Inquisitor
1570 2665 1607 2703 in
1637 2677 1760 2715 regno
1798 2664 1968 2702 Franciae

332 2740 563 2779 auctoritate
591 2738 810 2792 apostolica
849 2739 1075 2790 deputatuS,
1102 2737 1248 2776 dilecto
1293 2737 1366 2775 sibi
1407 2737 1445 2775 in
1469 2736 1628 2775 Christo
1667 2735 1771 2774 fratri
1793 2735 1967 2784 Johanni

332 2811 525 2863 Magistri,
541 2810 717 2862 ejusdem
742 2809 908 2856 ordinis,
926 2810 963 2846 in
986 2818 1145 2847 auctore
1167 2818 1203 2846 et
1222 2807 1500 2846 confirmatore
1520 2807 1611 2845 fidei
1632 2807 1809 2845 Domino
1832 2815 1968 2844 nostro

332 2882 451 2931 Jbesu
478 2882 651 2929 Christo,
678 2880 860 2919 salutem.
889 2880 1095 2925 Quoniam
1118 2879 1280 2917 morbus
1304 2879 1464 2917 haeresis
1479 2878 1587 2917 velut
1610 2891 1749 2916 cancer
1771 2878 1908 2930 serpit,
1933 2886 1969 2916 et

385 3072 412 3095 1.
441 3060 507 3094 AC
530 3073 538 3093 .·
563 3058 828 3106 subscripto.]-—
855 3069 886 3092 2.
919 3059 947 3093 Α
972 3070 982 3091 .·
1005 3057 1144 3092 ulterius
1171 3057 1288 3104 ajoute
1315 3057 1507 3091 au—dessus
1527 3056 1621 3091 dela
1648 3056 1741 3102 ligne
1768 3057 1897 3091 devant
1924 3058 1959 3090 in

330 3122 483 3154 materia.
504 3140 549 3144 —
579 3130 608 3165 3.
627 3119 692 3153 AC
706 3130 750 3153 en
769 3130 888 3163 marge
912 3131 918 3152 1
947 3118 1052 3151 Tenor
1072 3118 1258 3152 vicariatus
1270 3117 1401 3162 fratris
1413 3116 1574 3160 solmnnis
1595 3115 1773 3166 Magistri.
