2099 3356
291 181 395 235 376¹
554 177 714 221 PRoc'Es
753 191 808 219 DE
852 189 1208 219 CONDAMNATION
1251 190 1307 218 DE
1338 189 1503 231 JEANNE
1536 176 1661 220 D'ARc

284 291 380 344 sibi,
409 290 560 349 depost
581 289 695 332 diem
716 290 840 346 jovis,
866 287 984 346 quod
1013 290 1101 346 ipsa
1129 287 1284 332 fecerat
1308 304 1511 346 magnam
1536 290 1757 346 injuriam,
1775 290 1927 335 confi-

283 373 416 418 tendo
443 390 485 417 se
510 388 598 416 non
621 372 729 416 bene
756 371 902 415 fecisse
925 371 1031 415 illud
1053 370 1171 430 quod
1199 371 1367 415 fecerat.
1388 372 1515 426 Item,
1545 372 1651 416 dixit
1672 372 1792 431 quod
1809 389 1927 431 quae-

286 473 473 515 cumque
497 455 602 500 dixit
625 467 666 499 et
699 456 928 505 revocavit,
955 456 1044 513 ipsa
1083 453 1150 499 die
1184 456 1308 513 jovis,
1340 455 1423 499 hoc
1449 455 1594 500 solum
1618 455 1717 500 fecit
1744 468 1785 500 et
1827 456 1932 501 dixit

289 557 374 599 prae
395 541 552 583 timore
579 539 705 596 ignis.

344 630 609 686 Interrogata
652 641 800 672 utrum
838 628 971 671 credit
1007 626 1123 686 quod
1161 643 1286 671 voces
1326 627 1409 671 illae
1445 627 1525 672 sibi
1562 642 1813 687 apparentes
1845 630 1932 672 sint

288 725 442 756 sanctae
467 711 699 756 Katharina
726 724 767 755 et
795 712 1031 769 Margareta
1055 728 1063 754 :
1091 710 1312 770 respondit
1335 711 1453 770 quod
1477 713 1553 766 sic,
1572 725 1614 756 et
1644 711 1761 771 quod
1782 725 1886 757 sunt
1909 728 1932 756 a

291 796 401 839 Deo.

348 879 610 935 Interrogata
637 876 755 935 quod
782 876 940 921 diceret
967 878 1189 921 veritatem
1221 876 1272 921 de
1309 877 1377 921 illa
1415 894 1592 932 corona,
1617 877 1668 922 de
1699 895 1782 937 qua
1812 895 1934 938 supe-

293 964 379 1006 rius
417 961 465 1004 fit
492 962 691 1005 mentio:
731 961 953 1019 respondit
983 977 991 1003 :
1026 978 1045 999 «
1081 961 1170 1019 Ego
1211 960 1263 1004 de
1290 960 1498 1005 omnibus
1527 960 1617 1005 dixi
1651 962 1796 1006 vobis¹
1835 962 1934 1006 inde

292 1047 516 1089 veritatem
543 1046 587 1088 in
613 1060 829 1104 processu,
851 1057 1066 1103 quantum
1088 1044 1243 1088 melius
1269 1059 1350 1102 ego
1377 1046 1495 1088 scivi.
1535 1064 1555 1084 »

351 1129 478 1173 Tunc
502 1128 583 1172 fuit
611 1130 676 1172 ei²
696 1128 860 1173 dictum
883 1127 1002 1187 quod
1026 1129 1114 1187 ipsa
1141 1127 1332 1172 dixerat3
1360 1130 1404 1172 in
1428 1128 1611 1173 scafaldo
1634 1145 1707 1173 seu
1731 1129 1936 1184 ambone,

288 1229 433 1257 coram
458 1212 599 1265 nobis,
635 1211 864 1269 judicibus,
900 1225 940 1256 et
978 1212 1084 1265 aliis,
1117 1224 1158 1255 et
1185 1222 1363 1256 coram4
1397 1212 1576 1270 populo,
1622 1212 1797 1270 quando
1839 1212 1938 1257 fecit

292 1297 628 1353 abjurationem,
668 1295 786 1355 quod
828 1294 1036 1339 mendose
1074 1296 1163 1353 ipsa
1199 1311 1242 1339 se
1279 1297 1503 1353 jactaverat
1536 1295 1655 1354 quod
1693 1295 1775 1340 illae
1813 1312 1938 1340 voces

295 1393 414 1425 erant
448 1393 607 1424 sanctae
639 1379 873 1423 Katharina
909 1393 950 1423 et
998 1380 1250 1437 Margareta.
1295 1379 1534 1437 Respondit
1572 1378 1690 1438 quod
1727 1381 1814 1438 ipsa
1848 1396 1936 1424 non

296 1463 560 1522 intelligebat
586 1465 643 1507 sic
668 1463 800 1507 facere
828 1462 893 1507 vel
919 1462 1073 1507 dicere.

360 1550 467 1591 Item
495 1546 600 1590 dixit
625 1546 743 1606 quod
770 1548 857 1605 ipsa
886 1562 972 1590 non
999 1546 1105 1590 dixit
1128 1546 1194 1590 vel
1214 1546 1425 1590 intellexit
1452 1546 1569 1605 quod
1600 1560 1816 1592 revocaret
1843 1563 1938 1591 suas

297 1632 602 1690 apparitiones,
630 1630 825 1674 videlicet
852 1630 969 1689 quod
997 1643 1136 1674 essent
1163 1643 1319 1674 sanctae
1345 1630 1578 1674 Katharina
1606 1643 1646 1674 et
1671 1632 1935 1689 Margareta3

299 1728 341 1759 et
365 1727 509 1758 totum
533 1714 613 1758 hoc
638 1713 754 1772 quod
783 1713 896 1768 fecit,
924 1715 1011 1772 ipsa
1035 1713 1132 1757 fecit
1156 1729 1242 1771 prae
1262 1715 1419 1757 timore
1450 1715 1576 1772 ignis,
1606 1727 1647 1758 et
1684 1713 1794 1758 nihil
1821 1730 1942 1758 revo—

298 1800 408 1842 cavit
435 1799 542 1856 quin
568 1798 649 1841 hoc
673 1799 726 1841 sit
750 1810 898 1841 contra
920 1798 1158 1840 veritatem.
1182 1797 1307 1850 Item,
1337 1796 1443 1840 dixit
1464 1796 1583 1855 quod
1604 1799 1692 1855 ipsa
1713 1796 1942 1855 praediligit

354 1978 462 2025 Item,
480 1977 557 2015 dist
579 1989 656 2029 que
678 1990 737 2014 ses
757 1976 850 2014 voix
868 1975 935 2028 luy
957 1985 1028 2014 ont
1044 1975 1098 2014 dit
1120 1975 1261 2028 depuis
1283 1988 1359 2028 que
1382 1975 1487 2014 avoit
1511 1974 1580 2014 fait
1595 1975 1743 2028 grande
1764 1988 1944 2014 mauves-

297 2050 350 2087 tie
373 2048 419 2087 de
445 2061 487 2087 ce
509 2047 652 2101 qu’elle
677 2049 783 2086 avoit
806 2047 890 2095 fait,
923 2047 970 2086 de
995 2046 1195 2086 confesser
1216 2046 1358 2100 qu‘elle
1384 2046 1511 2085 n’eust
1532 2046 1624 2086 bien
1647 2046 1726 2086 fait.

352 2121 459 2166 Item,
480 2119 535 2157 dit
562 2132 653 2172 que,
680 2119 728 2158 de
750 2132 872 2171 paour
896 2118 948 2156 du
973 2117 1052 2165 feu,
1077 2118 1152 2157 elle
1174 2132 1193 2156 a
1216 2118 1271 2156 dit
1293 2132 1336 2157 ce
1358 2117 1501 2171 qu'elle
1527 2132 1546 2156 a
1577 2118 1647 2157 dit.

354 2192 606 2243 Interroguee
646 2190 755 2229 s’elle
799 2190 918 2229 croist
955 2203 1031 2243 que
1077 2202 1139 2228 ses
1172 2190 1264 2228 voix
1294 2190 1423 2228 soient
1454 2191 1601 2228 saincte
1633 2191 1872 2242 Marguerite
1905 2200 1945 2229 et

299 2263 447 2301 saincte
469 2262 682 2300 Katherine
707 2276 714 2299 2
740 2261 913 2314 respond
935 2274 1011 2314 que
1033 2260 1134 2308 ouil,
1159 2269 1196 2299 et
1215 2261 1263 2299 de
1287 2262 1402 2300 Dieu.

353 2334 609 2385 interroguee
635 2333 682 2371 de
715 2332 749 2371 la
777 2346 1000 2381 couronne,
1029 2332 1199 2385 respond
1226 2347 1234 2370 :
1261 2350 1277 2367 «
1319 2333 1375 2371 De
1401 2342 1487 2371 tout
1509 2333 1543 2383 je
1570 2345 1670 2371 vous
1694 2346 1742 2370 cn
1765 2346 1812 2385 ay
1834 2332 1889 2371 dit
1910 2332 1945 2371 la

297 2405 419 2443 verite
439 2417 487 2442 eu
514 2405 669 2457 proces,
698 2403 733 2442 le
755 2403 901 2442 mieulx
927 2417 1004 2457 que
1023 2403 1100 2456 j’ay
1121 2417 1228 2442 sceu.
1254 2420 1271 2439 »

350 2477 395 2513 Et
417 2485 540 2528 quant
559 2476 604 2514 ad
628 2489 671 2514 ce
700 2475 767 2528 qui
800 2474 868 2527 luy
899 2474 957 2513 fut
982 2474 1037 2513 dit
1064 2488 1141 2527 que
1178 2488 1227 2513 en
1252 2473 1519 2513 l'escharfault
1540 2475 1648 2513 avoit
1671 2475 1724 2513 dit
1754 2488 1946 2513 manson-

295 2557 559 2599 gneuseinent
579 2545 654 2585 elle
677 2547 828 2585 s‘estoit
850 2547 990 2584 vantee
1012 2559 1087 2599 que
1116 2546 1325 2584 e‘estoient
1356 2547 1525 2585 sainctes
1553 2546 1765 2584 Katherine
1787 2556 1824 2596 et
1850 2547 1949 2584 Mar-

296 2619 448 2670 guerite
468 2632 475 2655 :
502 2618 675 2670 respond
696 2617 842 2671 qu’elle
868 2631 916 2655 ne
942 2617 1179 2656 l'entendoit
1203 2618 1316 2670 point
1333 2617 1432 2656 ainsi
1457 2616 1551 2656 faire
1573 2631 1626 2655 ou
1649 2617 1747 2656 dire.

350 2689 457 2733 Item,
489 2688 545 2726 dit
579 2687 722 2740 qu‘elle
752 2687 814 2726 n‘a
849 2688 964 2740 point
999 2687 1054 2725 dit
1079 2700 1131 2725 ou
1164 2687 1340 2726 entendu
1367 2689 1564 2741 revoquer
1586 2701 1645 2726 ses
1671 2675 1940 2740 apparicions‘,

297 2760 391 2797 c'est
416 2760 590 2797 ass-avoir
609 2773 684 2812 que
705 2773 748 2798 ce
772 2758 925 2797 fussent
950 2760 1120 2797 sainctes
1140 2759 1380 2811 Marguerite
1401 2768 1439 2797 et
1464 2759 1706 2805 Katherine3
1730 2768 1768 2798 et
1792 2768 1879 2797 tout
1906 2772 1950 2798 ce

296 2830 437 2883 qu'elle
459 2844 479 2868 a
501 2829 584 2877 fait,
610 2831 704 2869 c'est
724 2831 771 2869 de
796 2844 922 2883 paour
943 2830 996 2868 du
1022 2829 1099 2877 feu,
1125 2839 1162 2868 et
1197 2830 1256 2868 n'a
1294 2831 1377 2869 rien
1403 2831 1577 2883 re'voque
1609 2843 1685 2883 que
1716 2844 1759 2869 ce
1796 2844 1844 2869 ne
1872 2831 1949 2869 soit

297 2911 433 2940 contre
455 2901 491 2939 la
519 2902 657 2940 verite.

351 3084 378 3106 1.
401 3073 431 3106 Α
457 3082 555 3107 omet
582 3074 685 3107 vohis.
716 3066 756 3097 ss
786 3084 816 3107 2.
847 3073 876 3107 C
900 3073 1032 3107 :eidem
1058 3073 1226 3117 Johanme.
1256 3094 1298 3098 —
1321 3084 1351 3119 3.
1383 3074 1413 3108 A
1437 3086 1447 3108 .·
1467 3073 1591 3108 dicerat
1619 3074 1715 3118 (sic).
1752 3076 1859 3116 —'4.
1884 3073 1915 3108 C
1940 3092 1950 3113 ,-

302 3131 429 3176 qnando
445 3132 534 3177 (xlc).
1680 3136 1684 3139 ι
