2099 3356
325 212 376 255 52
602 200 760 244 pnoeizs
791 216 848 244 DE
881 214 1235 245 CONDAMNArioN
1270 214 1325 243 DE
1356 214 1523 256 JEANNE
1556 200 1682 245 D'ARC

318 325 448 357 tatem
491 312 541 358 de
579 313 643 358 his
677 330 774 373 quae
809 326 995 372 tangunt
1020 329 1283 372 processum,
1319 326 1359 356 et
1393 329 1481 357 non
1517 312 1568 358 de
1607 313 1812 358 omnibus
1860 331 1958 373 quae

315 397 456 441 sciret.

370 481 532 523 Iterum
556 496 649 524 eam
684 481 991 539 requisivimus
1028 479 1163 538 quod,
1190 478 1241 523 de
1269 478 1475 523 omnibus
1503 496 1599 539 quae
1625 492 1872 538 peterentur
1906 481 1958 526 ab

312 579 374 617 ea,
397 565 554 621 juraret
585 563 721 608 dicere
755 565 995 607 veritatem.
1038 565 1089 607 Et
1113 562 1332 621 respondit
1359 575 1407 606 ut
1434 564 1565 620 prius,
1590 562 1767 608 dicens:
1815 583 1834 605 «
1867 564 1958 608 Vos

314 645 477 691 debetis
490 663 577 690 esse
598 648 808 700 contenti,
840 662 920 705 ego
943 648 1041 691 satis
1065 647 1214 704 juravi.
1243 663 1262 686 »

373 730 502 773 Tunc
530 739 559 784 ¹,
584 747 634 774 ex
666 730 939 775 ordinatione
967 743 1128 784 nostra,
1154 731 1354 788 magister
1379 729 1598 786 Johannes
1628 730 1954 795 Pulchripaffls,

316 815 510 871 superius
539 815 807 868 nominatus,
834 815 992 872 incepit
1020 830 1115 858 eam
1137 815 1411 872 interrogare.
1433 813 1484 857 Et
1508 815 1648 871 primo
1678 813 1729 857 ab
1757 830 1803 858 ea
1833 816 1956 873 petiit

316 897 513 955 qualiter,
545 910 641 956 post
668 897 783 942 diem
811 897 971 942 sabbati
1000 898 1232 941 novissime
1256 897 1439 956 lapsum,
1467 913 1509 941 se
1532 896 1751 942 habuerat.
1772 898 1831 942 >Et
1850 900 1955 957 ipsa,

318 980 560 1039 respondit:
589 982 719 1026 «Vos
764 981 871 1026 bene
904 980 1056 1025 videtis
1096 981 1276 1040 qualiter
1306 997 1374 1025 me
1409 980 1553 1026 habui.
1595 981 1685 1039 Ego
1707 997 1776 1026 nie
1827 982 1956 1028 habui

315 1078 529 1123 quantum
554 1065 709 1110 melius
732 1067 869 1125 potui.
893 1083 912 1106 »

371 1149 632 1206 Interrogata
668 1165 722 1193 an
759 1151 967 1207 jejunaret
1001 1149 1194 1208 quolibet
1229 1149 1296 1193 die
1324 1148 1659 1207 quadragesimae
1688 1163 1695 1192 :
1734 1150 1956 1208 respondit

311 1231 572 1290 quaerendo:
598 1248 618 1272 «
648 1234 719 1276 An
742 1233 824 1277 hoc
846 1235 899 1277 sit
918 1233 968 1277 de
993 1248 1189 1291 processu
1210 1233 1388 1276 vestro?
1417 1249 1436 1272 »
1465 1233 1530 1286 Et,
1560 1248 1658 1276 cum
1687 1232 1765 1277 sibi
1799 1233 1955 1278 dicere-

311 1328 381 1359 tur
408 1316 525 1375 quod
564 1317 645 1361 hoc
669 1316 848 1361 faciebat
871 1316 921 1360 ad
950 1332 1223 1374 processum:
1271 1315 1492 1374 respondit
1522 1333 1530 1359 ς
1567 1334 1586 1355 «
1615 1317 1692 1371 Ita,
1721 1318 1952 1372 veraciter;

313 1414 393 1457 ego
420 1416 589 1459 semper
610 1402 795 1458 jejunavi
822 1416 895 1458 per
918 1400 1025 1443 hanc
1046 1399 1431 1458 quadragesimam.
1452 1420 1469 1437 »

374 1483 635 1541 Interrogata
663 1500 732 1538 an,
757 1496 852 1543 post
872 1483 985 1527 diem
1008 1482 1185 1535 sabbati,
1225 1482 1413 1526 audierat
1441 1499 1592 1527 vocem
1633 1499 1730 1542 qua:
1752 1484 1868 1527 venit
1901 1482 1952 1528 ad

313 1582 432 1610 eam:
462 1567 680 1625 respondit
706 1586 713 1611 :
742 1584 761 1606 «
784 1569 859 1621 Ita,
885 1569 1105 1621 veraciter,
1137 1567 1392 1611 multotiens
1411 1565 1570 1610 audivi.
1595 1583 1615 1607 ³>

374 1651 638 1709 Interrogata
675 1668 726 1695 an
765 1651 833 1695 die
870 1651 1029 1695 sabbati
1056 1652 1187 1709 ipsam
1222 1650 1444 1695 audiverat
1478 1652 1520 1694 in
1543 1650 1612 1694 illa
1640 1650 1749 1704 aula,
1778 1652 1821 1694 in
1867 1666 1951 1708 qua

311 1733 652 1790 interrogabatur
680 1748 687 1778 :
720 1734 939 1793 respondit
968 1751 975 1777 :
1014 1753 1033 1775 α
1062 1735 1155 1777 Hoc
1175 1750 1262 1778 non
1286 1747 1346 1778 est
1373 1732 1424 1777 de
1452 1749 1648 1792 processu
1674 1747 1829 1778 vestro.
1855 1753 1875 1776 »
1900 1734 1949 1777 Et

308 1830 450 1875 postea
477 1817 583 1862 dixit
601 1817 718 1877 quod
741 1820 875 1877 ipsam
901 1818 955 1861 ibi
982 1817 1213 1862 audiverat.

363 1902 625 1960 Interrogata
641 1901 744 1961 quid
762 1902 830 1945 illa
858 1918 939 1946 vox
959 1901 1064 1945 dixit
1091 1901 1169 1945 sibi
1189 1903 1230 1945 in
1248 1901 1316 1945 die
1337 1901 1495 1945 sabbati
1518 1916 1525 1944 :
1552 1900 1770 1960 respondit
1790 1915 1797 1941 :
1819 1918 1839 1941 «
1859 1902 1949 1959 Ego

307 2000 393 2028 non
417 1985 524 2029 bene
549 1985 837 2043 intelligebam
862 1986 997 2044 ipsam
1023 2000 1190 2039 vocem,
1219 2001 1294 2029 nec
1326 1984 1615 2043 intelligebam
1637 1984 1799 2044 aliquid
1827 1983 1945 2043 quod

305 2084 472 2126 possem
501 2068 622 2113 vobis
647 2070 833 2122 recitare,
864 2085 1092 2128 quousque
1115 2084 1297 2124 regressa
1319 2068 1378 2112 fui
1409 2068 1458 2112 ad
1487 2084 1698 2112 cameram
1734 2083 1892 2112 meam.
1920 2084 1939 2107 »

366 2157 625 2216 Interrogata
649 2157 754 2217 quid
782 2174 865 2202 vox
906 2157 1011 2201 dixit
1043 2157 1121 2201 sibi
1161 2159 1201 2201 in
1236 2173 1401 2201 camera
1425 2159 1530 2215 ejus,
1556 2156 1731 2215 quando
1759 2172 1943 2215 regressa

305 2240 385 2285 fuit
409 2254 416 2281 :
447 2241 667 2299 respondit
696 2259 703 2285 :
736 2259 755 2282 «
788 2243 880 2299 Ipsa
901 2241 1006 2286 dixit
1043 2241 1149 2285 mihi
1178 2241 1295 2300 quod
1316 2241 1438 2285 vobis
1466 2240 1768 2299 responderem
1793 2240 1941 2284 audac-

306 2338 381 2368 ter.
410 2342 428 2364 »
453 2325 503 2368 Et
530 2324 637 2368 dixit
661 2324 779 2383 quod
806 2324 975 2382 petebat
1002 2325 1230 2368 consilium
1254 2324 1304 2368 ab
1328 2324 1398 2368 illa
1419 2340 1538 2374 voce,
1559 2323 1689 2368 dehis
1713 2323 1810 2381 quae
1830 2336 1942 2382 pete-

305 2406 459 2451 bantur
485 2408 535 2452 ab
560 2424 620 2452 ea.
649 2409 769 2452 Dixit
790 2408 966 2453 ulterius
998 2407 1116 2466 quod
1150 2407 1258 2451 dicet
1286 2407 1470 2451 libenter
1494 2406 1598 2451 illud
1626 2406 1678 2451 de
1708 2423 1795 2466 quo
1823 2422 1943 2450 reve-

302 2490 431 2536 lando
454 2485 624 2536 habebit
646 2492 859 2536 licentiam
888 2509 909 2536 a
938 2492 1159 2545 Domin03
1187 2491 1275 2545 sed,
1301 2490 1352 2535 de
1379 2491 1459 2535 hoc
1481 2490 1598 2550 quod
1626 2492 1761 2549 tangit
1788 2490 1944 2534 revela—

301 2575 440 2618 tiones
468 2587 690 2632 tangentes
715 2591 856 2633 regem
879 2576 1078 2629 Franciae‚
1123 2576 1211 2633 ipsa
1254 2590 1342 2618 non
1377 2574 1488 2618 dicet
1511 2575 1602 2618 sine
1638 2575 1806 2618 licentia
1827 2574 1944 2617 vocis

302 2673 403 2702 suae.

356 2741 619 2800 Interrogata
651 2756 704 2785 an
743 2757 827 2786 vox
863 2741 1084 2800 prohibuit
1114 2741 1193 2786 sibi
1231 2759 1283 2786 ne
1325 2740 1482 2787 diceret
1509 2754 1685 2786 totum:
1719 2740 1939 2800 respondit

303 2823 420 2882 quod
448 2824 530 2868 hoc
558 2841 646 2869 non
669 2825 776 2869 bene
804 2825 1027 2869 intellexit.

1760 3062 1787 3072 ‘-

354 3109 381 3131 1.
411 3098 505 3132 ΑΒΕ
526 3110 568 3132 en
588 3110 730 3144 niarge:
760 3098 924 3144 *Magister
939 3098 1099 3141 johannes
1122 3097 1367 3143 Pulsln·z'p<1trt‘s
1387 3098 1505 3143 insipit
1516 3097 1734 3142 interrogare.
