<?xml version="1.0" encoding="UTF-8"?>
<!DOCTYPE html PUBLIC "-//W3C//DTD XHTML 1.0 Transitional//EN"
    "http://www.w3.org/TR/xhtml1/DTD/xhtml1-transitional.dtd">
<html xmlns="http://www.w3.org/1999/xhtml" xml:lang="en" lang="en">
 <head>
  <title>
</title>
<meta http-equiv="Content-Type" content="text/html;charset=utf-8" />
  <meta name='ocr-system' content='tesseract 3.04.00' />
  <meta name='ocr-capabilities' content='ocr_page ocr_carea ocr_par ocr_line ocrx_word'/>
</head>
<body>
  <div class='ocr_page' id='page_1' title='image "./procsdecondamn01cham/procsdecondamn01cham_0194.png"; bbox 0 0 2099 3356; ppageno 0'>
   <div class='ocr_carea' id='block_1_1' title="bbox 357 171 1720 232">
    <p class='ocr_par' dir='ltr' id='par_1_1' title="bbox 357 171 1720 232">
     <span class='ocr_line' id='line_1_1' title="bbox 357 171 1720 232; baseline -0.003 -13"><span class='ocrx_word' id='word_1_1' title='bbox 357 190 436 232; x_wconf 80' lang='lat'>144</span> <span class='ocrx_word' id='word_1_2' title='bbox 619 175 777 218; x_wconf 73' lang='lat' dir='ltr'>PRoci-:s</span> <span class='ocrx_word' id='word_1_3' title='bbox 816 188 872 217; x_wconf 80' lang='lat' dir='ltr'>DE</span> <span class='ocrx_word' id='word_1_4' title='bbox 909 186 1259 217; x_wconf 84' lang='lat' dir='ltr'>CONDAMNATlON</span> <span class='ocrx_word' id='word_1_5' title='bbox 1305 187 1362 216; x_wconf 85' lang='lat' dir='ltr'>DE</span> <span class='ocrx_word' id='word_1_6' title='bbox 1392 186 1559 228; x_wconf 80' lang='lat' dir='ltr'>JEANNE</span> <span class='ocrx_word' id='word_1_7' title='bbox 1591 171 1720 216; x_wconf 81' lang='lat' dir='ltr'><strong>D’ARC</strong></span> 
     </span>
    </p>
   </div>
   <div class='ocr_carea' id='block_1_2' title="bbox 349 285 1987 346">
    <p class='ocr_par' dir='ltr' id='par_1_2' title="bbox 349 285 1987 346">
     <span class='ocr_line' id='line_1_2' title="bbox 349 285 1987 346; baseline -0.003 -14"><span class='ocrx_word' id='word_1_8' title='bbox 349 286 552 346; x_wconf 90' lang='lat' dir='ltr'>ponendo</span> <span class='ocrx_word' id='word_1_9' title='bbox 579 302 674 331; x_wconf 88' lang='lat' dir='ltr'>eam</span> <span class='ocrx_word' id='word_1_10' title='bbox 698 288 754 331; x_wconf 85' lang='lat' dir='ltr'>ita</span> <span class='ocrx_word' id='word_1_11' title='bbox 796 286 929 340; x_wconf 90' lang='lat' dir='ltr'>basse,</span> <span class='ocrx_word' id='word_1_12' title='bbox 962 287 1068 345; x_wconf 90' lang='lat' dir='ltr'>quin</span> <span class='ocrx_word' id='word_1_13' title='bbox 1097 285 1248 330; x_wconf 81' lang='lat' dir='ltr'>habeat</span> <span class='ocrx_word' id='word_1_14' title='bbox 1293 285 1400 330; x_wconf 87' lang='lat' dir='ltr'>bene</span> <span class='ocrx_word' id='word_1_15' title='bbox 1434 287 1518 329; x_wconf 89' lang='lat' dir='ltr'>cito</span> <span class='ocrx_word' id='word_1_16' title='bbox 1548 300 1798 329; x_wconf 85' lang='lat' dir='ltr'>succursum</span> <span class='ocrx_word' id='word_1_17' title='bbox 1836 296 1878 327; x_wconf 91' lang='lat' dir='ltr'>et</span> <span class='ocrx_word' id='word_1_18' title='bbox 1913 298 1987 342; x_wconf 87' lang='lat' dir='ltr'>per</span> 
     </span>
    </p>
   </div>
   <div class='ocr_carea' id='block_1_3' title="bbox 345 371 2042 1592">
    <p class='ocr_par' dir='ltr' id='par_1_3' title="bbox 350 371 624 415">
     <span class='ocr_line' id='line_1_3' title="bbox 350 371 624 415; baseline -0.004 -1"><span class='ocrx_word' id='word_1_19' title='bbox 350 371 624 415; x_wconf 82' lang='lat' dir='ltr'>miraculum.</span> 
     </span>
    </p>

    <p class='ocr_par' dir='ltr' id='par_1_4' title="bbox 345 442 1986 675">
     <span class='ocr_line' id='line_1_4' title="bbox 405 442 1986 511; baseline -0.003 -14"><span class='ocrx_word' id='word_1_20' title='bbox 405 455 685 511; x_wconf 82' lang='lat' dir='ltr'>Interrogata,</span> <span class='ocrx_word' id='word_1_21' title='bbox 716 465 889 511; x_wconf 86' lang='lat' dir='ltr'>propter</span> <span class='ocrx_word' id='word_1_22' title='bbox 908 453 989 497; x_wconf 90' lang='lat' dir='ltr'>hoc</span> <span class='ocrx_word' id='word_1_23' title='bbox 1009 452 1126 511; x_wconf 89' lang='lat' dir='ltr'>quod</span> <span class='ocrx_word' id='word_1_24' title='bbox 1151 452 1253 496; x_wconf 90' lang='lat' dir='ltr'>dicit</span> <span class='ocrx_word' id='word_1_25' title='bbox 1274 451 1392 511; x_wconf 91' lang='lat' dir='ltr'>quod</span> <span class='ocrx_word' id='word_1_26' title='bbox 1421 464 1560 511; x_wconf 86' lang='lat' dir='ltr'>portat</span> <span class='ocrx_word' id='word_1_27' title='bbox 1587 450 1780 495; x_wconf 87' lang='lat' dir='ltr'>habitum</span> <span class='ocrx_word' id='word_1_28' title='bbox 1805 467 1854 494; x_wconf 86' lang='lat' dir='ltr'>ex</span> <span class='ocrx_word' id='word_1_29' title='bbox 1881 442 1986 508; x_wconf 39' lang='lat' dir='ltr'>prae-⁸</span> 
     </span>
     <span class='ocr_line' id='line_1_5' title="bbox 345 534 1986 595; baseline -0.003 -14"><span class='ocrx_word' id='word_1_30' title='bbox 345 550 468 595; x_wconf 91' lang='lat' dir='ltr'>cepto</span> <span class='ocrx_word' id='word_1_31' title='bbox 494 538 593 591; x_wconf 90' lang='lat' dir='ltr'>Dei,</span> <span class='ocrx_word' id='word_1_32' title='bbox 623 552 754 595; x_wconf 89' lang='lat' dir='ltr'>quare</span> <span class='ocrx_word' id='word_1_33' title='bbox 781 538 868 594; x_wconf 91' lang='lat' dir='ltr'>ipsa</span> <span class='ocrx_word' id='word_1_34' title='bbox 896 538 999 594; x_wconf 88' lang='lat' dir='ltr'>petit</span> <span class='ocrx_word' id='word_1_35' title='bbox 1025 537 1243 580; x_wconf 87' lang='lat' dir='ltr'>camisiam</span> <span class='ocrx_word' id='word_1_36' title='bbox 1270 545 1278 561; x_wconf 91' lang='lat'>¹</span> <span class='ocrx_word' id='word_1_37' title='bbox 1307 535 1564 580; x_wconf 86' lang='lat' dir='ltr'>muliebrem</span> <span class='ocrx_word' id='word_1_38' title='bbox 1583 536 1627 578; x_wconf 88' lang='lat' dir='ltr'>in</span> <span class='ocrx_word' id='word_1_39' title='bbox 1654 534 1834 579; x_wconf 87' lang='lat' dir='ltr'>articulo</span> <span class='ocrx_word' id='word_1_40' title='bbox 1865 549 1986 577; x_wconf 91' lang='lat' dir='ltr'>mor-</span> 
     </span>
     <span class='ocr_line' id='line_1_6' title="bbox 346 615 1498 675; baseline -0.002 -13"><span class='ocrx_word' id='word_1_41' title='bbox 346 620 398 662; x_wconf 87' lang='lat' dir='ltr'>tis</span> <span class='ocrx_word' id='word_1_42' title='bbox 422 635 429 661; x_wconf 89' lang='lat'>:</span> <span class='ocrx_word' id='word_1_43' title='bbox 458 616 702 675; x_wconf 83' lang='lat' dir='ltr'>respondit:</span> <span class='ocrx_word' id='word_1_44' title='bbox 733 616 935 661; x_wconf 84' lang='lat' dir='ltr'>«Sufficit</span> <span class='ocrx_word' id='word_1_45' title='bbox 957 616 1065 660; x_wconf 89' lang='lat' dir='ltr'>mihi</span> <span class='ocrx_word' id='word_1_46' title='bbox 1087 615 1206 675; x_wconf 92' lang='lat' dir='ltr'>quod</span> <span class='ocrx_word' id='word_1_47' title='bbox 1226 618 1278 660; x_wconf 88' lang='lat' dir='ltr'>sit</span> <span class='ocrx_word' id='word_1_48' title='bbox 1305 616 1447 674; x_wconf 87' lang='lat' dir='ltr'>longa.</span> <span class='ocrx_word' id='word_1_49' title='bbox 1477 633 1498 656; x_wconf 86' lang='lat'>»</span> 
     </span>
    </p>

    <p class='ocr_par' dir='ltr' id='par_1_5' title="bbox 345 698 1985 926">
     <span class='ocr_line' id='line_1_7' title="bbox 404 698 1984 759; baseline -0.002 -14"><span class='ocrx_word' id='word_1_50' title='bbox 404 703 665 759; x_wconf 84' lang='lat' dir='ltr'>Interrogata</span> <span class='ocrx_word' id='word_1_51' title='bbox 693 713 843 745; x_wconf 90' lang='lat' dir='ltr'>utrum</span> <span class='ocrx_word' id='word_1_52' title='bbox 882 701 1062 744; x_wconf 86' lang='lat' dir='ltr'>matrina</span> <span class='ocrx_word' id='word_1_53' title='bbox 1088 716 1163 744; x_wconf 85' lang='lat' dir='ltr'>sua</span> <span class='ocrx_word' id='word_1_54' title='bbox 1190 717 1285 758; x_wconf 79' lang='lat' dir='ltr'>quae</span> <span class='ocrx_word' id='word_1_55' title='bbox 1313 698 1420 744; x_wconf 84' lang='lat' dir='ltr'>vidit</span> <span class='ocrx_word' id='word_1_56' title='bbox 1449 699 1607 743; x_wconf 81' lang='lat' dir='ltr'>Fatales</span> <span class='ocrx_word' id='word_1_57' title='bbox 1637 699 1864 753; x_wconf 89' lang='lat' dir='ltr'>Dominas,</span> <span class='ocrx_word' id='word_1_58' title='bbox 1898 698 1984 756; x_wconf 85' lang='lat' dir='ltr'>gal-</span> 
     </span>
     <span class='ocr_line' id='line_1_8' title="bbox 345 782 1985 842; baseline -0.002 -13"><span class='ocrx_word' id='word_1_59' title='bbox 345 785 421 829; x_wconf 87' lang='lat' dir='ltr'>lice</span> <span class='ocrx_word' id='word_1_60' title='bbox 464 786 514 829; x_wconf 82' lang='lat' dir='ltr'>les</span> <span class='ocrx_word' id='word_1_61' title='bbox 545 785 669 842; x_wconf 85' lang='lat' dir='ltr'>sae&#39;es,</span> <span class='ocrx_word' id='word_1_62' title='bbox 702 796 922 842; x_wconf 88' lang='lat' dir='ltr'>reputetur</span> <span class='ocrx_word' id='word_1_63' title='bbox 944 785 1110 842; x_wconf 88' lang='lat' dir='ltr'>sapiens</span> <span class='ocrx_word' id='word_1_64' title='bbox 1141 783 1322 828; x_wconf 89' lang='lat' dir='ltr'>mulier:</span> <span class='ocrx_word' id='word_1_65' title='bbox 1353 782 1575 840; x_wconf 87' lang='lat' dir='ltr'>respondit</span> <span class='ocrx_word' id='word_1_66' title='bbox 1600 782 1716 841; x_wconf 89' lang='lat' dir='ltr'>quod</span> <span class='ocrx_word' id='word_1_67' title='bbox 1745 784 1834 840; x_wconf 86' lang='lat' dir='ltr'>ipsa</span> <span class='ocrx_word' id='word_1_68' title='bbox 1869 794 1985 826; x_wconf 88' lang='lat' dir='ltr'>tene-</span> 
     </span>
     <span class='ocr_line' id='line_1_9' title="bbox 347 866 1802 926; baseline -0.002 -14"><span class='ocrx_word' id='word_1_69' title='bbox 347 882 416 912; x_wconf 89' lang='lat' dir='ltr'>tur</span> <span class='ocrx_word' id='word_1_70' title='bbox 444 881 485 912; x_wconf 89' lang='lat' dir='ltr'>et</span> <span class='ocrx_word' id='word_1_71' title='bbox 511 881 731 926; x_wconf 89' lang='lat' dir='ltr'>reputatur</span> <span class='ocrx_word' id='word_1_72' title='bbox 751 883 838 911; x_wconf 86' lang='lat' dir='ltr'>una</span> <span class='ocrx_word' id='word_1_73' title='bbox 856 867 988 925; x_wconf 90' lang='lat' dir='ltr'>proba</span> <span class='ocrx_word' id='word_1_74' title='bbox 1016 868 1188 921; x_wconf 89' lang='lat' dir='ltr'>mulier,</span> <span class='ocrx_word' id='word_1_75' title='bbox 1218 883 1305 911; x_wconf 87' lang='lat' dir='ltr'>non</span> <span class='ocrx_word' id='word_1_76' title='bbox 1330 867 1476 910; x_wconf 82' lang='lat' dir='ltr'>divina</span> <span class='ocrx_word' id='word_1_77' title='bbox 1503 866 1569 910; x_wconf 88' lang='lat' dir='ltr'>vel</span> <span class='ocrx_word' id='word_1_78' title='bbox 1590 866 1802 924; x_wconf 84' lang='lat' dir='ltr'>sortilega.</span> 
     </span>
    </p>

    <p class='ocr_par' dir='ltr' id='par_1_6' title="bbox 345 948 2042 1510">
     <span class='ocr_line' id='line_1_10' title="bbox 405 948 1984 1010; baseline -0.003 -14"><span class='ocrx_word' id='word_1_79' title='bbox 405 953 682 1009; x_wconf 84' lang='lat' dir='ltr'>Interrogata,</span> <span class='ocrx_word' id='word_1_80' title='bbox 704 963 875 1010; x_wconf 86' lang='lat' dir='ltr'>propter</span> <span class='ocrx_word' id='word_1_81' title='bbox 898 951 979 995; x_wconf 90' lang='lat' dir='ltr'>hoc</span> <span class='ocrx_word' id='word_1_82' title='bbox 1015 950 1132 1010; x_wconf 87' lang='lat' dir='ltr'>quod</span> <span class='ocrx_word' id='word_1_83' title='bbox 1160 952 1247 1009; x_wconf 89' lang='lat' dir='ltr'>ipsa</span> <span class='ocrx_word' id='word_1_84' title='bbox 1274 949 1380 994; x_wconf 87' lang='lat' dir='ltr'>dixit</span> <span class='ocrx_word' id='word_1_85' title='bbox 1404 949 1522 1009; x_wconf 91' lang='lat' dir='ltr'>quod</span> <span class='ocrx_word' id='word_1_86' title='bbox 1549 951 1754 1008; x_wconf 87' lang='lat' dir='ltr'>acciperet</span> <span class='ocrx_word' id='word_1_87' title='bbox 1789 948 1984 992; x_wconf 89' lang='lat' dir='ltr'>habitum</span> 
     </span>
     <span class='ocr_line' id='line_1_11' title="bbox 350 1033 1985 1092; baseline -0.002 -14"><span class='ocrx_word' id='word_1_88' title='bbox 350 1034 605 1079; x_wconf 84' lang='lat' dir='ltr'>muliebrem</span> <span class='ocrx_word' id='word_1_89' title='bbox 626 1035 658 1077; x_wconf 89' lang='lat' dir='ltr'>si</span> <span class='ocrx_word' id='word_1_90' title='bbox 682 1035 997 1092; x_wconf 87' lang='lat' dir='ltr'>permitteretur</span> <span class='ocrx_word' id='word_1_91' title='bbox 1016 1033 1146 1088; x_wconf 87' lang='lat' dir='ltr'>abire,</span> <span class='ocrx_word' id='word_1_92' title='bbox 1165 1046 1313 1078; x_wconf 88' lang='lat' dir='ltr'>utrum</span> <span class='ocrx_word' id='word_1_93' title='bbox 1344 1033 1424 1078; x_wconf 91' lang='lat' dir='ltr'>hoc</span> <span class='ocrx_word' id='word_1_94' title='bbox 1452 1034 1633 1092; x_wconf 82' lang='lat' dir='ltr'>placeret</span> <span class='ocrx_word' id='word_1_95' title='bbox 1655 1033 1750 1077; x_wconf 91' lang='lat' dir='ltr'>Deo</span> <span class='ocrx_word' id='word_1_96' title='bbox 1769 1050 1776 1076; x_wconf 91' lang='lat'>:</span> <span class='ocrx_word' id='word_1_97' title='bbox 1813 1047 1985 1091; x_wconf 90' lang='lat' dir='ltr'>respon-</span> 
     </span>
     <span class='ocr_line' id='line_1_12' title="bbox 346 1114 2042 1177; baseline -0.002 -16"><span class='ocrx_word' id='word_1_98' title='bbox 346 1117 407 1163; x_wconf 86' lang='lat' dir='ltr'>dit</span> <span class='ocrx_word' id='word_1_99' title='bbox 434 1118 570 1177; x_wconf 87' lang='lat' dir='ltr'>quod,</span> <span class='ocrx_word' id='word_1_100' title='bbox 597 1119 629 1161; x_wconf 90' lang='lat' dir='ltr'>si</span> <span class='ocrx_word' id='word_1_101' title='bbox 654 1116 824 1161; x_wconf 86' lang='lat' dir='ltr'>daretur</span> <span class='ocrx_word' id='word_1_102' title='bbox 858 1117 937 1161; x_wconf 86' lang='lat' dir='ltr'>sibi</span> <span class='ocrx_word' id='word_1_103' title='bbox 973 1117 1144 1161; x_wconf 86' lang='lat' dir='ltr'>licentia</span> <span class='ocrx_word' id='word_1_104' title='bbox 1170 1117 1221 1161; x_wconf 90' lang='lat' dir='ltr'>de</span> <span class='ocrx_word' id='word_1_105' title='bbox 1244 1116 1480 1161; x_wconf 84' lang='lat' dir='ltr'>recedendo</span> <span class='ocrx_word' id='word_1_106' title='bbox 1514 1118 1557 1160; x_wconf 82' lang='lat' dir='ltr'>in</span> <span class='ocrx_word' id='word_1_107' title='bbox 1589 1116 1736 1161; x_wconf 89' lang='lat' dir='ltr'>habitu</span> <span class='ocrx_word' id='word_1_108' title='bbox 1765 1114 1981 1166; x_wconf 86' lang='lat' dir='ltr'>muliebri,</span> <span class='ocrx_word' id='word_1_109' title='bbox 2039 1171 2042 1174; x_wconf 19' lang='grc' dir='ltr'>ι</span> 
     </span>
     <span class='ocr_line' id='line_1_13' title="bbox 345 1197 1983 1260; baseline -0.003 -14"><span class='ocrx_word' id='word_1_110' title='bbox 345 1204 431 1260; x_wconf 79' lang='lat' dir='ltr'>ipsa</span> <span class='ocrx_word' id='word_1_111' title='bbox 458 1203 600 1246; x_wconf 85' lang='lat' dir='ltr'>statim</span> <span class='ocrx_word' id='word_1_112' title='bbox 646 1203 846 1259; x_wconf 84' lang='lat' dir='ltr'>reciperet</span> <span class='ocrx_word' id='word_1_113' title='bbox 881 1200 1078 1244; x_wconf 87' lang='lat' dir='ltr'>habitum</span> <span class='ocrx_word' id='word_1_114' title='bbox 1101 1200 1266 1244; x_wconf 87' lang='lat' dir='ltr'>virilem</span> <span class='ocrx_word' id='word_1_115' title='bbox 1291 1213 1330 1243; x_wconf 91' lang='lat' dir='ltr'>et</span> <span class='ocrx_word' id='word_1_116' title='bbox 1359 1199 1512 1244; x_wconf 81' lang='lat' dir='ltr'>faceret</span> <span class='ocrx_word' id='word_1_117' title='bbox 1542 1199 1647 1244; x_wconf 88' lang='lat' dir='ltr'>illud</span> <span class='ocrx_word' id='word_1_118' title='bbox 1676 1198 1794 1258; x_wconf 89' lang='lat' dir='ltr'>quod</span> <span class='ocrx_word' id='word_1_119' title='bbox 1815 1211 1877 1242; x_wconf 89' lang='lat' dir='ltr'>est</span> <span class='ocrx_word' id='word_1_120' title='bbox 1903 1197 1983 1242; x_wconf 91' lang='lat' dir='ltr'>sibi</span> 
     </span>
     <span class='ocr_line' id='line_1_14' title="bbox 346 1282 1983 1343; baseline -0.001 -16"><span class='ocrx_word' id='word_1_121' title='bbox 346 1298 604 1343; x_wconf 72' lang='lat' dir='ltr'>praeceptum</span> <span class='ocrx_word' id='word_1_122' title='bbox 632 1301 653 1329; x_wconf 84' lang='lat' dir='ltr'>a</span> <span class='ocrx_word' id='word_1_123' title='bbox 681 1285 891 1328; x_wconf 89' lang='lat' dir='ltr'>Domino.</span> <span class='ocrx_word' id='word_1_124' title='bbox 916 1286 965 1327; x_wconf 86' lang='lat' dir='ltr'>Et</span> <span class='ocrx_word' id='word_1_125' title='bbox 989 1284 1068 1327; x_wconf 93' lang='lat' dir='ltr'>hoc</span> <span class='ocrx_word' id='word_1_126' title='bbox 1101 1284 1200 1327; x_wconf 79' lang='lat' dir='ltr'>alias</span> <span class='ocrx_word' id='word_1_127' title='bbox 1225 1285 1313 1342; x_wconf 87' lang='lat' dir='ltr'>ipsa</span> <span class='ocrx_word' id='word_1_128' title='bbox 1344 1283 1580 1342; x_wconf 85' lang='lat' dir='ltr'>respondit,</span> <span class='ocrx_word' id='word_1_129' title='bbox 1617 1300 1708 1337; x_wconf 89' lang='lat' dir='ltr'>nec,</span> <span class='ocrx_word' id='word_1_130' title='bbox 1739 1299 1814 1341; x_wconf 88' lang='lat' dir='ltr'>pro</span> <span class='ocrx_word' id='word_1_131' title='bbox 1842 1282 1983 1341; x_wconf 82' lang='lat' dir='ltr'>aliqua</span> 
     </span>
     <span class='ocr_line' id='line_1_15' title="bbox 345 1365 1982 1425; baseline -0.002 -13"><span class='ocrx_word' id='word_1_132' title='bbox 345 1385 401 1422; x_wconf 87' lang='lat' dir='ltr'>re,</span> <span class='ocrx_word' id='word_1_133' title='bbox 438 1368 590 1412; x_wconf 89' lang='lat' dir='ltr'>faceret</span> <span class='ocrx_word' id='word_1_134' title='bbox 618 1370 911 1425; x_wconf 79' lang='lat' dir='ltr'>juramentum</span> <span class='ocrx_word' id='word_1_135' title='bbox 936 1367 987 1411; x_wconf 95' lang='lat' dir='ltr'>de</span> <span class='ocrx_word' id='word_1_136' title='bbox 1013 1384 1101 1411; x_wconf 88' lang='lat' dir='ltr'>non</span> <span class='ocrx_word' id='word_1_137' title='bbox 1126 1367 1334 1412; x_wconf 79' lang='lat' dir='ltr'>armando</span> <span class='ocrx_word' id='word_1_138' title='bbox 1362 1384 1404 1411; x_wconf 87' lang='lat' dir='ltr'>se</span> <span class='ocrx_word' id='word_1_139' title='bbox 1432 1380 1471 1410; x_wconf 89' lang='lat' dir='ltr'>et</span> <span class='ocrx_word' id='word_1_140' title='bbox 1499 1383 1588 1412; x_wconf 86' lang='lat' dir='ltr'>non</span> <span class='ocrx_word' id='word_1_141' title='bbox 1617 1366 1829 1425; x_wconf 81' lang='lat' dir='ltr'>portando</span> <span class='ocrx_word' id='word_1_142' title='bbox 1862 1365 1982 1409; x_wconf 88' lang='lat' dir='ltr'>habi-</span> 
     </span>
     <span class='ocr_line' id='line_1_16' title="bbox 346 1450 1480 1510; baseline -0.002 -14"><span class='ocrx_word' id='word_1_143' title='bbox 346 1466 438 1496; x_wconf 87' lang='lat' dir='ltr'>tum</span> <span class='ocrx_word' id='word_1_144' title='bbox 461 1451 646 1503; x_wconf 87' lang='lat' dir='ltr'>virilem,</span> <span class='ocrx_word' id='word_1_145' title='bbox 675 1467 750 1510; x_wconf 89' lang='lat' dir='ltr'>pro</span> <span class='ocrx_word' id='word_1_146' title='bbox 775 1450 969 1495; x_wconf 82' lang='lat' dir='ltr'>faciendo</span> <span class='ocrx_word' id='word_1_147' title='bbox 997 1464 1258 1510; x_wconf 79' lang='lat' dir='ltr'>praeceptum</span> <span class='ocrx_word' id='word_1_148' title='bbox 1283 1452 1480 1495; x_wconf 89' lang='lat' dir='ltr'>Domini.</span> 
     </span>
    </p>

    <p class='ocr_par' dir='ltr' id='par_1_7' title="bbox 407 1534 1983 1592">
     <span class='ocr_line' id='line_1_17' title="bbox 407 1534 1983 1592; baseline 0 -14"><span class='ocrx_word' id='word_1_149' title='bbox 407 1537 668 1592; x_wconf 83' lang='lat' dir='ltr'>Interrogata</span> <span class='ocrx_word' id='word_1_150' title='bbox 695 1535 746 1578; x_wconf 92' lang='lat' dir='ltr'>de</span> <span class='ocrx_word' id='word_1_151' title='bbox 768 1548 888 1578; x_wconf 67' lang='lat' dir='ltr'>retate</span> <span class='ocrx_word' id='word_1_152' title='bbox 913 1548 952 1578; x_wconf 91' lang='lat' dir='ltr'>et</span> <span class='ocrx_word' id='word_1_153' title='bbox 976 1535 1243 1578; x_wconf 80' lang='lat' dir='ltr'>vestimentis</span> <span class='ocrx_word' id='word_1_154' title='bbox 1264 1548 1505 1579; x_wconf 84' lang='lat' dir='ltr'>sanctarum</span> <span class='ocrx_word' id='word_1_155' title='bbox 1531 1534 1777 1578; x_wconf 80' lang='lat' dir='ltr'>Katharinae</span> <span class='ocrx_word' id='word_1_156' title='bbox 1801 1546 1842 1578; x_wconf 91' lang='lat' dir='ltr'>et</span> <span class='ocrx_word' id='word_1_157' title='bbox 1871 1535 1983 1578; x_wconf 87' lang='lat' dir='ltr'>Mar-</span> 
     </span>
    </p>
   </div>
   <div class='ocr_carea' id='block_1_4' title="bbox 346 1617 1983 1678">
    <p class='ocr_par' dir='ltr' id='par_1_8' title="bbox 346 1617 1983 1678">
     <span class='ocr_line' id='line_1_18' title="bbox 346 1617 1983 1678; baseline -0.001 -14"><span class='ocrx_word' id='word_1_158' title='bbox 346 1633 502 1678; x_wconf 76' lang='lat' dir='ltr'>garetae</span> <span class='ocrx_word' id='word_1_159' title='bbox 533 1637 540 1662; x_wconf 80' lang='lat' dir='ltr'>z</span> <span class='ocrx_word' id='word_1_160' title='bbox 572 1618 817 1678; x_wconf 88' lang='lat' dir='ltr'>respondit:</span> <span class='ocrx_word' id='word_1_161' title='bbox 850 1638 868 1659; x_wconf 92' lang='lat'>«</span> <span class='ocrx_word' id='word_1_162' title='bbox 895 1619 983 1662; x_wconf 89' lang='lat' dir='ltr'>Vos</span> <span class='ocrx_word' id='word_1_163' title='bbox 1010 1618 1061 1662; x_wconf 86' lang='lat' dir='ltr'>de</span> <span class='ocrx_word' id='word_1_164' title='bbox 1087 1618 1167 1662; x_wconf 88' lang='lat' dir='ltr'>hoc</span> <span class='ocrx_word' id='word_1_165' title='bbox 1197 1618 1360 1662; x_wconf 88' lang='lat' dir='ltr'>habetis</span> <span class='ocrx_word' id='word_1_166' title='bbox 1385 1635 1639 1677; x_wconf 91' lang='lat' dir='ltr'>responsum</span> <span class='ocrx_word' id='word_1_167' title='bbox 1667 1618 1785 1677; x_wconf 83' lang='lat' dir='ltr'>quod</span> <span class='ocrx_word' id='word_1_168' title='bbox 1814 1617 1983 1662; x_wconf 87' lang='lat' dir='ltr'>habebi-</span> 
     </span>
    </p>
   </div>
   <div class='ocr_carea' id='block_1_5' title="bbox 337 1802 1981 2927">
    <p class='ocr_par' dir='ltr' id='par_1_9' title="bbox 344 1802 1981 1927">
     <span class='ocr_line' id='line_1_19' title="bbox 345 1802 1981 1856; baseline -0.001 -14"><span class='ocrx_word' id='word_1_169' title='bbox 345 1804 392 1842; x_wconf 82' lang='lat' dir='ltr'>dc</span> <span class='ocrx_word' id='word_1_170' title='bbox 412 1803 445 1842; x_wconf 85' lang='lat' dir='ltr'>la</span> <span class='ocrx_word' id='word_1_171' title='bbox 464 1804 625 1842; x_wconf 84' lang='lat' dir='ltr'>meictre</span> <span class='ocrx_word' id='word_1_172' title='bbox 652 1804 679 1841; x_wconf 85' lang='lat' dir='ltr'>si</span> <span class='ocrx_word' id='word_1_173' title='bbox 713 1803 794 1851; x_wconf 85' lang='lat' dir='ltr'>bas,</span> <span class='ocrx_word' id='word_1_174' title='bbox 822 1816 889 1856; x_wconf 83' lang='lat' dir='ltr'>par</span> <span class='ocrx_word' id='word_1_175' title='bbox 913 1803 1049 1850; x_wconf 80' lang='lat' dir='ltr'>chose,</span> <span class='ocrx_word' id='word_1_176' title='bbox 1083 1802 1225 1856; x_wconf 83' lang='lat' dir='ltr'>qu&#39;elle</span> <span class='ocrx_word' id='word_1_177' title='bbox 1248 1802 1342 1841; x_wconf 87' lang='lat' dir='ltr'>n’ait</span> <span class='ocrx_word' id='word_1_178' title='bbox 1367 1816 1528 1842; x_wconf 86' lang='lat' dir='ltr'>secours</span> <span class='ocrx_word' id='word_1_179' title='bbox 1551 1802 1723 1842; x_wconf 87' lang='lat' dir='ltr'>bientost</span> <span class='ocrx_word' id='word_1_180' title='bbox 1748 1803 1795 1842; x_wconf 89' lang='lat' dir='ltr'>de</span> <span class='ocrx_word' id='word_1_181' title='bbox 1822 1803 1922 1841; x_wconf 82' lang='lat' dir='ltr'>Dieu</span> <span class='ocrx_word' id='word_1_182' title='bbox 1944 1812 1981 1842; x_wconf 86' lang='lat' dir='ltr'>et</span> 
     </span>
     <span class='ocr_line' id='line_1_20' title="bbox 344 1875 604 1927; baseline 0 -14"><span class='ocrx_word' id='word_1_183' title='bbox 344 1889 412 1927; x_wconf 82' lang='lat' dir='ltr'>par</span> <span class='ocrx_word' id='word_1_184' title='bbox 433 1875 604 1914; x_wconf 84' lang='lat' dir='ltr'>miracle.</span> 
     </span>
    </p>

    <p class='ocr_par' dir='ltr' id='par_1_10' title="bbox 341 1945 1980 2143">
     <span class='ocr_line' id='line_1_21' title="bbox 397 1945 1980 2000; baseline 0 -15"><span class='ocrx_word' id='word_1_185' title='bbox 397 1949 665 1999; x_wconf 61' lang='lat' dir='ltr'>Interroguee,</span> <span class='ocrx_word' id='word_1_186' title='bbox 705 1960 806 2000; x_wconf 90' lang='lat' dir='ltr'>pour</span> <span class='ocrx_word' id='word_1_187' title='bbox 841 1960 884 1985; x_wconf 80' lang='lat' dir='ltr'>cc</span> <span class='ocrx_word' id='word_1_188' title='bbox 922 1946 1063 2000; x_wconf 83' lang='lat' dir='ltr'>qu&#39;elle</span> <span class='ocrx_word' id='word_1_189' title='bbox 1095 1947 1151 1986; x_wconf 88' lang='lat' dir='ltr'>dit</span> <span class='ocrx_word' id='word_1_190' title='bbox 1175 1946 1317 2000; x_wconf 84' lang='lat' dir='ltr'>qu’elle</span> <span class='ocrx_word' id='word_1_191' title='bbox 1349 1956 1461 2000; x_wconf 88' lang='lat' dir='ltr'>porte</span> <span class='ocrx_word' id='word_1_192' title='bbox 1490 1946 1598 1985; x_wconf 84' lang='lat' dir='ltr'>habit</span> <span class='ocrx_word' id='word_1_193' title='bbox 1634 1946 1810 1985; x_wconf 87' lang='lat' dir='ltr'>d’ommc</span> <span class='ocrx_word' id='word_1_194' title='bbox 1839 1960 1907 1999; x_wconf 85' lang='lat' dir='ltr'>par</span> <span class='ocrx_word' id='word_1_195' title='bbox 1946 1945 1980 1984; x_wconf 92' lang='lat' dir='ltr'>le</span> 
     </span>
     <span class='ocr_line' id='line_1_22' title="bbox 341 2017 1979 2071; baseline -0.001 -14"><span class='ocrx_word' id='word_1_196' title='bbox 341 2018 694 2057; x_wconf 84' lang='lat' dir='ltr'>commandement</span> <span class='ocrx_word' id='word_1_197' title='bbox 715 2019 761 2056; x_wconf 82' lang='lat' dir='ltr'>de</span> <span class='ocrx_word' id='word_1_198' title='bbox 785 2018 902 2065; x_wconf 87' lang='lat' dir='ltr'>Dieu,</span> <span class='ocrx_word' id='word_1_199' title='bbox 933 2032 1146 2071; x_wconf 83' lang='lat' dir='ltr'>pourquoy</span> <span class='ocrx_word' id='word_1_200' title='bbox 1169 2018 1244 2056; x_wconf 94' lang='lat' dir='ltr'>elle</span> <span class='ocrx_word' id='word_1_201' title='bbox 1266 2018 1460 2057; x_wconf 68' lang='lat' dir='ltr'>demando</span> <span class='ocrx_word' id='word_1_202' title='bbox 1485 2018 1660 2057; x_wconf 84' lang='lat' dir='ltr'>chemise</span> <span class='ocrx_word' id='word_1_203' title='bbox 1682 2018 1729 2057; x_wconf 93' lang='lat' dir='ltr'>de</span> <span class='ocrx_word' id='word_1_204' title='bbox 1761 2017 1907 2057; x_wconf 87' lang='lat' dir='ltr'>femme</span> <span class='ocrx_word' id='word_1_205' title='bbox 1932 2032 1979 2057; x_wconf 86' lang='lat' dir='ltr'>en</span> 
     </span>
     <span class='ocr_line' id='line_1_23' title="bbox 341 2089 1629 2143; baseline -0.001 -14"><span class='ocrx_word' id='word_1_206' title='bbox 341 2090 474 2129; x_wconf 79' lang='lat' dir='ltr'>article</span> <span class='ocrx_word' id='word_1_207' title='bbox 499 2091 545 2129; x_wconf 93' lang='lat' dir='ltr'>de</span> <span class='ocrx_word' id='word_1_208' title='bbox 567 2100 693 2129; x_wconf 83' lang='lat' dir='ltr'>mort:</span> <span class='ocrx_word' id='word_1_209' title='bbox 722 2090 910 2142; x_wconf 85' lang='lat' dir='ltr'>respond,</span> <span class='ocrx_word' id='word_1_210' title='bbox 936 2089 959 2127; x_wconf 93' lang='lat' dir='ltr'>il</span> <span class='ocrx_word' id='word_1_211' title='bbox 978 2089 1185 2142; x_wconf 87' lang='lat' dir='ltr'>luysuffist</span> <span class='ocrx_word' id='word_1_212' title='bbox 1210 2089 1352 2142; x_wconf 87' lang='lat' dir='ltr'>qu&#39;elle</span> <span class='ocrx_word' id='word_1_213' title='bbox 1374 2090 1449 2128; x_wconf 81' lang='lat' dir='ltr'>soit</span> <span class='ocrx_word' id='word_1_214' title='bbox 1468 2089 1629 2143; x_wconf 78' lang='lat' dir='ltr'>longue.</span> 
     </span>
    </p>

    <p class='ocr_par' dir='ltr' id='par_1_11' title="bbox 342 2161 1980 2357">
     <span class='ocr_line' id='line_1_24' title="bbox 397 2161 1980 2214; baseline -0.001 -14"><span class='ocrx_word' id='word_1_215' title='bbox 397 2163 651 2213; x_wconf 85' lang='lat' dir='ltr'>Interrogue&#39;e</span> <span class='ocrx_word' id='word_1_216' title='bbox 672 2174 710 2200; x_wconf 89' lang='lat' dir='ltr'>se</span> <span class='ocrx_word' id='word_1_217' title='bbox 736 2174 776 2199; x_wconf 87' lang='lat' dir='ltr'>sa</span> <span class='ocrx_word' id='word_1_218' title='bbox 798 2162 991 2199; x_wconf 85' lang='lat' dir='ltr'>marrainc</span> <span class='ocrx_word' id='word_1_219' title='bbox 1013 2162 1080 2213; x_wconf 89' lang='lat' dir='ltr'>qui</span> <span class='ocrx_word' id='word_1_220' title='bbox 1107 2174 1127 2199; x_wconf 90' lang='lat' dir='ltr'>a</span> <span class='ocrx_word' id='word_1_221' title='bbox 1149 2174 1222 2199; x_wconf 82' lang='lat' dir='ltr'>veu</span> <span class='ocrx_word' id='word_1_222' title='bbox 1246 2161 1301 2199; x_wconf 89' lang='lat' dir='ltr'>les</span> <span class='ocrx_word' id='word_1_223' title='bbox 1320 2161 1415 2210; x_wconf 72' lang='lat' dir='ltr'>sees,</span> <span class='ocrx_word' id='word_1_224' title='bbox 1441 2161 1549 2199; x_wconf 79' lang='lat' dir='ltr'>s&#39;ellc</span> <span class='ocrx_word' id='word_1_225' title='bbox 1575 2170 1631 2200; x_wconf 84' lang='lat' dir='ltr'>est</span> <span class='ocrx_word' id='word_1_226' title='bbox 1650 2163 1838 2214; x_wconf 76' lang='lat' dir='ltr'>repputee</span> <span class='ocrx_word' id='word_1_227' title='bbox 1875 2161 1980 2213; x_wconf 85' lang='lat' dir='ltr'>saige</span> 
     </span>
     <span class='ocr_line' id='line_1_25' title="bbox 342 2232 1979 2286; baseline -0.001 -14"><span class='ocrx_word' id='word_1_228' title='bbox 342 2233 489 2272; x_wconf 85' lang='lat' dir='ltr'>femme</span> <span class='ocrx_word' id='word_1_229' title='bbox 509 2247 515 2271; x_wconf 93' lang='lat'>:</span> <span class='ocrx_word' id='word_1_230' title='bbox 547 2233 718 2286; x_wconf 86' lang='lat' dir='ltr'>respond</span> <span class='ocrx_word' id='word_1_231' title='bbox 744 2232 888 2285; x_wconf 88' lang='lat' dir='ltr'>qu&#39;elle</span> <span class='ocrx_word' id='word_1_232' title='bbox 910 2242 966 2270; x_wconf 87' lang='lat' dir='ltr'>est</span> <span class='ocrx_word' id='word_1_233' title='bbox 996 2242 1116 2271; x_wconf 86' lang='lat' dir='ltr'>tenue</span> <span class='ocrx_word' id='word_1_234' title='bbox 1132 2242 1169 2271; x_wconf 88' lang='lat' dir='ltr'>et</span> <span class='ocrx_word' id='word_1_235' title='bbox 1194 2233 1354 2285; x_wconf 73' lang='lat' dir='ltr'>reputee</span> <span class='ocrx_word' id='word_1_236' title='bbox 1378 2232 1511 2271; x_wconf 77' lang='lat' dir='ltr'>bonne</span> <span class='ocrx_word' id='word_1_237' title='bbox 1534 2233 1681 2285; x_wconf 82' lang='lat' dir='ltr'>prcude</span> <span class='ocrx_word' id='word_1_238' title='bbox 1704 2232 1868 2280; x_wconf 82' lang='lat' dir='ltr'>femme,</span> <span class='ocrx_word' id='word_1_239' title='bbox 1899 2245 1979 2271; x_wconf 91' lang='lat' dir='ltr'>non</span> 
     </span>
     <span class='ocr_line' id='line_1_26' title="bbox 342 2305 865 2357; baseline -0.002 -14"><span class='ocrx_word' id='word_1_240' title='bbox 342 2318 410 2357; x_wconf 82' lang='lat' dir='ltr'>pas</span> <span class='ocrx_word' id='word_1_241' title='bbox 440 2305 580 2343; x_wconf 74' lang='lat' dir='ltr'>devine</span> <span class='ocrx_word' id='word_1_242' title='bbox 602 2318 654 2342; x_wconf 90' lang='lat' dir='ltr'>ou</span> <span class='ocrx_word' id='word_1_243' title='bbox 680 2305 865 2342; x_wconf 80' lang='lat' dir='ltr'>sorciere.</span> 
     </span>
    </p>

    <p class='ocr_par' dir='ltr' id='par_1_12' title="bbox 337 2374 1979 2784">
     <span class='ocr_line' id='line_1_27' title="bbox 396 2374 1978 2429; baseline -0.001 -15"><span class='ocrx_word' id='word_1_244' title='bbox 396 2377 665 2428; x_wconf 76' lang='lat' dir='ltr'>interrogue&#39;e,</span> <span class='ocrx_word' id='word_1_245' title='bbox 684 2389 784 2428; x_wconf 91' lang='lat' dir='ltr'>pour</span> <span class='ocrx_word' id='word_1_246' title='bbox 798 2388 840 2414; x_wconf 85' lang='lat' dir='ltr'>ce</span> <span class='ocrx_word' id='word_1_247' title='bbox 859 2374 1002 2428; x_wconf 88' lang='lat' dir='ltr'>qu&#39;elle</span> <span class='ocrx_word' id='word_1_248' title='bbox 1025 2389 1045 2413; x_wconf 87' lang='lat' dir='ltr'>a</span> <span class='ocrx_word' id='word_1_249' title='bbox 1060 2375 1116 2413; x_wconf 89' lang='lat' dir='ltr'>dit</span> <span class='ocrx_word' id='word_1_250' title='bbox 1137 2375 1281 2429; x_wconf 83' lang='lat' dir='ltr'>qu&#39;elle</span> <span class='ocrx_word' id='word_1_251' title='bbox 1300 2375 1485 2428; x_wconf 74' lang='lat' dir='ltr'>pret-,doit</span> <span class='ocrx_word' id='word_1_252' title='bbox 1504 2375 1611 2413; x_wconf 89' lang='lat' dir='ltr'>habit</span> <span class='ocrx_word' id='word_1_253' title='bbox 1627 2375 1673 2414; x_wconf 88' lang='lat' dir='ltr'>de</span> <span class='ocrx_word' id='word_1_254' title='bbox 1695 2375 1856 2423; x_wconf 86' lang='lat' dir='ltr'>femme,</span> <span class='ocrx_word' id='word_1_255' title='bbox 1881 2375 1978 2413; x_wconf 86' lang='lat' dir='ltr'>mais</span> 
     </span>
     <span class='ocr_line' id='line_1_28' title="bbox 340 2437 1979 2501; baseline -0.001 -15"><span class='ocrx_word' id='word_1_256' title='bbox 340 2462 417 2501; x_wconf 90' lang='lat' dir='ltr'>que</span> <span class='ocrx_word' id='word_1_257' title='bbox 438 2461 489 2486; x_wconf 92' lang='lat' dir='ltr'>on</span> <span class='ocrx_word' id='word_1_258' title='bbox 512 2447 546 2485; x_wconf 89' lang='lat' dir='ltr'>la</span> <span class='ocrx_word' id='word_1_259' title='bbox 569 2447 719 2485; x_wconf 83' lang='lat' dir='ltr'>laissast</span> <span class='ocrx_word' id='word_1_260' title='bbox 742 2447 836 2494; x_wconf 85' lang='lat' dir='ltr'>aler,</span> <span class='ocrx_word' id='word_1_261' title='bbox 857 2460 896 2485; x_wconf 89' lang='lat' dir='ltr'>se</span> <span class='ocrx_word' id='word_1_262' title='bbox 919 2460 961 2485; x_wconf 86' lang='lat' dir='ltr'>ce</span> <span class='ocrx_word' id='word_1_263' title='bbox 984 2446 1143 2499; x_wconf 87' lang='lat' dir='ltr'>plairoit</span> <span class='ocrx_word' id='word_1_264' title='bbox 1167 2437 1304 2485; x_wconf 64' lang='lat' dir='ltr'>ii&#39;Dieu</span> <span class='ocrx_word' id='word_1_265' title='bbox 1321 2440 1335 2484; x_wconf 58' lang='lat'>⁸:</span> <span class='ocrx_word' id='word_1_266' title='bbox 1365 2447 1553 2499; x_wconf 87' lang='lat' dir='ltr'>respond,</span> <span class='ocrx_word' id='word_1_267' title='bbox 1577 2460 1616 2485; x_wconf 90' lang='lat' dir='ltr'>se</span> <span class='ocrx_word' id='word_1_268' title='bbox 1639 2460 1690 2485; x_wconf 91' lang='lat' dir='ltr'>on</span> <span class='ocrx_word' id='word_1_269' title='bbox 1715 2446 1783 2499; x_wconf 68' lang='lat' dir='ltr'>luy</span> <span class='ocrx_word' id='word_1_270' title='bbox 1808 2446 1979 2485; x_wconf 88' lang='lat' dir='ltr'>donnoit</span> 
     </span>
     <span class='ocr_line' id='line_1_29' title="bbox 338 2517 1977 2571; baseline -0.001 -14"><span class='ocrx_word' id='word_1_271' title='bbox 338 2519 483 2571; x_wconf 69' lang='lat' dir='ltr'>congie</span> <span class='ocrx_word' id='word_1_272' title='bbox 511 2532 558 2557; x_wconf 90' lang='lat' dir='ltr'>en</span> <span class='ocrx_word' id='word_1_273' title='bbox 585 2518 664 2557; x_wconf 87' lang='lat' dir='ltr'>abit</span> <span class='ocrx_word' id='word_1_274' title='bbox 687 2519 734 2557; x_wconf 88' lang='lat' dir='ltr'>de</span> <span class='ocrx_word' id='word_1_275' title='bbox 774 2517 937 2565; x_wconf 88' lang='lat' dir='ltr'>femme,</span> <span class='ocrx_word' id='word_1_276' title='bbox 960 2517 1034 2556; x_wconf 86' lang='lat' dir='ltr'>elle</span> <span class='ocrx_word' id='word_1_277' title='bbox 1060 2532 1099 2556; x_wconf 89' lang='lat' dir='ltr'>se</span> <span class='ocrx_word' id='word_1_278' title='bbox 1125 2519 1512 2557; x_wconf 84' lang='lat' dir='ltr'>mcictroittantoust</span> <span class='ocrx_word' id='word_1_279' title='bbox 1536 2532 1583 2556; x_wconf 92' lang='lat' dir='ltr'>en</span> <span class='ocrx_word' id='word_1_280' title='bbox 1607 2518 1685 2556; x_wconf 88' lang='lat' dir='ltr'>abit</span> <span class='ocrx_word' id='word_1_281' title='bbox 1715 2517 1903 2566; x_wconf 84' lang='lat' dir='ltr'>d’omme,</span> <span class='ocrx_word' id='word_1_282' title='bbox 1940 2527 1977 2556; x_wconf 90' lang='lat' dir='ltr'>et</span> 
     </span>
     <span class='ocr_line' id='line_1_30' title="bbox 337 2587 1977 2643; baseline -0.001 -15"><span class='ocrx_word' id='word_1_283' title='bbox 337 2591 455 2628; x_wconf 77' lang='lat' dir='ltr'>leroit</span> <span class='ocrx_word' id='word_1_284' title='bbox 486 2603 530 2628; x_wconf 89' lang='lat' dir='ltr'>ce</span> <span class='ocrx_word' id='word_1_285' title='bbox 567 2590 633 2643; x_wconf 89' lang='lat' dir='ltr'>qui</span> <span class='ocrx_word' id='word_1_286' title='bbox 670 2590 738 2642; x_wconf 74' lang='lat' dir='ltr'>luy</span> <span class='ocrx_word' id='word_1_287' title='bbox 775 2598 832 2628; x_wconf 84' lang='lat' dir='ltr'>est</span> <span class='ocrx_word' id='word_1_288' title='bbox 863 2589 1103 2628; x_wconf 68' lang='lat' dir='ltr'>command&lt;-</span> <span class='ocrx_word' id='word_1_289' title='bbox 1128 2603 1197 2642; x_wconf 87' lang='lat' dir='ltr'>par</span> <span class='ocrx_word' id='word_1_290' title='bbox 1227 2599 1359 2628; x_wconf 88' lang='lat' dir='ltr'>nostre</span> <span class='ocrx_word' id='word_1_291' title='bbox 1381 2590 1595 2642; x_wconf 80' lang='lat' dir='ltr'>Seigncur3</span> <span class='ocrx_word' id='word_1_292' title='bbox 1617 2599 1653 2628; x_wconf 93' lang='lat' dir='ltr'>et</span> <span class='ocrx_word' id='word_1_293' title='bbox 1684 2589 1732 2627; x_wconf 91' lang='lat' dir='ltr'>l’a</span> <span class='ocrx_word' id='word_1_294' title='bbox 1769 2587 1977 2627; x_wconf 84' lang='lat' dir='ltr'>autresfois</span> 
     </span>
     <span class='ocr_line' id='line_1_31' title="bbox 337 2659 1976 2713; baseline -0.001 -14"><span class='ocrx_word' id='word_1_295' title='bbox 337 2662 439 2699; x_wconf 89' lang='lat' dir='ltr'>ainsi</span> <span class='ocrx_word' id='word_1_296' title='bbox 465 2661 682 2713; x_wconf 86' lang='lat' dir='ltr'>respondu,</span> <span class='ocrx_word' id='word_1_297' title='bbox 709 2670 746 2699; x_wconf 81' lang='lat' dir='ltr'>et</span> <span class='ocrx_word' id='word_1_298' title='bbox 767 2674 815 2699; x_wconf 86' lang='lat' dir='ltr'>ne</span> <span class='ocrx_word' id='word_1_299' title='bbox 831 2660 945 2699; x_wconf 88' lang='lat' dir='ltr'>feroit</span> <span class='ocrx_word' id='word_1_300' title='bbox 964 2674 1064 2713; x_wconf 91' lang='lat' dir='ltr'>pour</span> <span class='ocrx_word' id='word_1_301' title='bbox 1085 2662 1167 2698; x_wconf 85' lang='lat' dir='ltr'>rien</span> <span class='ocrx_word' id='word_1_302' title='bbox 1194 2660 1228 2699; x_wconf 91' lang='lat' dir='ltr'>le</span> <span class='ocrx_word' id='word_1_303' title='bbox 1251 2670 1448 2699; x_wconf 88' lang='lat' dir='ltr'>serement</span> <span class='ocrx_word' id='word_1_304' title='bbox 1474 2659 1616 2713; x_wconf 89' lang='lat' dir='ltr'>qu&#39;elle</span> <span class='ocrx_word' id='word_1_305' title='bbox 1642 2674 1690 2699; x_wconf 90' lang='lat' dir='ltr'>ne</span> <span class='ocrx_word' id='word_1_306' title='bbox 1712 2674 1751 2699; x_wconf 88' lang='lat' dir='ltr'>se</span> <span class='ocrx_word' id='word_1_307' title='bbox 1774 2669 1915 2698; x_wconf 85' lang='lat' dir='ltr'>armast</span> <span class='ocrx_word' id='word_1_308' title='bbox 1939 2669 1976 2698; x_wconf 89' lang='lat' dir='ltr'>et</span> 
     </span>
     <span class='ocr_line' id='line_1_32' title="bbox 339 2731 1741 2784; baseline 0 -14"><span class='ocrx_word' id='word_1_309' title='bbox 339 2732 455 2770; x_wconf 88' lang='lat' dir='ltr'>meist</span> <span class='ocrx_word' id='word_1_310' title='bbox 477 2745 525 2770; x_wconf 91' lang='lat' dir='ltr'>en</span> <span class='ocrx_word' id='word_1_311' title='bbox 551 2731 631 2770; x_wconf 88' lang='lat' dir='ltr'>abit</span> <span class='ocrx_word' id='word_1_312' title='bbox 655 2731 843 2779; x_wconf 88' lang='lat' dir='ltr'>d&#39;omme,</span> <span class='ocrx_word' id='word_1_313' title='bbox 868 2745 970 2784; x_wconf 91' lang='lat' dir='ltr'>pour</span> <span class='ocrx_word' id='word_1_314' title='bbox 991 2731 1083 2770; x_wconf 88' lang='lat' dir='ltr'>faire</span> <span class='ocrx_word' id='word_1_315' title='bbox 1108 2731 1141 2770; x_wconf 92' lang='lat' dir='ltr'>le</span> <span class='ocrx_word' id='word_1_316' title='bbox 1163 2731 1298 2784; x_wconf 88' lang='lat' dir='ltr'>plaisir</span> <span class='ocrx_word' id='word_1_317' title='bbox 1315 2732 1362 2770; x_wconf 90' lang='lat' dir='ltr'>de</span> <span class='ocrx_word' id='word_1_318' title='bbox 1385 2741 1516 2770; x_wconf 88' lang='lat' dir='ltr'>nostre</span> <span class='ocrx_word' id='word_1_319' title='bbox 1537 2732 1741 2784; x_wconf 86' lang='lat' dir='ltr'>Seigneur.</span> 
     </span>
    </p>

    <p class='ocr_par' dir='ltr' id='par_1_13' title="bbox 340 2802 1974 2927">
     <span class='ocr_line' id='line_1_33' title="bbox 394 2802 1974 2855; baseline 0 -14"><span class='ocrx_word' id='word_1_320' title='bbox 394 2804 647 2855; x_wconf 86' lang='lat' dir='ltr'>Interrogue‘e</span> <span class='ocrx_word' id='word_1_321' title='bbox 677 2802 724 2841; x_wconf 91' lang='lat' dir='ltr'>de</span> <span class='ocrx_word' id='word_1_322' title='bbox 759 2802 880 2855; x_wconf 86' lang='lat' dir='ltr'>l&#39;aage</span> <span class='ocrx_word' id='word_1_323' title='bbox 903 2812 939 2841; x_wconf 90' lang='lat' dir='ltr'>et</span> <span class='ocrx_word' id='word_1_324' title='bbox 964 2803 1032 2841; x_wconf 88' lang='lat' dir='ltr'>des</span> <span class='ocrx_word' id='word_1_325' title='bbox 1052 2812 1276 2841; x_wconf 77' lang='lat' dir='ltr'>vestemens</span> <span class='ocrx_word' id='word_1_326' title='bbox 1301 2803 1348 2841; x_wconf 94' lang='lat' dir='ltr'>de</span> <span class='ocrx_word' id='word_1_327' title='bbox 1376 2804 1543 2842; x_wconf 81' lang='lat' dir='ltr'>sainctes</span> <span class='ocrx_word' id='word_1_328' title='bbox 1567 2803 1779 2842; x_wconf 86' lang='lat' dir='ltr'>Katherine</span> <span class='ocrx_word' id='word_1_329' title='bbox 1807 2812 1844 2841; x_wconf 89' lang='lat' dir='ltr'>et</span> <span class='ocrx_word' id='word_1_330' title='bbox 1868 2803 1974 2841; x_wconf 88' lang='lat' dir='ltr'>Mar-</span> 
     </span>
     <span class='ocr_line' id='line_1_34' title="bbox 340 2873 1973 2927; baseline 0 -15"><span class='ocrx_word' id='word_1_331' title='bbox 340 2874 513 2927; x_wconf 85' lang='lat' dir='ltr'>guerite:</span> <span class='ocrx_word' id='word_1_332' title='bbox 542 2873 741 2926; x_wconf 86' lang='lat' dir='ltr'>respond:</span> <span class='ocrx_word' id='word_1_333' title='bbox 779 2889 797 2909; x_wconf 86' lang='lat'>‹&lt;</span> <span class='ocrx_word' id='word_1_334' title='bbox 823 2874 933 2912; x_wconf 88' lang='lat' dir='ltr'>Vous</span> <span class='ocrx_word' id='word_1_335' title='bbox 957 2883 1057 2912; x_wconf 89' lang='lat' dir='ltr'>estes</span> <span class='ocrx_word' id='word_1_336' title='bbox 1085 2874 1306 2926; x_wconf 88' lang='lat' dir='ltr'>respondus</span> <span class='ocrx_word' id='word_1_337' title='bbox 1331 2874 1378 2912; x_wconf 88' lang='lat' dir='ltr'>de</span> <span class='ocrx_word' id='word_1_338' title='bbox 1403 2888 1445 2912; x_wconf 91' lang='lat' dir='ltr'>ce</span> <span class='ocrx_word' id='word_1_339' title='bbox 1473 2887 1549 2927; x_wconf 90' lang='lat' dir='ltr'>que</span> <span class='ocrx_word' id='word_1_340' title='bbox 1571 2887 1670 2912; x_wconf 83' lang='lat' dir='ltr'>vous</span> <span class='ocrx_word' id='word_1_341' title='bbox 1700 2888 1749 2913; x_wconf 91' lang='lat' dir='ltr'>en</span> <span class='ocrx_word' id='word_1_342' title='bbox 1783 2887 1896 2912; x_wconf 83' lang='lat' dir='ltr'>aurez</span> <span class='ocrx_word' id='word_1_343' title='bbox 1927 2874 1973 2912; x_wconf 91' lang='lat' dir='ltr'>de</span> 
     </span>
    </p>
   </div>
   <div class='ocr_carea' id='block_1_6' title="bbox 395 3069 710 3104">
    <p class='ocr_par' dir='ltr' id='par_1_14' title="bbox 395 3069 710 3104">
     <span class='ocr_line' id='line_1_35' title="bbox 395 3069 710 3104; baseline -0.003 -1"><span class='ocrx_word' id='word_1_344' title='bbox 395 3080 421 3104; x_wconf 89' lang='lat'>1.</span> <span class='ocrx_word' id='word_1_345' title='bbox 449 3069 479 3104; x_wconf 89' lang='lat' dir='ltr'>C</span> <span class='ocrx_word' id='word_1_346' title='bbox 497 3082 506 3103; x_wconf 94' lang='grc'>.·</span> <span class='ocrx_word' id='word_1_347' title='bbox 527 3070 710 3103; x_wconf 62' lang='lat' dir='ltr'>camiseam.</span> 
     </span>
    </p>
   </div>
  </div>
 </body>
</html>
