<?xml version="1.0" encoding="UTF-8"?>
<!DOCTYPE html PUBLIC "-//W3C//DTD XHTML 1.0 Transitional//EN"
    "http://www.w3.org/TR/xhtml1/DTD/xhtml1-transitional.dtd">
<html xmlns="http://www.w3.org/1999/xhtml" xml:lang="en" lang="en">
 <head>
  <title>
</title>
<meta http-equiv="Content-Type" content="text/html;charset=utf-8" />
  <meta name='ocr-system' content='tesseract 3.04.00' />
  <meta name='ocr-capabilities' content='ocr_page ocr_carea ocr_par ocr_line ocrx_word'/>
</head>
<body>
  <div class='ocr_page' id='page_1' title='image "./procsdecondamn01cham_0453.png"; bbox 0 0 2099 3356; ppageno 0'>
   <div class='ocr_carea' id='block_1_1' title="bbox 433 200 1783 269">
    <p class='ocr_par' dir='ltr' id='par_1_1' title="bbox 433 200 1783 269">
     <span class='ocr_line' id='line_1_1' title="bbox 433 200 1783 269; baseline 0.011 -27"><span class='ocrx_word' id='word_1_1' title='bbox 433 200 591 243; x_wconf 65' lang='lat' dir='ltr'>PRocr&#39;zs</span> <span class='ocrx_word' id='word_1_2' title='bbox 626 215 680 244; x_wconf 82' lang='lat' dir='ltr'>DE</span> <span class='ocrx_word' id='word_1_3' title='bbox 714 216 1069 248; x_wconf 76' lang='lat' dir='ltr'>CONDAMNATION</span> <span class='ocrx_word' id='word_1_4' title='bbox 1104 220 1160 248; x_wconf 85' lang='lat' dir='ltr'>DE</span> <span class='ocrx_word' id='word_1_5' title='bbox 1191 220 1355 262; x_wconf 81' lang='lat' dir='ltr'>JEANNE</span> <span class='ocrx_word' id='word_1_6' title='bbox 1389 208 1515 253; x_wconf 84' lang='lat' dir='ltr'>D&#39;ARC</span> <span class='ocrx_word' id='word_1_7' title='bbox 1702 227 1783 269; x_wconf 82' lang='lat'>403</span> 
     </span>
    </p>
   </div>
   <div class='ocr_carea' id='block_1_2' title="bbox 113 310 1789 2946">
    <p class='ocr_par' dir='ltr' id='par_1_2' title="bbox 113 310 1789 2946">
     <span class='ocr_line' id='line_1_2' title="bbox 149 310 1786 372; baseline 0.01 -25"><span class='ocrx_word' id='word_1_8' title='bbox 149 322 245 348; x_wconf 89' lang='lat' dir='ltr'>num</span> <span class='ocrx_word' id='word_1_9' title='bbox 271 322 405 363; x_wconf 88' lang='lat' dir='ltr'>regern</span> <span class='ocrx_word' id='word_1_10' title='bbox 436 310 563 358; x_wconf 89' lang='lat' dir='ltr'>decet,</span> <span class='ocrx_word' id='word_1_11' title='bbox 589 314 866 354; x_wconf 87' lang='lat' dir='ltr'>auctoritatem</span> <span class='ocrx_word' id='word_1_12' title='bbox 899 316 1206 365; x_wconf 88' lang='lat' dir='ltr'>ecclesiasticam</span> <span class='ocrx_word' id='word_1_13' title='bbox 1239 318 1346 358; x_wconf 90' lang='lat' dir='ltr'>filiali</span> <span class='ocrx_word' id='word_1_14' title='bbox 1379 330 1602 360; x_wconf 86' lang='lat' dir='ltr'>reverentes</span> <span class='ocrx_word' id='word_1_15' title='bbox 1630 322 1786 372; x_wconf 86' lang='lat' dir='ltr'>affectu,</span> 
     </span>
     <span class='ocr_line' id='line_1_3' title="bbox 145 379 1789 446; baseline 0.008 -25"><span class='ocrx_word' id='word_1_16' title='bbox 145 379 358 421; x_wconf 87' lang='lat' dir='ltr'><strong>confestim</strong></span> <span class='ocrx_word' id='word_1_17' title='bbox 373 382 611 422; x_wconf 87' lang='lat' dir='ltr'>antedictam</span> <span class='ocrx_word' id='word_1_18' title='bbox 632 384 839 424; x_wconf 89' lang='lat' dir='ltr'>mulierem</span> <span class='ocrx_word' id='word_1_19' title='bbox 863 387 1012 438; x_wconf 88' lang='lat' dir='ltr'>judicio</span> <span class='ocrx_word' id='word_1_20' title='bbox 1032 398 1177 428; x_wconf 70' lang='lat' dir='ltr'>sancta&gt;</span> <span class='ocrx_word' id='word_1_21' title='bbox 1199 391 1333 429; x_wconf 90' lang='lat' dir='ltr'>matris</span> <span class='ocrx_word' id='word_1_22' title='bbox 1348 391 1534 432; x_wconf 85' lang='lat' dir='ltr'>Ecclesiae</span> <span class='ocrx_word' id='word_1_23' title='bbox 1550 402 1588 432; x_wconf 92' lang='lat' dir='ltr'>et</span> <span class='ocrx_word' id='word_1_24' title='bbox 1610 394 1789 446; x_wconf 87' lang='lat' dir='ltr'>jurisdic-</span> 
     </span>
     <span class='ocr_line' id='line_1_4' title="bbox 144 451 1789 517; baseline 0.007 -24"><span class='ocrx_word' id='word_1_25' title='bbox 144 453 246 493; x_wconf 91' lang='lat' dir='ltr'>tioni</span> <span class='ocrx_word' id='word_1_26' title='bbox 271 451 422 506; x_wconf 88' lang='lat' dir='ltr'>praefati</span> <span class='ocrx_word' id='word_1_27' title='bbox 452 454 633 506; x_wconf 80' lang='lat' dir='ltr'>praesulis</span> <span class='ocrx_word' id='word_1_28' title='bbox 659 457 949 509; x_wconf 82' lang='lat' dir='ltr'>expedivimus.</span> <span class='ocrx_word' id='word_1_29' title='bbox 985 459 1068 505; x_wconf 85' lang='lat' dir='ltr'>Qui</span> <span class='ocrx_word' id='word_1_30' title='bbox 1091 460 1287 512; x_wconf 82' lang='lat' dir='ltr'>profecto,</span> <span class='ocrx_word' id='word_1_31' title='bbox 1313 476 1405 502; x_wconf 90' lang='lat' dir='ltr'>cum</span> <span class='ocrx_word' id='word_1_32' title='bbox 1436 464 1577 517; x_wconf 82' lang='lat' dir='ltr'>grandi</span> <span class='ocrx_word' id='word_1_33' title='bbox 1597 464 1789 505; x_wconf 77' lang='lat' dir='ltr'>solemni-</span> 
     </span>
     <span class='ocr_line' id='line_1_5' title="bbox 143 525 1788 588; baseline 0.009 -26"><span class='ocrx_word' id='word_1_34' title='bbox 143 533 220 563; x_wconf 90' lang='lat' dir='ltr'>tate</span> <span class='ocrx_word' id='word_1_35' title='bbox 245 534 283 563; x_wconf 90' lang='lat' dir='ltr'>et</span> <span class='ocrx_word' id='word_1_36' title='bbox 310 525 545 564; x_wconf 89' lang='lat' dir='ltr'>honoranda</span> <span class='ocrx_word' id='word_1_37' title='bbox 565 527 772 585; x_wconf 71' lang='lat' dir='ltr'>gravitate,</span> <span class='ocrx_word' id='word_1_38' title='bbox 800 529 845 567; x_wconf 84' lang='lat' dir='ltr'>ad</span> <span class='ocrx_word' id='word_1_39' title='bbox 871 530 943 568; x_wconf 85' lang='lat' dir='ltr'>Dei</span> <span class='ocrx_word' id='word_1_40' title='bbox 976 530 1171 570; x_wconf 83' lang='lat' dir='ltr'>honorem</span> <span class='ocrx_word' id='word_1_41' title='bbox 1198 541 1235 571; x_wconf 82' lang='lat' dir='ltr'>et</span> <span class='ocrx_word' id='word_1_42' title='bbox 1257 533 1465 574; x_wconf 87' lang='lat' dir='ltr'>salutarem</span> <span class='ocrx_word' id='word_1_43' title='bbox 1491 536 1632 588; x_wconf 89' lang='lat' dir='ltr'>populi</span> <span class='ocrx_word' id='word_1_44' title='bbox 1665 537 1788 576; x_wconf 82' lang='lat' dir='ltr'>aedifi-</span> 
     </span>
     <span class='ocr_line' id='line_1_6' title="bbox 145 597 1786 660; baseline 0.008 -25"><span class='ocrx_word' id='word_1_45' title='bbox 145 597 361 645; x_wconf 89' lang='lat' dir='ltr'>cationem,</span> <span class='ocrx_word' id='word_1_46' title='bbox 384 609 464 635; x_wconf 86' lang='lat' dir='ltr'>una</span> <span class='ocrx_word' id='word_1_47' title='bbox 485 609 576 636; x_wconf 91' lang='lat' dir='ltr'>cum</span> <span class='ocrx_word' id='word_1_48' title='bbox 600 598 751 637; x_wconf 88' lang='lat' dir='ltr'>vicario</span> <span class='ocrx_word' id='word_1_49' title='bbox 775 600 1026 653; x_wconf 88' lang='lat' dir='ltr'>Inquisitoris</span> <span class='ocrx_word' id='word_1_50' title='bbox 1046 602 1244 642; x_wconf 61' lang='lat' dir='ltr'>haereticae</span> <span class='ocrx_word' id='word_1_51' title='bbox 1266 606 1466 657; x_wconf 88' lang='lat' dir='ltr'>pravitatis</span> <span class='ocrx_word' id='word_1_52' title='bbox 1487 606 1559 645; x_wconf 90' lang='lat' dir='ltr'>sibi</span> <span class='ocrx_word' id='word_1_53' title='bbox 1583 608 1786 660; x_wconf 90' lang='lat' dir='ltr'>adjuncto,</span> 
     </span>
     <span class='ocr_line' id='line_1_7' title="bbox 143 668 1787 732; baseline 0.009 -27"><span class='ocrx_word' id='word_1_54' title='bbox 143 681 378 722; x_wconf 87' lang='lat' dir='ltr'>processum</span> <span class='ocrx_word' id='word_1_55' title='bbox 394 668 701 708; x_wconf 90' lang='lat' dir='ltr'>celeberrimum</span> <span class='ocrx_word' id='word_1_56' title='bbox 726 670 766 708; x_wconf 89' lang='lat' dir='ltr'>in</span> <span class='ocrx_word' id='word_1_57' title='bbox 792 683 835 709; x_wconf 88' lang='lat' dir='ltr'>ea</span> <span class='ocrx_word' id='word_1_58' title='bbox 854 685 892 710; x_wconf 89' lang='lat' dir='ltr'>re</span> <span class='ocrx_word' id='word_1_59' title='bbox 911 671 1087 711; x_wconf 85' lang='lat' dir='ltr'>deduxit.</span> <span class='ocrx_word' id='word_1_60' title='bbox 1116 676 1331 728; x_wconf 90' lang='lat' dir='ltr'>Postquam</span> <span class='ocrx_word' id='word_1_61' title='bbox 1347 678 1454 716; x_wconf 87' lang='lat' dir='ltr'>enim</span> <span class='ocrx_word' id='word_1_62' title='bbox 1470 678 1620 730; x_wconf 63' lang='lat' dir='ltr'>praefati</span> <span class='ocrx_word' id='word_1_63' title='bbox 1636 680 1787 732; x_wconf 84' lang='lat' dir='ltr'>judices</span> 
     </span>
     <span class='ocr_line' id='line_1_8' title="bbox 145 739 1786 796; baseline 0.008 -18"><span class='ocrx_word' id='word_1_64' title='bbox 145 739 357 779; x_wconf 87' lang='lat' dir='ltr'>mulierem</span> <span class='ocrx_word' id='word_1_65' title='bbox 382 740 485 779; x_wconf 86' lang='lat' dir='ltr'>hanc</span> <span class='ocrx_word' id='word_1_66' title='bbox 506 740 640 779; x_wconf 88' lang='lat' dir='ltr'>multis</span> <span class='ocrx_word' id='word_1_67' title='bbox 663 740 802 780; x_wconf 90' lang='lat' dir='ltr'>diebus</span> <span class='ocrx_word' id='word_1_68' title='bbox 828 742 1187 796; x_wconf 79' lang='lat' dir='ltr'>interrogaverunt,</span> <span class='ocrx_word' id='word_1_69' title='bbox 1209 747 1484 788; x_wconf 83' lang='lat' dir='ltr'>confessiones</span> <span class='ocrx_word' id='word_1_70' title='bbox 1500 759 1537 788; x_wconf 88' lang='lat' dir='ltr'>et</span> <span class='ocrx_word' id='word_1_71' title='bbox 1552 752 1786 791; x_wconf 83' lang='lat' dir='ltr'>assertiones</span> 
     </span>
     <span class='ocr_line' id='line_1_9' title="bbox 143 811 1786 876; baseline 0.009 -27"><span class='ocrx_word' id='word_1_72' title='bbox 143 812 270 865; x_wconf 92' lang='lat' dir='ltr'>ipsius</span> <span class='ocrx_word' id='word_1_73' title='bbox 291 825 362 865; x_wconf 86' lang='lat' dir='ltr'>per</span> <span class='ocrx_word' id='word_1_74' title='bbox 384 811 568 851; x_wconf 90' lang='lat' dir='ltr'>doctores</span> <span class='ocrx_word' id='word_1_75' title='bbox 599 822 638 851; x_wconf 91' lang='lat' dir='ltr'>et</span> <span class='ocrx_word' id='word_1_76' title='bbox 659 813 869 866; x_wconf 84' lang='lat' dir='ltr'>magistros</span> <span class='ocrx_word' id='word_1_77' title='bbox 901 816 1176 856; x_wconf 82' lang='lat' dir='ltr'>Universitatis</span> <span class='ocrx_word' id='word_1_78' title='bbox 1202 820 1431 858; x_wconf 79' lang='lat' dir='ltr'>Parisiensis</span> <span class='ocrx_word' id='word_1_79' title='bbox 1452 831 1489 860; x_wconf 80' lang='lat' dir='ltr'>et</span> <span class='ocrx_word' id='word_1_80' title='bbox 1519 821 1616 861; x_wconf 88' lang='lat' dir='ltr'>alios</span> <span class='ocrx_word' id='word_1_81' title='bbox 1644 836 1786 876; x_wconf 88' lang='lat' dir='ltr'>quam-</span> 
     </span>
     <span class='ocr_line' id='line_1_10' title="bbox 143 882 1786 944; baseline 0.008 -23"><span class='ocrx_word' id='word_1_82' title='bbox 143 882 275 936; x_wconf 88' lang='lat' dir='ltr'>plures</span> <span class='ocrx_word' id='word_1_83' title='bbox 304 892 313 910; x_wconf 88' lang='lat'>1</span> <span class='ocrx_word' id='word_1_84' title='bbox 340 883 646 923; x_wconf 72' lang='lat' dir='ltr'>litteratis-simos</span> <span class='ocrx_word' id='word_1_85' title='bbox 667 884 773 923; x_wconf 85' lang='lat' dir='ltr'>viros</span> <span class='ocrx_word' id='word_1_86' title='bbox 799 886 1013 924; x_wconf 88' lang='lat' dir='ltr'>examinari</span> <span class='ocrx_word' id='word_1_87' title='bbox 1044 887 1248 938; x_wconf 82' lang='lat' dir='ltr'>fecerunt3</span> <span class='ocrx_word' id='word_1_88' title='bbox 1275 904 1320 929; x_wconf 84' lang='lat' dir='ltr'>ex</span> <span class='ocrx_word' id='word_1_89' title='bbox 1345 904 1516 944; x_wconf 89' lang='lat' dir='ltr'>quorum</span> <span class='ocrx_word' id='word_1_90' title='bbox 1535 892 1786 933; x_wconf 88' lang='lat' dir='ltr'>deliberatio-</span> 
     </span>
     <span class='ocr_line' id='line_1_11' title="bbox 142 954 1777 1016; baseline 0.007 -23"><span class='ocrx_word' id='word_1_91' title='bbox 142 954 261 994; x_wconf 88' lang='lat' dir='ltr'>nibus</span> <span class='ocrx_word' id='word_1_92' title='bbox 286 963 540 1008; x_wconf 91' lang='lat' dir='ltr'>compertum</span> <span class='ocrx_word' id='word_1_93' title='bbox 566 955 791 995; x_wconf 88' lang='lat' dir='ltr'>habuerunt</span> <span class='ocrx_word' id='word_1_94' title='bbox 814 957 993 996; x_wconf 88' lang='lat' dir='ltr'>eamdem</span> <span class='ocrx_word' id='word_1_95' title='bbox 1019 959 1226 999; x_wconf 89' lang='lat' dir='ltr'>mulierem</span> <span class='ocrx_word' id='word_1_96' title='bbox 1250 974 1334 1000; x_wconf 86' lang='lat' dir='ltr'>esse</span> <span class='ocrx_word' id='word_1_97' title='bbox 1359 965 1692 1016; x_wconf 85' lang='lat' dir='ltr'>superstitiosam,</span> <span class='ocrx_word' id='word_1_98' title='bbox 1717 966 1777 1005; x_wconf 93' lang='lat' dir='ltr'>di-</span> 
     </span>
     <span class='ocr_line' id='line_1_12' title="bbox 141 1026 1781 1086; baseline 0.008 -22"><span class='ocrx_word' id='word_1_99' title='bbox 141 1026 394 1075; x_wconf 84' lang='lat' dir='ltr'>vinatricem,</span> <span class='ocrx_word' id='word_1_100' title='bbox 418 1026 644 1074; x_wconf 68' lang='lat' dir='ltr'>idolam-am,</span> <span class='ocrx_word' id='word_1_101' title='bbox 663 1027 895 1066; x_wconf 63' lang='lat' dir='ltr'>daemonum</span> <span class='ocrx_word' id='word_1_102' title='bbox 913 1029 1212 1078; x_wconf 70' lang='lat' dir='ltr'>invocatiicem,</span> <span class='ocrx_word' id='word_1_103' title='bbox 1236 1031 1510 1086; x_wconf 83' lang='lat' dir='ltr'>blasphemam</span> <span class='ocrx_word' id='word_1_104' title='bbox 1535 1045 1548 1062; x_wconf 86' lang='lat'>2</span> <span class='ocrx_word' id='word_1_105' title='bbox 1571 1036 1609 1074; x_wconf 91' lang='lat' dir='ltr'>in</span> <span class='ocrx_word' id='word_1_106' title='bbox 1638 1037 1781 1084; x_wconf 87' lang='lat' dir='ltr'>Deum,</span> 
     </span>
     <span class='ocr_line' id='line_1_13' title="bbox 141 1098 1785 1159; baseline 0.006 -21"><span class='ocrx_word' id='word_1_107' title='bbox 141 1099 308 1138; x_wconf 88' lang='lat' dir='ltr'>Sanctos</span> <span class='ocrx_word' id='word_1_108' title='bbox 333 1107 371 1137; x_wconf 89' lang='lat' dir='ltr'>et</span> <span class='ocrx_word' id='word_1_109' title='bbox 396 1098 572 1144; x_wconf 85' lang='lat' dir='ltr'>Sanctas,</span> <span class='ocrx_word' id='word_1_110' title='bbox 600 1099 895 1139; x_wconf 83' lang='lat' dir='ltr'>schismaticam</span> <span class='ocrx_word' id='word_1_111' title='bbox 920 1109 929 1133; x_wconf 76' lang='lat'><em>3</em></span> <span class='ocrx_word' id='word_1_112' title='bbox 956 1110 994 1139; x_wconf 80' lang='lat' dir='ltr'>et</span> <span class='ocrx_word' id='word_1_113' title='bbox 1012 1102 1050 1139; x_wconf 93' lang='lat' dir='ltr'>in</span> <span class='ocrx_word' id='word_1_114' title='bbox 1076 1101 1152 1141; x_wconf 86' lang='lat' dir='ltr'>fide</span> <span class='ocrx_word' id='word_1_115' title='bbox 1178 1103 1325 1143; x_wconf 85' lang='lat' dir='ltr'>Christi</span> <span class='ocrx_word' id='word_1_116' title='bbox 1348 1106 1623 1159; x_wconf 82' lang='lat' dir='ltr'>multipliciter</span> <span class='ocrx_word' id='word_1_117' title='bbox 1651 1122 1785 1148; x_wconf 88' lang='lat' dir='ltr'>erran-</span> 
     </span>
     <span class='ocr_line' id='line_1_14' title="bbox 137 1170 1780 1229; baseline 0.007 -21"><span class='ocrx_word' id='word_1_118' title='bbox 137 1179 235 1209; x_wconf 90' lang='lat' dir='ltr'>tem.</span> <span class='ocrx_word' id='word_1_119' title='bbox 262 1170 429 1218; x_wconf 87' lang='lat' dir='ltr'>Verum,</span> <span class='ocrx_word' id='word_1_120' title='bbox 452 1179 497 1208; x_wconf 92' lang='lat' dir='ltr'>ut</span> <span class='ocrx_word' id='word_1_121' title='bbox 520 1171 663 1209; x_wconf 88' lang='lat' dir='ltr'>misera</span> <span class='ocrx_word' id='word_1_122' title='bbox 683 1172 877 1223; x_wconf 80' lang='lat' dir='ltr'>peccatrix</span> <span class='ocrx_word' id='word_1_123' title='bbox 906 1185 926 1210; x_wconf 87' lang='lat' dir='ltr'>a</span> <span class='ocrx_word' id='word_1_124' title='bbox 950 1173 1067 1211; x_wconf 87' lang='lat' dir='ltr'>tantis</span> <span class='ocrx_word' id='word_1_125' title='bbox 1092 1182 1252 1227; x_wconf 87' lang='lat' dir='ltr'>tamque</span> <span class='ocrx_word' id='word_1_126' title='bbox 1277 1177 1512 1229; x_wconf 88' lang='lat' dir='ltr'>perniciosis</span> <span class='ocrx_word' id='word_1_127' title='bbox 1543 1179 1780 1219; x_wconf 87' lang='lat' dir='ltr'>criminibus</span> 
     </span>
     <span class='ocr_line' id='line_1_15' title="bbox 141 1242 1783 1304; baseline 0.007 -25"><span class='ocrx_word' id='word_1_128' title='bbox 141 1251 377 1295; x_wconf 83' lang='lat' dir='ltr'>purgaretur</span> <span class='ocrx_word' id='word_1_129' title='bbox 400 1251 437 1280; x_wconf 92' lang='lat' dir='ltr'>et</span> <span class='ocrx_word' id='word_1_130' title='bbox 461 1242 594 1281; x_wconf 85' lang='lat' dir='ltr'>anima</span> <span class='ocrx_word' id='word_1_131' title='bbox 624 1243 706 1295; x_wconf 71' lang='lat' dir='ltr'>eius</span> <span class='ocrx_word' id='word_1_132' title='bbox 734 1243 781 1281; x_wconf 91' lang='lat' dir='ltr'>ab</span> <span class='ocrx_word' id='word_1_133' title='bbox 809 1244 993 1282; x_wconf 86' lang='lat' dir='ltr'>extremis</span> <span class='ocrx_word' id='word_1_134' title='bbox 1019 1255 1220 1304; x_wconf 74' lang='lat' dir='ltr'>sanaretur</span> <span class='ocrx_word' id='word_1_135' title='bbox 1244 1247 1520 1301; x_wconf 85' lang='lat' dir='ltr'>languoribus,</span> <span class='ocrx_word' id='word_1_136' title='bbox 1556 1250 1783 1304; x_wconf 87' lang='lat' dir='ltr'>frequenter</span> 
     </span>
     <span class='ocr_line' id='line_1_16' title="bbox 139 1312 1783 1369; baseline 0.007 -18"><span class='ocrx_word' id='word_1_137' title='bbox 139 1313 351 1352; x_wconf 90' lang='lat' dir='ltr'>caritativis</span> <span class='ocrx_word' id='word_1_138' title='bbox 375 1312 718 1351; x_wconf 80' lang='lat' dir='ltr'>exhortationibus</span> <span class='ocrx_word' id='word_1_139' title='bbox 749 1326 818 1366; x_wconf 93' lang='lat' dir='ltr'>per</span> <span class='ocrx_word' id='word_1_140' title='bbox 841 1313 924 1352; x_wconf 88' lang='lat' dir='ltr'>dies</span> <span class='ocrx_word' id='word_1_141' title='bbox 959 1314 1106 1354; x_wconf 86' lang='lat' dir='ltr'>multos</span> <span class='ocrx_word' id='word_1_142' title='bbox 1137 1317 1340 1356; x_wconf 88' lang='lat' dir='ltr'>admonita</span> <span class='ocrx_word' id='word_1_143' title='bbox 1370 1320 1517 1359; x_wconf 85' lang='lat' dir='ltr'>exstitit</span> <span class='ocrx_word' id='word_1_144' title='bbox 1541 1331 1597 1369; x_wconf 88' lang='lat' dir='ltr'>ut,</span> <span class='ocrx_word' id='word_1_145' title='bbox 1631 1323 1783 1361; x_wconf 86' lang='lat' dir='ltr'>cunctis</span> 
     </span>
     <span class='ocr_line' id='line_1_17' title="bbox 138 1383 1780 1446; baseline 0.007 -24"><span class='ocrx_word' id='word_1_146' title='bbox 138 1383 302 1436; x_wconf 81' lang='lat' dir='ltr'>abjectis</span> <span class='ocrx_word' id='word_1_147' title='bbox 338 1383 553 1431; x_wconf 84' lang='lat' dir='ltr'>erroribus,</span> <span class='ocrx_word' id='word_1_148' title='bbox 587 1392 741 1423; x_wconf 87' lang='lat' dir='ltr'>rectum</span> <span class='ocrx_word' id='word_1_149' title='bbox 775 1384 916 1424; x_wconf 88' lang='lat' dir='ltr'>callem</span> <span class='ocrx_word' id='word_1_150' title='bbox 949 1387 1123 1426; x_wconf 89' lang='lat' dir='ltr'>veritatis</span> <span class='ocrx_word' id='word_1_151' title='bbox 1158 1388 1511 1441; x_wconf 85' lang='lat' dir='ltr'>introgrederetur‚</span> <span class='ocrx_word' id='word_1_152' title='bbox 1541 1392 1696 1446; x_wconf 86' lang='lat' dir='ltr'>sibique</span> <span class='ocrx_word' id='word_1_153' title='bbox 1732 1394 1780 1433; x_wconf 88' lang='lat' dir='ltr'>de</span> 
     </span>
     <span class='ocr_line' id='line_1_18' title="bbox 140 1456 1784 1516; baseline 0.007 -23"><span class='ocrx_word' id='word_1_154' title='bbox 140 1456 251 1508; x_wconf 87' lang='lat' dir='ltr'>gravi</span> <span class='ocrx_word' id='word_1_155' title='bbox 285 1456 464 1509; x_wconf 90' lang='lat' dir='ltr'>corporis</span> <span class='ocrx_word' id='word_1_156' title='bbox 491 1465 529 1495; x_wconf 90' lang='lat' dir='ltr'>et</span> <span class='ocrx_word' id='word_1_157' title='bbox 558 1457 703 1495; x_wconf 82' lang='lat' dir='ltr'>animae</span> <span class='ocrx_word' id='word_1_158' title='bbox 734 1457 913 1509; x_wconf 87' lang='lat' dir='ltr'>periculo</span> <span class='ocrx_word' id='word_1_159' title='bbox 937 1469 1177 1511; x_wconf 66' lang='lat' dir='ltr'>praecaveret</span> <span class='ocrx_word' id='word_1_160' title='bbox 1201 1474 1209 1506; x_wconf 94' lang='lat'>;</span> <span class='ocrx_word' id='word_1_161' title='bbox 1233 1461 1301 1499; x_wconf 90' lang='lat' dir='ltr'>sed</span> <span class='ocrx_word' id='word_1_162' title='bbox 1327 1462 1487 1514; x_wconf 88' lang='lat' dir='ltr'>spiritus</span> <span class='ocrx_word' id='word_1_163' title='bbox 1511 1465 1707 1516; x_wconf 84' lang='lat' dir='ltr'>superbiae</span> <span class='ocrx_word' id='word_1_164' title='bbox 1733 1466 1784 1505; x_wconf 89' lang='lat' dir='ltr'>ita</span> 
     </span>
     <span class='ocr_line' id='line_1_19' title="bbox 140 1528 1781 1586; baseline 0.006 -21"><span class='ocrx_word' id='word_1_165' title='bbox 140 1536 316 1566; x_wconf 89' lang='lat' dir='ltr'>mentem</span> <span class='ocrx_word' id='word_1_166' title='bbox 334 1528 419 1581; x_wconf 86' lang='lat' dir='ltr'>ejus</span> <span class='ocrx_word' id='word_1_167' title='bbox 440 1537 704 1581; x_wconf 80' lang='lat' dir='ltr'>occupaverat</span> <span class='ocrx_word' id='word_1_168' title='bbox 721 1537 765 1567; x_wconf 89' lang='lat' dir='ltr'>ut</span> <span class='ocrx_word' id='word_1_169' title='bbox 776 1529 881 1567; x_wconf 87' lang='lat' dir='ltr'>sanis</span> <span class='ocrx_word' id='word_1_170' title='bbox 900 1529 1091 1569; x_wconf 89' lang='lat' dir='ltr'>doctrinis</span> <span class='ocrx_word' id='word_1_171' title='bbox 1105 1530 1396 1586; x_wconf 86' lang='lat' dir='ltr'>salutiferisque</span> <span class='ocrx_word' id='word_1_172' title='bbox 1415 1534 1592 1573; x_wconf 91' lang='lat' dir='ltr'>consiliis</span> <span class='ocrx_word' id='word_1_173' title='bbox 1613 1535 1781 1576; x_wconf 90' lang='lat' dir='ltr'>ferreum</span> 
     </span>
     <span class='ocr_line' id='line_1_20' title="bbox 138 1599 1782 1655; baseline 0.006 -18"><span class='ocrx_word' id='word_1_174' title='bbox 138 1612 208 1638; x_wconf 89' lang='lat' dir='ltr'>cor</span> <span class='ocrx_word' id='word_1_175' title='bbox 231 1599 316 1652; x_wconf 84' lang='lat' dir='ltr'>ejus</span> <span class='ocrx_word' id='word_1_176' title='bbox 338 1599 450 1638; x_wconf 89' lang='lat' dir='ltr'>nullo</span> <span class='ocrx_word' id='word_1_177' title='bbox 473 1609 589 1652; x_wconf 87' lang='lat' dir='ltr'>pacto</span> <span class='ocrx_word' id='word_1_178' title='bbox 608 1599 883 1649; x_wconf 83' lang='lat' dir='ltr'>emolliretur3</span> <span class='ocrx_word' id='word_1_179' title='bbox 911 1602 1007 1654; x_wconf 90' lang='lat' dir='ltr'>quin</span> <span class='ocrx_word' id='word_1_180' title='bbox 1033 1603 1166 1655; x_wconf 91' lang='lat' dir='ltr'>potius</span> <span class='ocrx_word' id='word_1_181' title='bbox 1191 1617 1231 1642; x_wconf 89' lang='lat' dir='ltr'>se</span> <span class='ocrx_word' id='word_1_182' title='bbox 1249 1614 1406 1652; x_wconf 87' lang='lat' dir='ltr'>cuncta,</span> <span class='ocrx_word' id='word_1_183' title='bbox 1430 1606 1477 1645; x_wconf 91' lang='lat' dir='ltr'>de</span> <span class='ocrx_word' id='word_1_184' title='bbox 1498 1606 1686 1646; x_wconf 85' lang='lat' dir='ltr'>mandato</span> <span class='ocrx_word' id='word_1_185' title='bbox 1709 1608 1782 1647; x_wconf 91' lang='lat' dir='ltr'>Dei</span> 
     </span>
     <span class='ocr_line' id='line_1_21' title="bbox 137 1671 1782 1732; baseline 0.005 -22"><span class='ocrx_word' id='word_1_186' title='bbox 137 1679 176 1710; x_wconf 88' lang='lat' dir='ltr'>et</span> <span class='ocrx_word' id='word_1_187' title='bbox 198 1680 425 1710; x_wconf 87' lang='lat' dir='ltr'>sanctarum</span> <span class='ocrx_word' id='word_1_188' title='bbox 439 1672 643 1725; x_wconf 87' lang='lat' dir='ltr'>virginum</span> <span class='ocrx_word' id='word_1_189' title='bbox 668 1671 742 1710; x_wconf 87' lang='lat' dir='ltr'>sibi</span> <span class='ocrx_word' id='word_1_190' title='bbox 767 1672 975 1711; x_wconf 89' lang='lat' dir='ltr'>visibiliter</span> <span class='ocrx_word' id='word_1_191' title='bbox 996 1675 1287 1726; x_wconf 86' lang='lat' dir='ltr'>apparentium,</span> <span class='ocrx_word' id='word_1_192' title='bbox 1314 1677 1514 1729; x_wconf 83' lang='lat' dir='ltr'>peregisse</span> <span class='ocrx_word' id='word_1_193' title='bbox 1536 1678 1692 1718; x_wconf 86' lang='lat' dir='ltr'>assidue</span> <span class='ocrx_word' id='word_1_194' title='bbox 1707 1680 1782 1732; x_wconf 90' lang='lat' dir='ltr'>jac-</span> 
     </span>
     <span class='ocr_line' id='line_1_22' title="bbox 137 1743 1780 1802; baseline 0.005 -21"><span class='ocrx_word' id='word_1_195' title='bbox 137 1743 270 1791; x_wconf 89' lang='lat' dir='ltr'>tabat;</span> <span class='ocrx_word' id='word_1_196' title='bbox 295 1743 484 1797; x_wconf 90' lang='lat' dir='ltr'>quodque</span> <span class='ocrx_word' id='word_1_197' title='bbox 508 1744 660 1782; x_wconf 87' lang='lat' dir='ltr'>caeteris</span> <span class='ocrx_word' id='word_1_198' title='bbox 688 1743 861 1782; x_wconf 89' lang='lat' dir='ltr'>deterius</span> <span class='ocrx_word' id='word_1_199' title='bbox 886 1754 981 1791; x_wconf 86' lang='lat' dir='ltr'>erat,</span> <span class='ocrx_word' id='word_1_200' title='bbox 1011 1745 1166 1785; x_wconf 90' lang='lat' dir='ltr'>nullum</span> <span class='ocrx_word' id='word_1_201' title='bbox 1196 1746 1370 1799; x_wconf 86' lang='lat' dir='ltr'>judicem</span> <span class='ocrx_word' id='word_1_202' title='bbox 1400 1749 1712 1802; x_wconf 72' lang='lat' dir='ltr'>recognoscebat</span> <span class='ocrx_word' id='word_1_203' title='bbox 1742 1752 1780 1790; x_wconf 92' lang='lat' dir='ltr'>in</span> 
     </span>
     <span class='ocr_line' id='line_1_23' title="bbox 136 1814 1779 1875; baseline 0.005 -22"><span class='ocrx_word' id='word_1_204' title='bbox 136 1816 276 1863; x_wconf 89' lang='lat' dir='ltr'>terris;</span> <span class='ocrx_word' id='word_1_205' title='bbox 300 1814 399 1854; x_wconf 91' lang='lat' dir='ltr'>nulli</span> <span class='ocrx_word' id='word_1_206' title='bbox 422 1829 462 1854; x_wconf 92' lang='lat' dir='ltr'>se</span> <span class='ocrx_word' id='word_1_207' title='bbox 481 1815 713 1854; x_wconf 87' lang='lat' dir='ltr'>submittere</span> <span class='ocrx_word' id='word_1_208' title='bbox 726 1815 885 1855; x_wconf 88' lang='lat' dir='ltr'>volebat</span> <span class='ocrx_word' id='word_1_209' title='bbox 910 1826 1050 1869; x_wconf 84' lang='lat' dir='ltr'>praeter</span> <span class='ocrx_word' id='word_1_210' title='bbox 1071 1831 1190 1871; x_wconf 88' lang='lat' dir='ltr'>quam</span> <span class='ocrx_word' id='word_1_211' title='bbox 1212 1818 1285 1857; x_wconf 91' lang='lat' dir='ltr'>soli</span> <span class='ocrx_word' id='word_1_212' title='bbox 1309 1820 1395 1858; x_wconf 92' lang='lat' dir='ltr'>Deo</span> <span class='ocrx_word' id='word_1_213' title='bbox 1417 1829 1455 1859; x_wconf 92' lang='lat' dir='ltr'>et</span> <span class='ocrx_word' id='word_1_214' title='bbox 1490 1822 1615 1860; x_wconf 88' lang='lat' dir='ltr'>Beatis</span> <span class='ocrx_word' id='word_1_215' title='bbox 1640 1822 1680 1860; x_wconf 88' lang='lat' dir='ltr'>in</span> <span class='ocrx_word' id='word_1_216' title='bbox 1710 1836 1779 1875; x_wconf 91' lang='lat' dir='ltr'>pa-</span> 
     </span>
     <span class='ocr_line' id='line_1_24' title="bbox 135 1886 1781 1947; baseline 0.005 -22"><span class='ocrx_word' id='word_1_217' title='bbox 135 1887 209 1926; x_wconf 88' lang='lat' dir='ltr'>tria</span> <span class='ocrx_word' id='word_1_218' title='bbox 222 1886 578 1940; x_wconf 79' lang='lat' dir='ltr'>triumphantibus,</span> <span class='ocrx_word' id='word_1_219' title='bbox 591 1887 787 1940; x_wconf 83' lang='lat' dir='ltr'>judicium</span> <span class='ocrx_word' id='word_1_220' title='bbox 809 1887 963 1927; x_wconf 89' lang='lat' dir='ltr'>domini</span> <span class='ocrx_word' id='word_1_221' title='bbox 978 1890 1101 1927; x_wconf 83' lang='lat' dir='ltr'>nostri</span> <span class='ocrx_word' id='word_1_222' title='bbox 1119 1890 1273 1929; x_wconf 87' lang='lat' dir='ltr'>Summi</span> <span class='ocrx_word' id='word_1_223' title='bbox 1291 1890 1510 1939; x_wconf 89' lang='lat' dir='ltr'>Pontificis,</span> <span class='ocrx_word' id='word_1_224' title='bbox 1527 1893 1696 1932; x_wconf 90' lang='lat' dir='ltr'>Concilii</span> <span class='ocrx_word' id='word_1_225' title='bbox 1714 1908 1781 1947; x_wconf 83' lang='lat' dir='ltr'>ge-</span> 
     </span>
     <span class='ocr_line' id='line_1_25' title="bbox 138 1958 1780 2017; baseline 0.004 -20"><span class='ocrx_word' id='word_1_226' title='bbox 138 1958 281 1997; x_wconf 88' lang='lat' dir='ltr'>neralis</span> <span class='ocrx_word' id='word_1_227' title='bbox 307 1967 344 1998; x_wconf 90' lang='lat' dir='ltr'>et</span> <span class='ocrx_word' id='word_1_228' title='bbox 372 1958 809 1998; x_wconf 72' lang='lat' dir='ltr'>universae‘militantis</span> <span class='ocrx_word' id='word_1_229' title='bbox 836 1959 1024 1998; x_wconf 61' lang='lat' dir='ltr'>Ecclesiae</span> <span class='ocrx_word' id='word_1_230' title='bbox 1054 1974 1259 2013; x_wconf 83' lang='lat' dir='ltr'>respuens.</span> <span class='ocrx_word' id='word_1_231' title='bbox 1294 1961 1372 2000; x_wconf 89' lang='lat' dir='ltr'>Ubi</span> <span class='ocrx_word' id='word_1_232' title='bbox 1400 1963 1588 2002; x_wconf 84' lang='lat' dir='ltr'>antedicti</span> <span class='ocrx_word' id='word_1_233' title='bbox 1629 1965 1780 2017; x_wconf 90' lang='lat' dir='ltr'>judices</span> 
     </span>
     <span class='ocr_line' id='line_1_26' title="bbox 136 2030 1779 2085; baseline 0.004 -17"><span class='ocrx_word' id='word_1_234' title='bbox 136 2030 318 2069; x_wconf 87' lang='lat' dir='ltr'>animum</span> <span class='ocrx_word' id='word_1_235' title='bbox 340 2030 448 2069; x_wconf 89' lang='lat' dir='ltr'>illius</span> <span class='ocrx_word' id='word_1_236' title='bbox 472 2040 679 2084; x_wconf 87' lang='lat' dir='ltr'>tantopere</span> <span class='ocrx_word' id='word_1_237' title='bbox 699 2030 939 2070; x_wconf 89' lang='lat' dir='ltr'>obduratum</span> <span class='ocrx_word' id='word_1_238' title='bbox 962 2042 1270 2085; x_wconf 84' lang='lat' dir='ltr'>conspexerunt,</span> <span class='ocrx_word' id='word_1_239' title='bbox 1297 2034 1435 2072; x_wconf 89' lang='lat' dir='ltr'>eadem</span> <span class='ocrx_word' id='word_1_240' title='bbox 1459 2035 1603 2074; x_wconf 89' lang='lat' dir='ltr'>mulier</span> <span class='ocrx_word' id='word_1_241' title='bbox 1626 2036 1665 2074; x_wconf 89' lang='lat' dir='ltr'>in</span> <span class='ocrx_word' id='word_1_242' title='bbox 1684 2050 1779 2076; x_wconf 90' lang='lat' dir='ltr'>con-</span> 
     </span>
     <span class='ocr_line' id='line_1_27' title="bbox 135 2102 1780 2157; baseline 0.004 -17"><span class='ocrx_word' id='word_1_243' title='bbox 135 2112 272 2155; x_wconf 91' lang='lat' dir='ltr'>spectu</span> <span class='ocrx_word' id='word_1_244' title='bbox 299 2102 439 2156; x_wconf 90' lang='lat' dir='ltr'>populi</span> <span class='ocrx_word' id='word_1_245' title='bbox 461 2102 604 2141; x_wconf 88' lang='lat' dir='ltr'>educta</span> <span class='ocrx_word' id='word_1_246' title='bbox 624 2112 696 2151; x_wconf 89' lang='lat' dir='ltr'>est,</span> <span class='ocrx_word' id='word_1_247' title='bbox 723 2103 883 2155; x_wconf 90' lang='lat' dir='ltr'>suisque</span> <span class='ocrx_word' id='word_1_248' title='bbox 905 2103 1103 2142; x_wconf 87' lang='lat' dir='ltr'>erroribus</span> <span class='ocrx_word' id='word_1_249' title='bbox 1127 2104 1283 2157; x_wconf 90' lang='lat' dir='ltr'>publica</span> <span class='ocrx_word' id='word_1_250' title='bbox 1307 2106 1591 2157; x_wconf 62' lang='lat' dir='ltr'>praedicatione</span> <span class='ocrx_word' id='word_1_251' title='bbox 1609 2107 1780 2147; x_wconf 89' lang='lat' dir='ltr'>declara-</span> 
     </span>
     <span class='ocr_line' id='line_1_28' title="bbox 134 2173 1774 2229; baseline 0.004 -17"><span class='ocrx_word' id='word_1_252' title='bbox 134 2175 183 2212; x_wconf 91' lang='lat' dir='ltr'>tis</span> <span class='ocrx_word' id='word_1_253' title='bbox 202 2183 240 2212; x_wconf 92' lang='lat' dir='ltr'>et</span> <span class='ocrx_word' id='word_1_254' title='bbox 264 2173 449 2213; x_wconf 88' lang='lat' dir='ltr'>finalibus</span> <span class='ocrx_word' id='word_1_255' title='bbox 465 2175 760 2213; x_wconf 89' lang='lat' dir='ltr'>monitionibus</span> <span class='ocrx_word' id='word_1_256' title='bbox 779 2174 962 2227; x_wconf 77' lang='lat' dir='ltr'>expletiS,</span> <span class='ocrx_word' id='word_1_257' title='bbox 985 2175 1143 2214; x_wconf 88' lang='lat' dir='ltr'>tandem</span> <span class='ocrx_word' id='word_1_258' title='bbox 1166 2176 1344 2228; x_wconf 86' lang='lat' dir='ltr'>ipsorum</span> <span class='ocrx_word' id='word_1_259' title='bbox 1370 2177 1548 2229; x_wconf 87' lang='lat' dir='ltr'>judicum</span> <span class='ocrx_word' id='word_1_260' title='bbox 1578 2180 1774 2218; x_wconf 90' lang='lat' dir='ltr'>sententia</span> 
     </span>
     <span class='ocr_line' id='line_1_29' title="bbox 135 2246 1779 2303; baseline 0.004 -19"><span class='ocrx_word' id='word_1_261' title='bbox 135 2246 175 2284; x_wconf 92' lang='lat' dir='ltr'>in</span> <span class='ocrx_word' id='word_1_262' title='bbox 209 2246 292 2298; x_wconf 85' lang='lat' dir='ltr'>ejus</span> <span class='ocrx_word' id='word_1_263' title='bbox 322 2246 703 2285; x_wconf 88' lang='lat' dir='ltr'>condemnationem</span> <span class='ocrx_word' id='word_1_264' title='bbox 727 2256 743 2279; x_wconf 72' lang='lat'>4</span> <span class='ocrx_word' id='word_1_265' title='bbox 767 2246 931 2298; x_wconf 86' lang='lat' dir='ltr'>proferri</span> <span class='ocrx_word' id='word_1_266' title='bbox 957 2248 1109 2299; x_wconf 82' lang='lat' dir='ltr'>coepit;</span> <span class='ocrx_word' id='word_1_267' title='bbox 1138 2260 1277 2286; x_wconf 86' lang='lat' dir='ltr'>verum</span> <span class='ocrx_word' id='word_1_268' title='bbox 1300 2257 1326 2296; x_wconf 78' lang='lat'>5,</span> <span class='ocrx_word' id='word_1_269' title='bbox 1353 2249 1583 2302; x_wconf 85' lang='lat' dir='ltr'>priusquam</span> <span class='ocrx_word' id='word_1_270' title='bbox 1606 2250 1779 2303; x_wconf 84' lang='lat' dir='ltr'>perlecta</span> 
     </span>
     <span class='ocr_line' id='line_1_30' title="bbox 133 2316 1778 2370; baseline 0.003 -14"><span class='ocrx_word' id='word_1_271' title='bbox 133 2317 286 2366; x_wconf 90' lang='lat' dir='ltr'>fuisset,</span> <span class='ocrx_word' id='word_1_272' title='bbox 307 2318 476 2357; x_wconf 85' lang='lat' dir='ltr'>mutavit</span> <span class='ocrx_word' id='word_1_273' title='bbox 496 2316 657 2370; x_wconf 82' lang='lat' dir='ltr'>praefata</span> <span class='ocrx_word' id='word_1_274' title='bbox 676 2317 820 2356; x_wconf 90' lang='lat' dir='ltr'>mulier</span> <span class='ocrx_word' id='word_1_275' title='bbox 840 2319 1047 2370; x_wconf 83' lang='lat' dir='ltr'>pristinam</span> <span class='ocrx_word' id='word_1_276' title='bbox 1070 2320 1321 2366; x_wconf 81' lang='lat' dir='ltr'>sententiam,</span> <span class='ocrx_word' id='word_1_277' title='bbox 1343 2330 1380 2358; x_wconf 89' lang='lat' dir='ltr'>et</span> <span class='ocrx_word' id='word_1_278' title='bbox 1404 2320 1569 2359; x_wconf 87' lang='lat' dir='ltr'>meliora</span> <span class='ocrx_word' id='word_1_279' title='bbox 1591 2336 1630 2360; x_wconf 87' lang='lat' dir='ltr'>se</span> <span class='ocrx_word' id='word_1_280' title='bbox 1650 2322 1778 2361; x_wconf 87' lang='lat' dir='ltr'>dictu-</span> 
     </span>
     <span class='ocr_line' id='line_1_31' title="bbox 136 2389 1778 2447; baseline 0.002 -19"><span class='ocrx_word' id='word_1_281' title='bbox 136 2403 219 2428; x_wconf 88' lang='lat' dir='ltr'>ram</span> <span class='ocrx_word' id='word_1_282' title='bbox 237 2389 486 2429; x_wconf 87' lang='lat' dir='ltr'>acclamavit.</span> <span class='ocrx_word' id='word_1_283' title='bbox 512 2389 638 2435; x_wconf 88' lang='lat' dir='ltr'>Quod</span> <span class='ocrx_word' id='word_1_284' title='bbox 659 2403 751 2429; x_wconf 89' lang='lat' dir='ltr'>cum</span> <span class='ocrx_word' id='word_1_285' title='bbox 771 2389 922 2442; x_wconf 84' lang='lat' dir='ltr'>judices</span> <span class='ocrx_word' id='word_1_286' title='bbox 943 2390 1175 2429; x_wconf 80' lang='lat' dir='ltr'>exhilaranti</span> <span class='ocrx_word' id='word_1_287' title='bbox 1201 2392 1335 2430; x_wconf 87' lang='lat' dir='ltr'>animo</span> <span class='ocrx_word' id='word_1_288' title='bbox 1362 2391 1660 2442; x_wconf 85' lang='lat' dir='ltr'>intellexerunt,</span> <span class='ocrx_word' id='word_1_289' title='bbox 1690 2408 1778 2447; x_wconf 88' lang='lat' dir='ltr'>spe-</span> 
     </span>
     <span class='ocr_line' id='line_1_32' title="bbox 135 2460 1778 2516; baseline 0.002 -16"><span class='ocrx_word' id='word_1_290' title='bbox 135 2470 263 2500; x_wconf 86' lang='lat' dir='ltr'>rantes</span> <span class='ocrx_word' id='word_1_291' title='bbox 284 2474 429 2514; x_wconf 91' lang='lat' dir='ltr'>corpus</span> <span class='ocrx_word' id='word_1_292' title='bbox 456 2470 495 2500; x_wconf 92' lang='lat' dir='ltr'>et</span> <span class='ocrx_word' id='word_1_293' title='bbox 517 2461 693 2500; x_wconf 88' lang='lat' dir='ltr'>animam</span> <span class='ocrx_word' id='word_1_294' title='bbox 719 2460 824 2499; x_wconf 88' lang='lat' dir='ltr'>illius</span> <span class='ocrx_word' id='word_1_295' title='bbox 848 2462 863 2487; x_wconf 80' lang='lat'><strong><em>⁶</em></strong></span> <span class='ocrx_word' id='word_1_296' title='bbox 888 2475 907 2500; x_wconf 84' lang='lat' dir='ltr'>a</span> <span class='ocrx_word' id='word_1_297' title='bbox 933 2461 1158 2514; x_wconf 88' lang='lat' dir='ltr'>perditione</span> <span class='ocrx_word' id='word_1_298' title='bbox 1188 2462 1416 2511; x_wconf 88' lang='lat' dir='ltr'>redemisse,</span> <span class='ocrx_word' id='word_1_299' title='bbox 1449 2463 1639 2516; x_wconf 85' lang='lat' dir='ltr'>benignas</span> <span class='ocrx_word' id='word_1_300' title='bbox 1665 2479 1778 2504; x_wconf 87' lang='lat' dir='ltr'>aures</span> 
     </span>
     <span class='ocr_line' id='line_1_33' title="bbox 113 2532 1776 2586; baseline 0.002 -15"><span class='ocrx_word' id='word_1_301' title='bbox 113 2542 116 2545; x_wconf 73' lang='grc'>’</span> <span class='ocrx_word' id='word_1_302' title='bbox 137 2533 295 2572; x_wconf 91' lang='lat' dir='ltr'>mulieri</span> <span class='ocrx_word' id='word_1_303' title='bbox 320 2532 501 2586; x_wconf 90' lang='lat' dir='ltr'>loquenti</span> <span class='ocrx_word' id='word_1_304' title='bbox 523 2533 956 2581; x_wconf 79' lang='lat' dir='ltr'>accommodaverunt3</span> <span class='ocrx_word' id='word_1_305' title='bbox 987 2546 1075 2586; x_wconf 77' lang='lat' dir='ltr'>quae</span> <span class='ocrx_word' id='word_1_306' title='bbox 1101 2542 1195 2572; x_wconf 90' lang='lat' dir='ltr'>tunc</span> <span class='ocrx_word' id='word_1_307' title='bbox 1218 2548 1301 2572; x_wconf 87' lang='lat' dir='ltr'>sese</span> <span class='ocrx_word' id='word_1_308' title='bbox 1327 2535 1570 2576; x_wconf 85' lang='lat' dir='ltr'>ordinationi</span> <span class='ocrx_word' id='word_1_309' title='bbox 1589 2536 1776 2576; x_wconf 76' lang='lat' dir='ltr'>Ecclesia:</span> 
     </span>
     <span class='ocr_line' id='line_1_34' title="bbox 135 2603 1777 2658; baseline 0.002 -16"><span class='ocrx_word' id='word_1_310' title='bbox 135 2603 336 2652; x_wconf 86' lang='lat' dir='ltr'>submisit,</span> <span class='ocrx_word' id='word_1_311' title='bbox 360 2614 396 2643; x_wconf 91' lang='lat' dir='ltr'>et</span> <span class='ocrx_word' id='word_1_312' title='bbox 421 2617 515 2643; x_wconf 91' lang='lat' dir='ltr'>suos</span> <span class='ocrx_word' id='word_1_313' title='bbox 537 2617 687 2643; x_wconf 89' lang='lat' dir='ltr'>errores</span> <span class='ocrx_word' id='word_1_314' title='bbox 706 2603 970 2657; x_wconf 87' lang='lat' dir='ltr'>pestiferaque</span> <span class='ocrx_word' id='word_1_315' title='bbox 993 2605 1158 2642; x_wconf 87' lang='lat' dir='ltr'>crimina</span> <span class='ocrx_word' id='word_1_316' title='bbox 1177 2618 1243 2643; x_wconf 91' lang='lat' dir='ltr'>ore</span> <span class='ocrx_word' id='word_1_317' title='bbox 1262 2615 1397 2658; x_wconf 85' lang='lat' dir='ltr'>aperto</span> <span class='ocrx_word' id='word_1_318' title='bbox 1431 2609 1632 2646; x_wconf 82' lang='lat' dir='ltr'>revocavit</span> <span class='ocrx_word' id='word_1_319' title='bbox 1651 2618 1688 2646; x_wconf 92' lang='lat' dir='ltr'>et</span> <span class='ocrx_word' id='word_1_320' title='bbox 1712 2608 1777 2646; x_wconf 90' lang='lat' dir='ltr'>ab-</span> 
     </span>
     <span class='ocr_line' id='line_1_35' title="bbox 138 2674 1776 2731; baseline 0.002 -17"><span class='ocrx_word' id='word_1_321' title='bbox 138 2676 296 2728; x_wconf 78' lang='lat' dir='ltr'>juravit,</span> <span class='ocrx_word' id='word_1_322' title='bbox 323 2674 580 2715; x_wconf 87' lang='lat' dir='ltr'>schedulam7</span> <span class='ocrx_word' id='word_1_323' title='bbox 600 2676 717 2728; x_wconf 87' lang='lat' dir='ltr'>hujus</span> <span class='ocrx_word' id='word_1_324' title='bbox 736 2675 1001 2713; x_wconf 84' lang='lat' dir='ltr'>revocationis</span> <span class='ocrx_word' id='word_1_325' title='bbox 1020 2685 1057 2714; x_wconf 92' lang='lat' dir='ltr'>et</span> <span class='ocrx_word' id='word_1_326' title='bbox 1080 2675 1342 2728; x_wconf 88' lang='lat' dir='ltr'>abjurationis</span> <span class='ocrx_word' id='word_1_327' title='bbox 1365 2679 1521 2731; x_wconf 86' lang='lat' dir='ltr'>propria</span> <span class='ocrx_word' id='word_1_328' title='bbox 1542 2692 1662 2718; x_wconf 85' lang='lat' dir='ltr'>manu</span> <span class='ocrx_word' id='word_1_329' title='bbox 1682 2679 1776 2718; x_wconf 91' lang='lat' dir='ltr'>sub-</span> 
     </span>
     <span class='ocr_line' id='line_1_36' title="bbox 138 2745 1776 2803; baseline 0.002 -17"><span class='ocrx_word' id='word_1_330' title='bbox 138 2745 314 2786; x_wconf 80' lang='lat' dir='ltr'>scribens</span> <span class='ocrx_word' id='word_1_331' title='bbox 334 2762 343 2796; x_wconf 90' lang='lat'>;</span> <span class='ocrx_word' id='word_1_332' title='bbox 366 2748 503 2801; x_wconf 90' lang='lat' dir='ltr'>sicque</span> <span class='ocrx_word' id='word_1_333' title='bbox 523 2747 588 2800; x_wconf 92' lang='lat' dir='ltr'>pia</span> <span class='ocrx_word' id='word_1_334' title='bbox 612 2755 736 2785; x_wconf 85' lang='lat' dir='ltr'>mater</span> <span class='ocrx_word' id='word_1_335' title='bbox 754 2746 944 2794; x_wconf 87' lang='lat' dir='ltr'>Ecclesia,</span> <span class='ocrx_word' id='word_1_336' title='bbox 968 2747 1146 2799; x_wconf 80' lang='lat' dir='ltr'>gaudens</span> <span class='ocrx_word' id='word_1_337' title='bbox 1175 2760 1294 2800; x_wconf 87' lang='lat' dir='ltr'>super</span> <span class='ocrx_word' id='word_1_338' title='bbox 1324 2750 1542 2801; x_wconf 87' lang='lat' dir='ltr'>peccatrice</span> <span class='ocrx_word' id='word_1_339' title='bbox 1576 2751 1776 2803; x_wconf 81' lang='lat' dir='ltr'>poeniten-</span> 
     </span>
     <span class='ocr_line' id='line_1_37' title="bbox 137 2817 1774 2873; baseline 0.002 -16"><span class='ocrx_word' id='word_1_340' title='bbox 137 2819 232 2858; x_wconf 88' lang='lat' dir='ltr'>tiam</span> <span class='ocrx_word' id='word_1_341' title='bbox 253 2828 412 2872; x_wconf 86' lang='lat' dir='ltr'>agente,</span> <span class='ocrx_word' id='word_1_342' title='bbox 442 2832 640 2872; x_wconf 89' lang='lat' dir='ltr'>ovemque</span> <span class='ocrx_word' id='word_1_343' title='bbox 668 2827 861 2870; x_wconf 90' lang='lat' dir='ltr'>repertam</span> <span class='ocrx_word' id='word_1_344' title='bbox 887 2817 933 2856; x_wconf 90' lang='lat' dir='ltr'>ad</span> <span class='ocrx_word' id='word_1_345' title='bbox 959 2817 1090 2856; x_wconf 85' lang='lat' dir='ltr'>caulas</span> <span class='ocrx_word' id='word_1_346' title='bbox 1116 2818 1323 2867; x_wconf 85' lang='lat' dir='ltr'>reducens,</span> <span class='ocrx_word' id='word_1_347' title='bbox 1357 2834 1444 2873; x_wconf 63' lang='lat' dir='ltr'>quac</span> <span class='ocrx_word' id='word_1_348' title='bbox 1477 2835 1544 2873; x_wconf 83' lang='lat' dir='ltr'>per</span> <span class='ocrx_word' id='word_1_349' title='bbox 1574 2821 1774 2861; x_wconf 87' lang='lat' dir='ltr'>desertum</span> 
     </span>
     <span class='ocr_line' id='line_1_38' title="bbox 134 2889 1776 2946; baseline 0.002 -17"><span class='ocrx_word' id='word_1_350' title='bbox 134 2889 396 2937; x_wconf 86' lang='lat' dir='ltr'>aberraverat,</span> <span class='ocrx_word' id='word_1_351' title='bbox 421 2891 546 2943; x_wconf 90' lang='lat' dir='ltr'>ipsam</span> <span class='ocrx_word' id='word_1_352' title='bbox 578 2889 816 2936; x_wconf 86' lang='lat' dir='ltr'>carceribus,</span> <span class='ocrx_word' id='word_1_353' title='bbox 844 2903 914 2941; x_wconf 90' lang='lat' dir='ltr'>pro</span> <span class='ocrx_word' id='word_1_354' title='bbox 942 2890 1093 2941; x_wconf 80' lang='lat' dir='ltr'>agenda</span> <span class='ocrx_word' id='word_1_355' title='bbox 1116 2889 1273 2928; x_wconf 84' lang='lat' dir='ltr'>salutari</span> <span class='ocrx_word' id='word_1_356' title='bbox 1293 2891 1545 2943; x_wconf 86' lang='lat' dir='ltr'>poenitentia,</span> <span class='ocrx_word' id='word_1_357' title='bbox 1576 2894 1776 2946; x_wconf 86' lang='lat' dir='ltr'>mancipa-</span> 
     </span>
    </p>
   </div>
   <div class='ocr_carea' id='block_1_3' title="bbox 133 3061 1772 3168">
    <p class='ocr_par' dir='ltr' id='par_1_3' title="bbox 133 3061 1772 3168">
     <span class='ocr_line' id='line_1_39' title="bbox 176 3061 1772 3110; baseline 0.001 -12"><span class='ocrx_word' id='word_1_358' title='bbox 176 3075 213 3104; x_wconf 50' lang='grc'>,1.</span> <span class='ocrx_word' id='word_1_359' title='bbox 240 3063 299 3098; x_wconf 90' lang='lat' dir='ltr'>C:</span> <span class='ocrx_word' id='word_1_360' title='bbox 321 3064 510 3110; x_wconf 58' lang='lat' dir='ltr'>complures.</span> <span class='ocrx_word' id='word_1_361' title='bbox 545 3084 590 3087; x_wconf 90' lang='lat'><strong>—</strong></span> <span class='ocrx_word' id='word_1_362' title='bbox 616 3073 651 3098; x_wconf 83' lang='lat'>2.</span> <span class='ocrx_word' id='word_1_363' title='bbox 676 3062 715 3095; x_wconf 75' lang='lat' dir='ltr'><em>A</em></span> <span class='ocrx_word' id='word_1_364' title='bbox 741 3074 750 3095; x_wconf 94' lang='lat'>.·</span> <span class='ocrx_word' id='word_1_365' title='bbox 778 3061 991 3107; x_wconf 60' lang='lat' dir='ltr'>ldaphcmam.</span> <span class='ocrx_word' id='word_1_366' title='bbox 1024 3082 1069 3087; x_wconf 98' lang='lat'><strong>—</strong></span> <span class='ocrx_word' id='word_1_367' title='bbox 1103 3072 1132 3107; x_wconf 79' lang='lat'>3.</span> <span class='ocrx_word' id='word_1_368' title='bbox 1159 3062 1256 3097; x_wconf 85' lang='lat' dir='ltr'>AC:</span> <span class='ocrx_word' id='word_1_369' title='bbox 1282 3065 1516 3099; x_wconf 62' lang='lat' dir='ltr'>scismaticum.</span> <span class='ocrx_word' id='word_1_370' title='bbox 1545 3086 1590 3090; x_wconf 96' lang='lat'><strong>—</strong></span> <span class='ocrx_word' id='word_1_371' title='bbox 1623 3075 1655 3108; x_wconf 73' lang='lat'>4.</span> <span class='ocrx_word' id='word_1_372' title='bbox 1677 3066 1739 3100; x_wconf 78' lang='lat' dir='ltr'>AB</span> <span class='ocrx_word' id='word_1_373' title='bbox 1764 3078 1772 3099; x_wconf 94' lang='lat'><em>:</em></span> 
     </span>
     <span class='ocr_line' id='line_1_40' title="bbox 133 3120 1771 3168; baseline 0.001 -10"><span class='ocrx_word' id='word_1_374' title='bbox 133 3123 468 3158; x_wconf 75' lang='lat' dir='ltr'>comletmealione.—</span> <span class='ocrx_word' id='word_1_375' title='bbox 494 3133 522 3166; x_wconf 85' lang='lat'>5.</span> <span class='ocrx_word' id='word_1_376' title='bbox 537 3122 603 3156; x_wconf 74' lang='lat' dir='ltr'>Ac</span> <span class='ocrx_word' id='word_1_377' title='bbox 624 3134 634 3155; x_wconf 92' lang='lat'><em>:</em></span> <span class='ocrx_word' id='word_1_378' title='bbox 651 3126 777 3155; x_wconf 77' lang='lat' dir='ltr'>utrum.</span> <span class='ocrx_word' id='word_1_379' title='bbox 794 3142 836 3146; x_wconf 86' lang='lat'>--</span> <span class='ocrx_word' id='word_1_380' title='bbox 857 3120 891 3155; x_wconf 85' lang='lat'>6.</span> <span class='ocrx_word' id='word_1_381' title='bbox 909 3121 976 3156; x_wconf 79' lang='lat' dir='ltr'>AC</span> <span class='ocrx_word' id='word_1_382' title='bbox 1000 3134 1010 3155; x_wconf 89' lang='lat'>.·</span> <span class='ocrx_word' id='word_1_383' title='bbox 1032 3123 1204 3168; x_wconf 79' lang='lat' dir='ltr'>ipsius.—</span> <span class='ocrx_word' id='word_1_384' title='bbox 1226 3133 1257 3167; x_wconf 89' lang='lat'>7.</span> <span class='ocrx_word' id='word_1_385' title='bbox 1280 3123 1305 3156; x_wconf 88' lang='lat' dir='ltr'><em>B</em></span> <span class='ocrx_word' id='word_1_386' title='bbox 1323 3136 1333 3159; x_wconf 87' lang='grc'>.·</span> <span class='ocrx_word' id='word_1_387' title='bbox 1354 3123 1498 3159; x_wconf 71' lang='lat' dir='ltr'>cedulam</span> <span class='ocrx_word' id='word_1_388' title='bbox 1519 3138 1528 3162; x_wconf 92' lang='lat'><em>:</em></span> <span class='ocrx_word' id='word_1_389' title='bbox 1549 3125 1579 3159; x_wconf 86' lang='lat' dir='ltr'>C</span> <span class='ocrx_word' id='word_1_390' title='bbox 1593 3125 1771 3161; x_wconf 61' lang='lat' dir='ltr'>:sedulam</span> 
     </span>
    </p>
   </div>
  </div>
 </body>
</html>
