2099 3356
338 204 495 248 pRoc'Es
526 218 583 248 DE
616 218 967 248 CONDAMNATloN
1002 218 1058 246 DE
1089 218 1256 259 JEANNE
1288 203 1418 247 D'Aizc
1613 218 1693 260 241

57 333 147 363 uno
170 333 300 375 genu.
331 317 381 361 Et
405 317 513 362 dixit
541 316 659 376 quod
691 332 917 376 nunquam
953 316 1059 360 vidit
1098 316 1163 360 vel
1193 315 1288 360 fecit
1315 316 1406 359 fieri
1439 316 1565 360 aliam
1594 317 1703 359 ima-

54 402 200 460 ginem
229 401 295 445 vel
320 396 529 459 picturam
552 400 602 445 ad
630 416 753 445 suam
780 399 1131 445 similitudinem.
1153 426 1211 430 ——
1235 401 1500 458 Interrogata
1521 399 1572 443 de
1597 415 1704 458 quo-

57 483 156 529 dam
181 483 337 528 tabello
364 501 438 529 seu
463 484 648 543 quadam
675 483 842 537 tabella,
867 499 996 542 penes
1022 483 1239 541 hospitem
1263 499 1410 537 suum,
1432 482 1546 542 apud
1567 484 1705 527 Aure-

57 568 197 621 lianis,
228 568 273 611 in
300 584 384 627 qua
417 580 536 612 erant
563 569 686 626 pictae
712 581 796 612 tres
821 567 1031 617 foeminae,
1056 568 1218 622 Justice,
1253 568 1378 621 Paix,
1422 569 1555 612 Union
1580 584 1588 611 ;
1616 582 1706 610 res—

59 651 221 710 pondet
242 651 360 710 quod
390 651 441 696 de
476 651 558 696 hoc
586 651 695 695 nihil
719 652 811 696 scit.
835 677 894 682 —
929 652 1191 708 Interrogata
1209 652 1243 694 si
1269 653 1358 709 ipsa
1381 652 1483 695 sciat
1507 649 1625 709 quod
1645 650 1705 693 illi

58 734 109 779 de
147 750 222 778 sua
262 749 378 793 parte
408 736 584 780 fecerint
616 736 857 789 servitium,
904 736 1078 778 missam
1107 747 1149 778 et
1184 735 1428 779 orationem
1469 750 1546 792 pro
1577 735 1667 792 ipsa
1694 750 1702 776 :

58 818 282 877 respondit
301 818 420 877 quod
445 820 533 878 ipsa
553 819 605 863 de
631 819 713 864 hoc
731 818 840 862 nihil
861 820 968 872 scit3
994 832 1051 871 et,
1077 819 1110 861 si
1132 817 1184 862 de
1208 834 1255 861 ea
1276 817 1438 862 faciunt
1463 819 1702 871 servitium,

57 901 139 946 hoc
175 918 264 945 non
287 901 448 946 faciunt
475 918 548 961 per
571 919 699 946 suum
735 914 1025 961 praeceptum;
1060 914 1101 946 et
1127 903 1161 945 si
1202 903 1356 959 precati
1384 916 1486 946 sunt
1521 918 1598 960 pro
1641 918 1702 957 ea,

56 985 225 1030 videtur
250 985 330 1029 sibi
358 985 477 1045 quod
499 987 577 1045 ipsi
601 1003 690 1031 non
714 986 876 1030 faciunt
904 986 1085 1030 malum.

116 1070 244 1122 Item,
270 1068 369 1128 [ista
404 1069 493 1128 die]
519 1069 699 1124 sabbati,
730 1071 852 1114 tertia
881 1071 1039 1123 martii,
1060 1070 1320 1128 interrogata
1348 1070 1520 1128 qualem
1544 1079 1552 1095 ¹
1584 1086 1706 1114 reve—

58 1155 240 1197 rentiam
272 1153 333 1197 illi
361 1152 412 1197 de
435 1153 582 1198 Trecis
616 1153 810 1198 fecerunt
838 1155 895 1206 ei,
927 1155 970 1197 in
999 1154 1192 1211 ingressu
1229 1170 1237 1197 :
1274 1153 1496 1211 respondit
1527 1170 1534 1196 :
1565 1171 1585 1192 «
1621 1155 1706 1211 Ipsi

62 1253 151 1281 non
191 1236 385 1281 fecerunt
426 1237 535 1281 mihi
569 1239 870 1282 reverentiam.
901 1255 920 1278 »
956 1237 1006 1281 Et
1037 1237 1145 1282 dixit
1182 1237 1294 1281 ultra
1320 1239 1439 1296 quia,
1465 1236 1707 1281 secundum

57 1321 177 1380 quod
199 1323 236 1365 ei
260 1320 445 1373 videtur,
470 1321 600 1366 frater
627 1321 835 1366 Ricardus
862 1322 1038 1365 intravit
1061 1320 1234 1375 Trecas,
1260 1319 1437 1379 quando
1465 1321 1544 1379 ipsi
1572 1322 1708 1365 intra—

57 1419 246 1459 verunt3
284 1405 356 1449 sed
394 1407 483 1464 ipsa
517 1422 606 1450 non
636 1405 882 1450 recordatur
923 1406 958 1449 si
989 1421 1092 1449 eum
1131 1403 1288 1448 viderit
1329 1405 1374 1448 in
1412 1405 1622 1463 ingressu.
1649 1431 1707 1436 -

57 1490 321 1548 Interrogata
344 1490 378 1533 si
404 1490 491 1547 ipse
518 1488 645 1534 frater
670 1489 876 1535 Ricardus
904 1489 1048 1534 fecerit
1075 1505 1325 1533 sermonem
1350 1490 1394 1532 in
1420 1490 1631 1546 ingressu,
1657 1488 1708 1532 de

57 1572 246 1618 adventu
285 1574 418 1632 ipsius
455 1574 702 1630 Johannae:
743 1573 965 1632 respondit
1008 1572 1125 1632 quod
1161 1574 1250 1631 ipsa
1301 1589 1392 1616 non
1433 1573 1509 1617 diu
1552 1574 1709 1617 mansit

57 1658 221 1712 Trecis,
251 1671 291 1702 et
319 1675 547 1718 nunquam
572 1657 735 1702 ibidem
771 1659 928 1715 jacuit3
953 1670 994 1701 et
1027 1669 1242 1715 quantum
1287 1656 1335 1700 ad
1362 1672 1628 1711 sermonem,
1658 1656 1709 1700 de

58 1758 111 1786 eo
130 1741 244 1786 'nihil
268 1744 360 1786 scit.

119 1893 227 1936 LIII.
258 1907 278 1931 «
308 1893 432 1948 ITEM,
462 1905 614 1937 contra
648 1905 855 1952 praecepta
885 1893 967 1936 Dei
1002 1904 1043 1936 et
1070 1874 1343 1942 Sanctorum,
1373 1891 1485 1936 dicta
1507 1892 1707 1948 Johanna

58 1977 288 2035 assumpsit
311 1975 390 2020 sibi
416 1989 756 2034 praesumptuose
777 1989 819 2020 et
845 1975 1025 2034 superbe
1053 1975 1406 2020 dominationem
1442 1977 1484 2019 in
1514 1988 1554 2019 et
1577 1992 1706 2034 supra

56 2062 186 2114 viros,
211 2077 254 2104 se
281 2059 588 2105 constituendo
608 2073 734 2119 caput
767 2074 808 2104 et
842 2059 998 2104 ducem
1026 2061 1254 2114 exercitus,
1284 2058 1518 2118 aliquando
1547 2075 1707 2104 nume-

58 2145 145 2189 rosi
171 2145 275 2188 XVI
297 2144 484 2188 millium
509 2145 721 2197 virorum,
744 2146 788 2188 in
811 2160 900 2203 quo
925 2157 1045 2188 erant
1066 2145 1295 2203 principes,
1318 2143 1497 2188 barones
1517 2155 1559 2187 et
1582 2143 1710 2187 multi

59 2228 128 2273 alii
147 2227 330 2283 nobiles,
352 2244 463 2288 quos
490 2245 644 2273 omnes
670 2227 750 2273 sub
771 2245 830 2281 se,
868 2241 1076 2288 tanquam
1105 2228 1184 2272 sub
1215 2230 1438 2287 capitaneo
1471 2227 1709 2286 principali,

65 2313 251 2357 militare
278 2311 390 2357 fecit.
430 2330 449 2352 »

122 2396 212 2440 *Ad
240 2397 359 2441 hunc
380 2406 393 2422 ²
431 2396 679 2451 articulum,
706 2396 777 2441 die
812 2398 1032 2451 mercurii,
1063 2411 1218 2441 xxvm.
1249 2394 1656 2454 martii,respondet
1682 2403 1711 2450 ³,

65 2493 280 2539 quantum
306 2480 357 2525 ad
388 2481 549 2525 factum
573 2481 709 2525 d’estre
736 2482 841 2539 chief
858 2482 903 2525 de
930 2497 1072 2539 guerre
1096 2481 1263 2539 gallice,
1294 2481 1382 2538 ipsa
1418 2479 1519 2523 alias
1546 2479 1597 2523 de
1632 2479 1714 2524 hoc

65 2563 314 2623 respondit,
344 2577 384 2608 et
404 2565 438 2608 si
459 2565 547 2623 ipsa
574 2564 656 2608 fuit
683 2576 811 2622 caput
829 2580 1010 2622 guerrae,
1032 2563 1114 2607 hoc
1137 2562 1219 2608 fuit
1237 2578 1313 2622 pro
1331 2561 1596 2606 verberando
1623 2564 1714 2606 An-

121 2748 339 2801 *Respond
365 2757 490 2801 quant
509 2747 555 2786 ad
581 2761 640 2796 ce,
668 2756 791 2801 quant
811 2761 858 2786 au
878 2746 947 2786 fait
969 2746 1109 2785 d'estre
1131 2746 1241 2785 chief
1262 2745 1310 2785 de
1336 2759 1492 2799 guerre,
1519 2746 1594 2785 elle
1615 2761 1664 2785 en
1696 2760 1716 2785 a

69 2817 258 2858 autrefois
284 2819 485 2871 respondu
505 2833 513 2865 3
533 2828 570 2857 et
593 2817 703 2856 s’elle
728 2820 844 2857 estoit
866 2817 977 2856 chief
991 2817 1038 2856 de
1062 2831 1220 2870 guerre,
1245 2816 1396 2856 s'estoit
1417 2831 1521 2870 pour
1539 2817 1645 2856 batre
1661 2817 1716 2855 les

71 2889 266 2943 Angloys.

140 3075 170 3099 1.
194 3064 252 3099 B:
272 3064 430 3111 qualiter.
467 3085 508 3091 —-
541 3074 574 3099 2.
603 3065 635 3099 A
663 3076 674 3099 :
700 3064 1015 3111 quinqngesimum
1045 3065 1197 3098 tertium.
1228 3082 1272 3090 —1
1301 3073 1330 3109 3.
1353 3063 1521 3111 Aajoute
1540 3062 1718 3109 saepedicta

68 3122 232 3166 Johanna.

200 3198 327 3228 l’uoc-sss
352 3209 391 3228 DE
414 3199 546 3238 JEANNE
571 3200 687 3228 D’Altc.
1557 3204 1592 3226 10
