2099 3356
332 156 415 199 250
608 143 765 187 PRocr'zs
798 158 854 188 DE
885 157 1239 188 CONDAMNA'rioN
1275 159 1330 187 DE
1360 158 1527 200 JEANNE
1560 142 1689 189 o’ARc

325 255 481 313 depicti
502 269 622 300 erant
644 257 685 300 in
717 258 808 315 ipso
827 258 1039 310 estendam,
1067 257 1427 315 repraesentabant
1449 270 1618 301 sanctos
1643 257 1900 302 Michaelem
1927 271 1969 302 et

327 339 569 383 Gabrielem
587 356 595 383 ε
616 339 833 397 respondit
846 339 965 398 quod
981 356 1069 384 non
1085 353 1206 385 erant
1221 340 1292 391 ibi,
1311 341 1390 383 nisi
1407 340 1549 384 solum
1567 354 1740 399 propter
1755 341 1970 386 honorem

329 423 511 466 Domini
533 424 683 477 nostri,
705 425 780 482 qui
802 423 997 482 depictus
1018 437 1106 468 erat
1126 426 1170 467 in
1187 424 1261 467 illo
1282 433 1290 449 ¹
1312 425 1521 468 estendam.
1546 426 1595 468 Et
1617 423 1863 483 dixitquod
1883 441 1972 469 non

329 506 426 549 fecit
450 506 537 550 fieri
561 507 676 550 illam
701 509 1122 565 repraesentationem
1145 507 1331 551 duorum
1357 506 1632 565 angelorum‚'
1657 508 1738 552 nisi
1758 508 1902 552 solum
1930 510 1973 564 in

331 590 495 633 bonore
530 591 711 634 Domini
744 592 879 634 nostri
913 593 987 649 qui
1020 591 1225 649 figuratus
1250 604 1338 635 erat
1373 592 1416 634 in
1453 591 1527 636 illo
1552 593 1794 646 estendart2,
1825 606 1974 636 tenens

331 675 562 718 mundum.
588 700 630 705 —
649 675 912 732 Interrogata
925 676 958 718 si
979 676 1055 733 ipsi
1072 673 1159 719 duo
1177 675 1333 733 angeli,
1351 676 1562 734 quierant
1577 675 1746 733 figurati
1759 691 1803 719 en
1820 675 1972 720 l'esten-

328 759 436 811 dart,
459 771 578 802 erant
600 757 687 802 duo
705 759 844 815 angeli
863 760 935 817 qui
955 758 1253 803 custodiebant
1272 757 1508 813 mundum,
1533 771 1574 803 et
1591 775 1722 818 quare
1744 775 1832 803 non
1851 771 1972 804 erant

332 842 487 899 plures,
515 843 608 885 viso
631 841 747 900 quod
767 843 804 885 ei
828 856 1086 901 praeceptum
1110 855 1198 886 erat
1222 858 1272 886 ex
1299 855 1415 900 parte
1436 843 1516 886 Dei
1545 842 1663 900 quod
1697 844 1786 900 ipsa
1809 845 1970 901 accipe-

329 937 389 968 ret
414 924 517 968 illud
539 926 734 969 estendam
753 943 761 968 ε
784 925 1003 984 respondit
1021 924 1169 984 quod³
1191 939 1334 970 totum
1355 926 1575 970 l'estendart
1598 939 1686 970 erat
1710 939 1968 985 praeceptum

329 1024 378 1051 ex
408 1022 522 1066 parte
547 1009 645 1062 Dei,
673 1025 747 1067 per
771 1025 896 1053 voces
918 1023 1161 1053 sanctarum
1181 1009 1427 1053 Katbarinae
1446 1022 1488 1054 et
1506 1010 1759 1068 Margaretae
1777 1026 1873 1069 quae
1894 1009 1972 1053 sibi

328 1092 527 1136 dixerunt
551 1109 559 1135 ;
588 1109 606 1133 «
623 1094 781 1151 Accipe
797 1093 1023 1137 l’estendart
1049 1110 1097 1137 ex
1116 1106 1231 1152 parte
1251 1094 1378 1151 Regis
1403 1094 1557 1137 coeli.»
1583 1095 1632 1137 Et
1657 1095 1781 1152 quia4
1809 1094 1974 1138 Sanctae

328 1175 530 1220 dixerunt
556 1178 593 1221 ei
621 1193 640 1216 «
671 1177 787 1234 Cape
812 1178 1008 1221 estendart
1031 1193 1082 1221 ex
1113 1191 1230 1235 parte
1259 1179 1384 1235 Regis
1417 1177 1516 1221 coeli
1547 1193 1586 1230 »‚
1618 1179 1707 1235 ipsa
1731 1179 1772 1221 in
1800 1193 1853 1221 eo
1876 1177 1973 1222 fecit

330 1260 416 1303 fieri
434 1260 548 1303 illam
567 1260 747 1318 figuram
765 1262 846 1305 Dei
859 1274 899 1305 et
918 1261 1107 1306 duorum
1119 1261 1388 1318 angelorum.
1406 1261 1458 1305 Et
1474 1260 1526 1305 de
1541 1261 1682 1305 colore
1695 1274 1735 1305 et
1749 1260 1970 1315 omnibus,

329 1343 425 1387 fecit
448 1343 535 1387 fieri
559 1360 630 1402 per
656 1360 803 1388 earum
827 1358 1107 1403 praeceptum.
1137 1371 1191 1375 -—
1212 1346 1474 1403 Interrogata
1493 1346 1524 1389 si
1549 1358 1649 1389 tunc
1674 1346 1796 1403 petiit
1819 1344 1871 1389 ab
1895 1346 1972 1388 eis÷

328 1427 426 1472 dem
451 1429 613 1471 Sanctis
631 1429 681 1482 si,
699 1429 738 1471 in
765 1430 921 1472 virtute
937 1429 1051 1472 illius
1077 1429 1234 1479 vexilli,
1256 1429 1343 1486 ipsa
1364 1428 1577 1472 obtineret
1598 1430 1641 1472 in
1660 1428 1864 1473 omnibus
1886 1428 1971 1472 bel-

330 1513 378 1555 lis
400 1513 442 1555 in
471 1511 629 1570 quibus
651 1514 825 1556 intraret
850 1525 890 1556 et
918 1512 1036 1571 quod
1058 1514 1144 1570 ipsa
1168 1515 1208 1555 in
1237 1514 1296 1556 eis
1318 1512 1490 1556 haberet
1510 1514 1733 1556 victoriam
1760 1526 1768 1555 :
1797 1515 1971 1571 respcm-

329 1597 390 1640 dit
416 1595 534 1653 quod
559 1595 680 1639 dictae
708 1596 871 1639 Sanctae
902 1595 1105 1640 dixerunt
1133 1598 1169 1640 ei
1197 1595 1313 1655 quod
1343 1597 1429 1654 ipsa
1457 1597 1663 1654 acciperet
1687 1596 1899 1649 audacter,
1930 1609 1972 1640 et

327 1679 445 1738 quod
474 1680 592 1723 Deus
618 1681 783 1736 juvaret
804 1696 915 1723 eam.
950 1705 1007 1710 —
1030 1681 1291 1737 Interrogata
1313 1681 1409 1737 quis
1435 1680 1528 1737 plus
1557 1679 1744 1736 juvabat,
1780 1680 1845 1723 vel
1883 1681 1971 1737 ipsa
2009 1726 2013 1730 ,

328 1764 485 1807 vexillo
507 1779 602 1816 suo,
624 1763 689 1807 vel
712 1763 916 1807 vexillum
942 1763 1080 1807 eidem
1109 1781 1116 1807 :
1142 1763 1361 1822 respondit
1376 1762 1494 1822 quod
1516 1764 1692 1807 victoria
1711 1763 1853 1806 vexilli
1874 1764 1969 1807 vel⁵

329 1850 460 1906 ipsius
477 1849 683 1901 mulieris,
710 1860 854 1892 totum
879 1861 969 1892 erat
985 1847 1310 1892 attribuendum
1334 1849 1444 1893 Deo.
1469 1849 1800 1906 —Interrogata
1824 1848 1858 1892 si
1879 1864 1973 1907 spes

330 1931 512 1974 habendi
535 1932 761 1975 victoriam
783 1944 870 1975 erat
890 1931 1064 1976 fundata
1085 1933 1127 1975 in
1151 1948 1229 1975 suo
1251 1931 1408 1975 vexillo
1428 1931 1494 1975 vel
1514 1932 1559 1974 in
1581 1932 1669 1990 ipsa
1700 1945 1709 1974 :
1733 1931 1969 1990 respondit,

329 2031 421 2073 spes
448 2015 570 2059 dictae
587 2017 775 2059 victoriae
792 2028 878 2059 erat
901 2015 1075 2059 fundata
1100 2017 1142 2058 in
1168 2016 1277 2067 Deo,
1307 2028 1347 2059 et
1370 2031 1456 2059 non
1475 2014 1589 2059 alibi.
1609 2016 1969 2073 —1Interr0gata,

330 2099 361 2141 si
396 2114 509 2142 unus
537 2099 644 2142 alius
671 2099 722 2142 ab
742 2101 829 2157 ipsa
858 2112 1065 2157 portasset
1091 2098 1257 2143 dictum
1292 2099 1517 2153 vexillum,
1555 2100 1641 2158 ipse
1670 2098 1886 2143 habuisset
1913 2100 1970 2142 ita

331 2182 486 2226 bonam
510 2182 745 2236 fortunam,
772 2184 881 2226 sicut
909 2184 995 2240 ipsa
1025 2182 1204 2226 babebat
1232 2184 1275 2225 in
1300 2182 1511 2240 portando
1539 2182 1646 2226 illud
1677 2200 1684 2226 :
1709 2182 1928 2241 respondit
1959 2199 1970 2226 t

334 2281 354 2307 ς(
385 2265 472 2322 Ego
500 2265 550 2309 de
579 2266 659 2310 hoc
681 2266 790 2309 nihil
814 2268 917 2319 scio,
943 2280 983 2310 et
1011 2281 1078 2309 me
1106 2265 1241 2309 refero
1263 2265 1313 2310 de
1338 2266 1412 2309 illo
1439 2265 1490 2309 ad
1514 2267 1674 2310 Deum.
1705 2283 1724 2306 „
1752 2292 1808 2297 -—
1834 2267 1969 2310 Inter-

330 2361 488 2405 rogata,
517 2351 549 2391 si
577 2349 734 2406 aliquis
758 2348 809 2392 de
838 2362 953 2407 parte
980 2365 1054 2392 sua
1082 2348 1322 2392 tradidisset
1349 2348 1490 2392 eidem
1518 2348 1711 2393 foeminae
1739 2349 1963 2404 vexillum,

329 2432 469 2476 eidem
491 2432 542 2476 de
564 2445 677 2490 parte
699 2449 772 2476 sua
790 2434 1019 2491 pertinens,
1038 2445 1078 2476 et
1100 2433 1187 2490 ipsa
1201 2444 1405 2489 portasset
1423 2431 1546 2485 illud,
1568 2433 1601 2475 si
1623 2433 1666 2476 in
1689 2432 1764 2476 illo
1780 2432 1796 2458 ⁶
1811 2432 1969 2476 vexillo

331 2528 491 2559 tantam
512 2532 629 2573 spem
655 2515 886 2570 habuisset,
908 2517 1115 2573 sicutipsa
1132 2515 1310 2559 habebat
1326 2516 1370 2558 in
1389 2531 1467 2559 suo
1489 2517 1663 2573 proprio
1684 2515 1837 2560 vexillo
1852 2515 1971 2575 quod

330 2611 417 2642 erat
450 2598 528 2642 sibi
557 2598 817 2656 dispositum
842 2614 891 2642 ex
917 2612 1031 2656 parte
1052 2600 1147 2652 Dei,
1171 2612 1211 2642 et
1228 2600 1454 2656 praecipue,
1487 2600 1519 2642 si
1545 2598 1751 2642 traditum
1769 2598 1913 2643 fuisset
1933 2601 1970 2643 ei

330 2682 536 2726 vexillum
560 2684 624 2725 sui
643 2683 751 2739 regis
776 2700 782 2726 :
806 2682 1026 2740 respondit
1049 2699 1056 2725 :
1087 2701 1108 2724 «
1131 2682 1221 2739 Ego
1249 2681 1453 2726 libentius
1470 2682 1693 2740 portabam
1713 2681 1818 2726 illud
1834 2681 1970 2726 vexil—

386 2942 414 2964 1.
435 2931 464 2965 C
487 2944 495 2964 .·
519 2933 596 2977 ipso.
619 2952 660 2956 ——
685 2942 715 2964 2.
744 2932 770 2964 B
795 2940 891 2965 omet
913 2932 947 2964 in
973 2931 1029 2964 illo
1062 2931 1224 2964 extendar!
1239 2943 1250 2971 ;
1268 2931 1303 2975 Q
1323 2932 1439 2977 repete
1459 2931 1550 2964 deux
1573 2930 1638 2965 fois
1667 2941 1706 2964 ce
1734 2931 1894 2964 membre
1921 2931 1963 2964 de

336 2991 471 3035 phrase.
500 3011 540 3015 —
576 3001 604 3035 3.
639 2990 706 3025 AC
737 2999 915 3042 ,omettent
943 2990 1036 3035 quod.
1077 3011 1124 3015 ——
1149 3000 1181 3031 4.
1222 2990 1256 3034 Q
1283 3002 1292 3023 .·
1322 3002 1434 3036 quare.
1467 3010 1513 3014 —
1551 3001 1584 3033 5.
1627 2989 1658 3025 C
1687 2998 1787 3024 omet
1815 2989 1880 3023 vel.
1918 3010 1962 3014 —

332 3050 365 3084 6.
389 3050 453 3083 AC
479 3061 487 3081 .·
506 3049 623 3082 eodem.
