2099 3356
394 204 554 248 PRocfzs
587 218 642 248 DE
675 197 1038 248 CONDAMNA‘rroN'
1062 219 1119 248 DE
1149 218 1317 260 JEANNE
1351 203 1480 249 D'Aac
1705 216 1748 259 15

109 330 158 357 en
182 325 191 342 ¹
218 315 348 356 oultre
378 316 399 355 a
417 325 507 356 tous
530 328 603 355 nos
627 315 837 368 justiciers,
855 314 1026 355 officiers
1045 325 1083 356 et
1102 316 1263 369 subgeZ,
1286 326 1369 357 tant
1389 317 1575 365 Franqois
1597 329 1756 356 comme

108 387 294 441 Anglois,
322 401 398 440 que
423 387 533 426 audit
553 387 743 427 reverend
772 388 864 440 pere
889 400 938 426 en
967 388 1067 427 Dieu
1101 397 1138 427 et
1168 389 1189 427 a
1208 397 1300 428 tous
1315 397 1461 436 autres,
1489 388 1556 441 qui
1596 397 1688 427 sont
1720 397 1758 427 et

109 468 243 499 seront
260 458 432 498 ordenez
453 471 554 511 pour
569 458 742 504 assistes,
765 472 937 511 vacquer
954 468 992 498 ct
1004 459 1196 498 entendre
1215 459 1324 498 audit
1342 461 1497 512 proces,
1514 474 1562 498 ne
1578 459 1759 499 donnent

109 530 156 569 de
178 529 247 570 fait
272 544 320 569 ne
364 538 589 570 autrement
627 543 756 569 aucun
785 530 1112 582 empeschement
1147 544 1200 570 ou
1240 531 1518 580 destourbier3
1570 532 1686 579 mais,
1717 545 1758 570 se

110 602 239 655 requis
266 615 314 640 en
335 610 426 640 sont
451 614 519 654 par
538 600 634 640 ledit
658 600 850 640 reverend
874 602 966 654 pere
986 615 1034 640 en
1057 602 1173 649 Dieu,
1205 602 1292 642 leur
1306 603 1487 642 donnent
1508 602 1643 655 garde,
1670 602 1758 642 aide

109 682 147 714 et
161 673 338 721 defense,
363 673 598 725 proteccion
619 681 633 698 ²
656 681 694 711 et
718 672 890 721 confort,
923 687 989 712 sur
1018 674 1135 726 peine
1160 674 1208 713 de
1239 674 1390 727 griefve
1416 675 1626 727 punieion.
1645 673 1756 714 Tou-

109 745 296 792 tesvoies,
319 743 413 784 c’est
436 753 568 784 nostre
590 744 807 783 entencion
834 753 844 778 3
871 744 918 783 de
944 745 1075 783 ravoir
1102 754 1139 784 et
1169 745 1379 798 reprendre
1410 745 1618 798 pardevers
1656 759 1758 785 nous

109 815 222 855 icelle
246 816 441 864 Jehanne,
469 829 508 854 se
531 815 630 854 ainsi
663 816 780 854 estoit
805 814 947 868 qu'elle
979 830 1027 855 ne
1054 815 1134 855 fust
1154 817 1402 856 convaincue
1428 830 1480 856 ou
1499 817 1668 856 actaintc
1690 817 1758 856 des

109 901 171 927 cas
189 887 392 927 dessusdiz
409 901 462 926 ou
487 886 658 926 d’aucun
684 886 814 927 d'eulx
832 901 884 927 ou
901 886 1048 927 d'autre
1080 889 1277 928 touchans
1304 902 1357 928 ou
1389 889 1598 941 regardans
1624 897 1758 928 nostre

109 959 212 998 dicte
234 957 316 1011 foy.
344 960 402 997 En
423 959 628 1012 tesmoing
652 958 700 997 de
730 972 789 1006 ce,
820 972 922 998 nous
953 973 1076 999 avons
1108 959 1178 998 fait
1206 969 1346 1000 mettre
1383 969 1516 1000 nostre
1543 959 1622 999 seel
1644 959 1758 999 orde·

109 1034 216 1077 nere,
241 1044 289 1069 en
316 1029 513 1069 l’absence
543 1029 594 1069 du
617 1039 748 1083 grant,
782 1030 802 1068 31
830 1043 893 1069 ces
924 1032 1141 1083 pre'sentes.
1180 1032 1324 1071 Donne
1365 1031 1384 1069 a
1412 1033 1569 1077 Rouen,
1593 1031 1628 1071 le
1667 1031 1759 1070 tiers

109 1102 198 1154 jour
215 1101 263 1141 de
281 1101 443 1150 ianvier‚
464 1100 537 1140 l’an
565 1101 613 1141 de
627 1102 741 1154 grace
758 1100 828 1141 mil
844 1102 1135 1151 CCCCXXX,
1165 1112 1203 1142 et
1224 1102 1272 1142 de
1288 1112 1421 1142 nostre
1443 1104 1562 1156 regne
1576 1102 1611 1143 le
1631 1104 1717 1142 IXe.
1738 1119 1756 1139 »

109 1165 170 1206 Sic
197 1166 373 1220 signatm
396 1179 404 1205 ;
431 1183 450 1202 (ε
476 1167 555 1205 PAR
576 1179 621 1206 LE
643 1179 736 1216 ROY,
769 1167 789 1205 ’ξι
813 1166 849 1206 la
869 1167 1042 1207 relacion
1069 1168 1116 1208 de
1146 1181 1220 1208 son
1246 1169 1369 1208 Grant
1395 1167 1573 1216 Conseil,
1606 1170 1641 1217 J.
1670 1181 1720 1207 DE
1749 1176 1759 1202 5

113 1239 238 1278 RINEL
261 1244 293 1278 5.
325 1255 344 1274 »

111 1447 200 1474 ITEM
225 1436 240 1461 6
269 1448 470 1479 SEQUITUR
490 1448 622 1475 TENOR
644 1448 895 1475 LITTERARUM
918 1449 1162 1486 TERRITORII,
1187 1450 1302 1476 NOBIS
1323 1449 1509 1476 EPISCOPO
1535 1447 1549 1472 7
1572 1450 1759 1477 CONCESSI

165 1520 235 1546 PER
265 1520 508 1547 VENERABILE
538 1520 769 1547 CAPITULUM
807 1521 1000 1548 ECCLESIAE
1035 1521 1382 1559 ROTHOMAGENSIS,
1403 1521 1498 1548 SEDE
1536 1522 1761 1549 ARCHIEPIS-

165 1591 307 1617 COPALI
332 1591 531 1618 VACANTE.

167 1745 186 1764 α
206 1729 412 1769 Universis
434 1738 648 1782 praesentes
678 1728 825 1769 litteras
863 1730 1115 1784 inspecturiS,
1144 1730 1375 1784 Capitulum
1401 1731 1580 1771 ecclesiae
1609 1732 1761 1772 Rotho-

112 1801 326 1854 magensis,
354 1800 445 1840 sede
471 1800 801 1855 archiepiscopali
838 1811 1017 1850 vacante,
1053 1803 1442 1843 administrationem
1476 1803 1724 1844 omnimodae
1748 1805 1762 1830 8

109 1872 397 1924 jurisdictionis
446 1872 679 1926 spiritualis,
722 1874 806 1928 ipsa
851 1874 942 1913 sede
994 1884 1172 1924 vacante,
1218 1874 1460 1924 obtinentes,
1511 1875 1678 1916 salutem
1721 1876 1761 1915 in

112 1944 305 1983 Domino.
324 1944 426 1983 Cum
457 1958 503 1984 ex
524 1955 632 1999 parte
663 1945 870 1985 reverendi
903 1946 942 1985 in
984 1946 1143 1986 Christo
1174 1947 1294 2001 patris
1323 1956 1360 1987 et
1400 1947 1571 1995 domini,
1605 1947 1762 1987 domini

113 2016 230 2063 Petri,
256 2017 511 2055 miseratione
545 2016 680 2057 divina
711 2017 960 2057 Belvacensis
982 2018 1177 2071 episcopi,
1206 2018 1322 2058 nobis
1353 2019 1471 2059 fuerit
1496 2015 1761 2059 monstratum

113 2087 220 2141 quod
236 2089 468 2128 auctoritate
484 2102 552 2127 sua
577 2089 775 2128 ordinaria
796 2098 833 2128 et
848 2089 958 2138 alias,
978 2099 1096 2143 prout
1117 2090 1191 2130 sibi
1212 2091 1260 2130 de
1280 2092 1367 2144 jure
1390 2091 1480 2131 licet
1501 2101 1538 2130 et
1572 2092 1760 2145 pertinet,

113 2168 249 2198 contra
274 2160 487 2214 quamdam
508 2160 733 2211 mulierem,
766 2161 978 2215 vulgariter
1009 2163 1234 2211 Johannam
1260 2172 1275 2196 ⁹
1315 2162 1351 2202 la
1383 2162 1530 2203 Pncelle
1561 2177 1762 2217 nuncupa-

110 2240 207 2280 tam,
236 2245 276 2270 se
298 2232 537 2282 inordinate,
556 2243 700 2285 praeter
718 2242 754 2272 et
768 2243 905 2273 contra
921 2243 1066 2273 statum
1084 2234 1320 2274 muliebrem
1338 2244 1375 2274 et
1396 2249 1549 2283 sexum,
1571 2235 1760 2275 derelicto

112 2303 223 2341 omni
244 2303 412 2357 pudore,
433 2313 639 2357 gerentem
656 2314 693 2343 et
718 2305 986 2344 inverecunde
1008 2305 1223 2345 habentem
1242 2321 1251 2355 ;
1278 2307 1478 2360 quinimo,
1502 2316 1546 2347 ut
1564 2316 1593 2333 10
1623 2306 1758 2356 fertur,

113 2384 267 2427 praeter,
293 2375 386 2414 citra
410 2385 447 2414 et
468 2386 606 2415 contra
627 2375 746 2416 fidem
772 2377 1010 2416 catholicam
1047 2387 1085 2416 et
1109 2378 1149 2416 in
1178 2378 1500 2432 denigrationem
1531 2378 1760 2433 aliquorum

112 2446 346 2486 orthodoxae
369 2446 460 2486 fidei
481 2447 755 2497 articulorum,
779 2448 908 2503 pluria
925 2457 951 2475 ¹¹
976 2450 1259 2499 seminantem,
1282 2450 1551 2503 proferentem
1580 2460 1618 2490 et
1641 2464 1759 2505 agen-

113 2527 217 2567 tem3
242 2528 279 2557 et
297 2533 414 2572 super
429 2519 490 2557 his
503 2519 605 2559 male
621 2521 859 2572 sapientem,
878 2530 1102 2575 suspectam
1117 2531 1235 2576 atque
1257 2521 1515 2570 diffamatam,
1533 2523 1732 2577 inquirere
1752 2537 1760 2571 3

114 2599 151 2628 et
169 2599 305 2628 contra
330 2604 431 2637 eam,
457 2600 627 2644 protunc
654 2592 693 2629 in
719 2605 788 2631 sua
807 2592 973 2631 dioecesi
996 2593 1248 2642 existentem,
1275 2594 1481 2646 praemissa
1510 2595 1764 2633 committen-

115 2663 505 2716 tem,pr0posuisset
527 2673 643 2716 atque
674 2662 866 2702 voluisset
896 2664 934 2702 in
961 2677 1149 2718 processu
1181 2665 1352 2718 juridico
1377 2679 1555 2719 ponere,
1579 2666 1760 2718 contigit,

168 2887 196 2911 1.
223 2878 254 2912 A
276 2887 374 2912 omet
397 2889 448 2912 en.
477 2899 522 2903 -
554 2889 584 2913 2.
610 2879 640 2913 C
664 2881 883 2925 :protensum
908 2901 952 2904 —
988 2891 1017 2925 3.
1043 2881 1073 2915 C
1101 2893 1110 2915 .·
1134 2882 1312 2916 intencion.
1339 2902 1385 2907 --
1411 2892 1444 2925 4.
1462 2882 1493 2916 A
1521 2895 1530 2916 .·
1551 2883 1691 2927 signate.
1717 2903 1762 2907 —

121 2945 150 2979 5.
173 2937 204 2970 A
227 2946 324 2972 omet
341 2937 389 2971 de.
406 2937 503 2972 ΑΒΕ
519 2947 551 2973 et
571 2939 606 2982 Q
631 2951 639 2973 .·
662 2939 768 2973 Riwl.
791 2960 836 2964 —
861 2939 894 2973 6.
918 2940 984 2975 AC
1001 2951 1044 2974 en
1064 2952 1184 2987 marge
1208 2954 1214 2975 :
1237 2941 1343 2975 Tenos
1371 2942 1563 2976 litterarum
1593 2943 1763 2976 territorii

116 2997 256 3042 capituli
280 2997 546 3043 Rollwnzctgensfs
564 3011 576 3040 ;
598 2999 626 3033 B
649 3011 693 3034 en
724 3010 844 3044 marge
878 3012 883 3033 :
920 3005 1012 3034 tenor
1038 3000 1232 3035 litterarum
1261 3003 1440 3037 territorii.
1464 3023 1509 3028 —
1530 3012 1563 3048 7.
1589 3002 1618 3036 Α
1641 3003 1762 3049 ajoute

110 3057 275 3100 praedicto.
297 3078 344 3083 —-—
368 3059 401 3094 ὃ.
424 3058 450 3092 Β
471 3071 480 3091 .·
500 3058 722 3094 ontnlsmodae.
749 3080 794 3084 -—
817 3070 852 3105 9.
881 3060 912 3095 A
940 3060 1126 3105 :Jolmnnm
1154 3082 1197 3087 —-
1230 3071 1283 3097 10.
1315 3061 1344 3096 C
1359 3071 1457 3098 omet
1479 3066 1526 3097 ut.
1546 3082 1588 3088 -
1613 3073 1665 3097 11.
1691 3062 1722 3097 A
1749 3073 1760 3097 .·

114 3114 276 3159 plurima.
