2099 3356
369 179 422 233 98
646 178 803 221 pizocfzs
837 190 893 221 DE
924 188 1277 222 CONDAMNATION
1312 190 1370 230 DE,
1398 188 1565 234 JEANN'E
1599 179 1729 222 D'Anc

365 279 489 349 gebat
518 306 557 344 n,
583 289 959 349 quemadmodum
986 290 1086 335 alias
1112 290 1290 344 dixerat,
1321 290 1500 335 libenter
1522 290 1677 335 diceret
1697 292 1935 336 veritatem.
1959 292 2014 337 Et‘

365 375 424 421 sic
443 372 611 431 juravit.

422 455 651 515 Deinceps,
672 458 945 515 interrogata,
963 456 1015 501 de
1040 457 1244 502 mandato
1259 450 1423 512 nostro,
1443 473 1516 516 per
1536 452 1829 516 supradictum
1853 457 2009 517 magis-

363 553 480 585 trum
506 541 752 597 Johannem
779 541 830 585 de
856 539 1008 595 Fonte,
1054 555 1094 584 et
1142 542 1283 599 primo
1312 550 1340 595 ¹,
1379 554 1526 586 utrum
1551 542 1727 599 angelus
1760 543 1834 600 qui
1857 540 2013 586 detulit

364 626 538 682 signum
563 623 613 667 ad
635 640 777 682 regem
802 640 947 676 suum,
980 623 1031 668 de
1058 640 1146 682 quo
1171 626 1367 682 superius
1400 624 1447 668 fit
1478 626 1659 678 mentio,
1688 624 1873 669 fueritne
1896 625 2012 669 locu—

367 720 464 769 tus:
494 707 714 766 respondit
734 707 853 766 quod
878 709 952 761 sic,
983 720 1024 752 et
1045 707 1155 751 dixit
1178 710 1263 765 regi
1281 723 1362 752 suo
1383 707 1501 766 quod
1530 709 1617 766 ipsa
1645 708 1843 765 Johanna
1871 724 2009 767 pone-

366 802 481 834 retur
496 790 546 834 ad
571 805 695 848 opus,
721 804 763 835 et
785 793 917 849 patria
939 792 1084 834 statim
1111 801 1217 835 esset
1238 790 1445 835 alleviata.

425 874 685 932 Interrogata
713 886 861 918 utrum
889 874 1067 933 angelus
1092 883 1103 900 2
1139 875 1214 933 qui
1241 874 1485 932 apportavit
1511 874 1686 932 signum
1710 872 1795 933 regi
1817 888 1897 919 suo
1919 872 2007 918 fue·
2066 914 2077 921 ,

365 958 418 1001 rit
440 955 508 1000 ille
536 954 652 1001 idem
675 956 854 1016 angelus
874 958 947 1017 qui
975 957 1117 1016 primo
1142 972 1390 1016 apparuerat
1413 959 1490 1016 ipsi
1517 955 1727 1014 Johannae
1750 975 1758 1002 :
1787 953 2008 1015 respondit

364 1026 481 1099 duod
508 1056 676 1099 semper
693 1053 754 1084 est
776 1057 890 1085 unus
911 1054 952 1084 et
974 1040 1104 1094 idem,
1134 1054 1174 1084 et
1202 1056 1428 1098 nunquam
1450 1040 1528 1084 sibi
1551 1039 1718 1085 defecit.

421 1124 683 1182 Interrogata
710 1136 856 1168 utrum
887 1124 956 1167 ille
980 1124 1156 1182 angelus
1178 1123 1435 1168 defeceritne
1467 1124 1562 1178 sibi,
1600 1137 1781 1183 quatum
1809 1123 1859 1168 ad
1898 1124 2008 1168 bona

361 1206 561 1261 fortunae,
592 1209 635 1250 in
659 1207 739 1251 hoc
760 1206 877 1265 quod
906 1221 1026 1264 capta
1060 1206 1168 1251 fuit:
1201 1207 1420 1266 respondit
1455 1207 1571 1266 quod
1599 1207 1745 1261 credit,
1775 1221 2007 1266 postquam

363 1289 468 1334 illud
497 1290 653 1348 placuit
679 1292 788 1344 Deo,
813 1290 931 1349 quod
953 1304 1013 1334 est
1036 1307 1111 1349 pro
1134 1291 1301 1334 meliori
1330 1290 1447 1349 quod
1471 1293 1559 1349 ipsa
1585 1292 1639 1334 sit
1657 1304 1788 1349 capta.

422 1375 684 1432 Interrogata
710 1387 872 1426 utrum,
906 1376 948 1417 in
978 1371 1102 1418 bonis
1122 1373 1282 1432 gratiae,
1314 1374 1382 1418 ille
1411 1374 1586 1430 angelus
1610 1373 1864 1418 defecei‘itne
1889 1373 1967 1418 sibi
1994 1392 2002 1418 :

364 1457 581 1515 respondit
607 1475 614 1500 :
648 1474 667 1496 «
705 1457 904 1510 Qualiter
932 1458 1037 1500 mihi
1067 1457 1278 1511 deficeret,
1309 1457 1483 1516 quando
1505 1456 1701 1515 quotidie
1729 1465 1738 1490 3
1768 1473 1836 1501 ine
1859 1467 1873 1491 ⁴
1901 1473 2004 1501 con-

362 1539 520 1584 fortat?
557 1558 576 1580 »
608 1541 655 1584 Et
690 1540 904 1598 intelligit,
948 1554 994 1584 ut
1039 1541 1157 1595 dicit,
1191 1540 1307 1600 quod
1338 1541 1413 1585 ista
1437 1540 1694 1585 confortatio
1713 1553 1774 1585 est
1798 1557 1819 1584 a
1846 1542 2001 1585 sanctis

363 1625 594 1668 Katharina
621 1637 661 1668 et
685 1625 934 1681 Margareta.

357 1805 515 1831 comme
537 1788 744 1829 autresfois
761 1804 859 1829 vous
877 1803 923 1842 ay
945 1787 1014 1837 dit,
1042 1789 1077 1842 je
1100 1789 1208 1843 diray
1234 1789 1476 1830 voulentiers
1494 1788 1631 1829 verite.
1655 1807 1673 1826 ³>
1698 1790 1744 1829 Et
1768 1787 1817 1829 sic
1834 1789 1994 1843 juravit,

354 1861 590 1916 prm-centibus
615 1860 799 1916 ›nagistris
826 1860 962 1900 Thomu
987 1859 1116 1900 Fiefve
1140 1865 1171 1900 et
1197 1859 1350 1900 Nic-olan
1379 1860 1420 1900 de
1443 1860 1634 1910 Hubenco,
1657 1863 1688 1900 et
1711 1861 1876 1910 Iohanne
1900 1860 1995 1901 Cat·-

361 1931 543 1973 bonnier.

413 2005 551 2044 Deinde
572 2011 635 2058 pet·
661 2005 878 2057 magistrum
914 2004 1120 2053 Joharznetn
1144 2004 1185 2042 dc
1223 2004 1349 2051 Fonte,
1387 2004 1428 2042 de
1463 2009 1635 2057 praecepto
1664 2004 1805 2043 domini
1835 2003 2001 2058 episcopi,

357 2077 491 2130 primo,
513 2090 551 2114 se
572 2076 697 2128 l'ange
719 2077 785 2129 qui
808 2085 972 2129 apporta
1006 2076 1040 2114 le
1069 2076 1181 2127 signe
1213 2076 1317 2128 parla
1351 2076 1465 2127 point
1487 2090 1494 2113 :
1523 2075 1692 2128 respond
1718 2089 1794 2128 quc
1817 2075 1927 2124 ouil3
1965 2084 2003 2114 et

361 2162 435 2201 que
462 2148 485 2185 il
514 2148 589 2185 dist
613 2148 632 2185 31
657 2161 728 2185 son
749 2161 819 2199 roy
853 2161 928 2200 que
954 2161 1004 2186 on
1029 2147 1063 2185 la
1098 2148 1189 2185 mist
1216 2160 1264 2185 en
1293 2147 1528 2199 besoingne,
1555 2156 1592 2184 et
1623 2160 1698 2199 que
1720 2146 1754 2185 le
1778 2150 1860 2199 pais
1883 2146 2002 2185 seroit

360 2229 535 2258 tantoust
551 2219 706 2270 allegie.

418 2291 671 2341 interi·oguee
688 2304 727 2327 se
753 2287 896 2341 l’anglc
913 2289 983 2342 qui,
1001 2299 1166 2342 apporta
1189 2288 1283 2327 ledit
1307 2289 1417 2341 signe
1438 2287 1494 2327 fut
1520 2287 1662 2341 l’angle
1691 2288 1757 2342 qui
1785 2289 2000 2341 premiere—

363 2370 470 2400 nicnt
491 2375 637 2414 apparu
660 2360 679 2399 2¹1
698 2358 788 2407 elle,
807 2373 857 2398 ou
880 2373 919 2398 se
945 2373 988 2398 ce
1012 2357 1070 2398 fut
1094 2372 1176 2412 ung
1197 2370 1305 2399 autre
1334 2373 1340 2397 :
1365 2359 1552 2413 respond,
1577 2357 1670 2398 c’est
1688 2361 1888 2412 tousjours
1912 2367 2000 2399 tout

360 2447 455 2484 ung,
480 2443 516 2472 ct
535 2446 710 2485 oncques
733 2446 780 2470 ne
807 2431 873 2484 luy
896 2431 1021 2469 faillit.

414 2504 668 2555 lnterroguee
687 2516 725 2541 se
749 2501 892 2554 l‘angle
918 2502 984 2554 luy
1005 2515 1022 2539 a
1043 2503 1155 2554 point
1177 2501 1284 2540 suilli.
1313 2501 1360 2540 de
1380 2515 1422 2539 ce
1445 2500 1588 2553 qu'elle
1611 2515 1630 2539 a
1652 2503 1731 2540 este
1755 2502 1901 2553 prinse,
1923 2514 1999 2540 aux

357 2575 466 2612 biens
488 2573 534 2611 dc
554 2572 713 2611 fortune
733 2586 739 2610 :
764 2572 935 2625 respond
956 2571 1098 2625 qu'elle
1113 2573 1247 2617 croist‚
1274 2571 1461 2624 puisqu’il
1481 2571 1596 2623 plaist
1611 2573 1631 2610 a
1645 2579 1778 2610 nostre
1791 2572 1892 2619 Sire,
1911 2571 2003 2610 c'est

358 2645 391 2683 lc
412 2645 557 2683 miculx
580 2643 723 2696 qu'elle
745 2644 822 2682 soit
844 2644 990 2695 prinse.
1024 2697 1027 2700 Α

413 2717 666 2768 Interroguee
689 2728 742 2763 sc,
769 2720 809 2753 es
842 2716 952 2753 biens
972 2714 1018 2753 de
1042 2715 1171 2765 grace,
1196 2713 1337 2766 l'angle
1360 2713 1428 2766 luy
1451 2727 1471 2751 a
1503 2714 1616 2766 point
1637 2713 1733 2752 failli
1759 2727 1766 2751 :
1791 2711 1964 2767 respond
1990 2728 1997 2752 ε

360 2804 377 2823 «
401 2788 448 2825 Et
469 2800 626 2825 comme
653 2799 715 2824 me
745 2785 916 2824 faudroit
939 2785 980 2833 il,
1021 2785 1151 2838 quand
1185 2784 1210 2822 il
1247 2798 1309 2823 ine
1346 2784 1525 2823 conforto
1557 2794 1646 2823 tous
1680 2785 1888 2838 lesjours?
1912 2801 1931 2821 >³
1953 2786 1999 2823 Et

357 2856 524 2897 enctend
547 2868 627 2897 cest
642 2856 814 2903 confort,
838 2870 913 2909 que
933 2856 1025 2894 c'est
1044 2856 1090 2894 de
1111 2857 1258 2894 saincte
1282 2856 1494 2894 Katherine
1516 2863 1553 2894 et
1571 2856 1718 2894 saincte
1741 2856 1993 2908 Marguerite.

1823 2962 1988 2971 ᾦ*-

346 3021 352 3041 ”
412 3042 439 3063 1.
465 3030 493 3063 C
510 3038 627 3074 alonte
649 3028 760 3076 petiit.
793 3050 838 3053 —
875 3038 910 3062 2.
941 3027 1003 3061 Ac
1024 3039 1065 3061 en
1095 3037 1213 3073 marge
1237 3038 1243 3060 τ
1267 3027 1316 3061 De
1344 3028 1460 3073 angelo
1485 3028 1542 3073 qui
1565 3029 1716 3073 portavit
1744 3037 1908 3061 coronam.
1943 3027 1994 3072 (A

359 3090 476 3135 ajoute
494 3090 616 3133 e!‹·...).
636 3109 681 3113 —
702 3099 731 3133 3.
755 3088 785 3121 A
809 3100 818 3120 .·
840 3087 1003 3127 rotlffidiffi
1027 3087 1056 3121 C
1073 3098 1083 3119 .·
1103 3086 1278 3132 qnothidie.
1301 3107 1346 3111 —
1366 3096 1399 3128 4.
1420 3086 1451 3120 A
1478 3098 1487 3120 .·
1508 3097 1559 3120 me
1574 3085 1724 3121 cothidt'e.

2091 2652 2099 2681 i
