2099 3356
314 199 397 255 326
579 196 742 240 moces
781 210 837 240 DE
874 209 1228 242 coNDAMNATion
1267 210 1324 241 DE
1359 211 1522 252 JEANNE
1552 196 1684 242 D’ARc

313 310 528 357 Loiselleur·
552 318 580 360 ¹,
604 309 814 354 canonico
841 308 1027 354 ecclesiae
1059 308 1438 367 Rothomagensis,
1471 322 1513 355 et
1539 308 1723 355 domino
1757 310 1955 367 johanne

315 395 514 438 Massieu.
659 381 662 385 ¹

328 518 334 523 .
376 477 598 534 Requisita
618 475 698 520 fuit
715 491 762 519 ac
781 476 947 521 monita
970 483 984 501 ²
1012 474 1161 520 eadem
1181 476 1381 532 Johanna
1401 489 1451 522 ut
1470 476 1523 523 de
1547 477 1696 521 multis
1715 489 1757 522 et
1783 476 1958 522 diversis

317 561 485 619 punctis
513 561 556 604 in
584 575 665 604 suo
693 574 892 617 processu
929 560 1143 604 contentis
1168 559 1446 618 responderet
1481 562 1723 614 veritatem,
1751 577 1849 620 quae
1871 562 1959 619 ipsa
2001 584 2009 596 ·

316 644 415 688 alias
443 654 682 700 negaverat,
729 655 770 687 et
809 643 851 698 in
889 641 1046 700 quibus
1073 642 1281 688 mendose
1317 642 1610 702 responderat,
1640 660 1740 688 curn
1781 643 1832 688 de
1857 644 1960 688 -hoc

316 739 440 771 certae
489 725 834 779 informationes,
885 725 1161 784 probationes
1200 739 1241 771 et
1275 727 1556 773 vehementes
1598 729 1961 787 praesumptiones

318 810 605 863 haberentur;
644 809 907 868 fueruntque
941 809 1020 854 sibi
1050 810 1155 855 lecta
1193 823 1234 855 et
1272 812 1466 869 exposita
1492 812 1676 870 plurima
1712 810 1763 855 de
1790 813 1962 870 punctis

316 892 543 953 praedictis,
567 905 608 939 et
633 892 774 938 eidem
804 892 969 938 dictum
994 900 1004 925 ³
1030 891 1261 952 fuitquod,
1281 895 1360 939 nisi
1379 893 1823 951 fatereturlveritatem
1836 910 1963 953 super

320 978 404 1031 his,
434 989 668 1035 poneretur
701 977 743 1021 in
779 978 1024 1031 tormentis,
1051 993 1148 1036 quae
1183 976 1261 1022 sibi
1291 991 1396 1022 tunc
1429 979 1471 1022 in
1507 977 1658 1023 eadem
1686 979 1792 1022 turri
1827 991 1966 1036 parata

321 1059 672 1106 ostendebantur.
704 1059 790 1104 Ubi
833 1062 962 1104 etiam
1000 1073 1225 1118 praesentes
1262 1059 1437 1105 aderant
1472 1060 1665 1105 officiarii
1712 1063 1805 1132 qui,
1847 1063 1964 1119 jussu

320 1157 482 1197 nostro,
519 1145 650 1202 parati
687 1157 806 1188 erant
846 1146 980 1202 ipsam
1024 1145 1067 1188 in
1108 1144 1361 1202 hujusmodi
1401 1146 1628 1190 tormentis
1646 1195 1650 1199 .
1668 1161 1841 1204 ponere,
1889 1161 1965 1204 pro

321 1228 574 1273 reductione
598 1229 730 1286 ipsius
756 1227 807 1272 ad
829 1229 941 1271 viam
965 1241 1005 1271 et
1025 1229 1294 1285 agnitionem
1318 1230 1502 1273 veritatis
1521 1239 1552 1283 4,
1572 1242 1619 1273 ut
1645 1245 1717 1288 per
1738 1229 1829 1273 haec
1851 1229 1964 1274 salus

320 1314 477 1357 animae
502 1324 543 1356 et
579 1313 768 1370 corporis
807 1313 898 1369 ejus
935 1313 1151 1370 procurari
1180 1324 1369 1371 possent,
1395 1328 1492 1372 quae
1519 1314 1607 1371 ipsa
1647 1329 1719 1372 per
1757 1312 1962 1358 adinven-

321 1398 462 1441 tiones
490 1394 719 1440 mendosas
744 1395 945 1454 gravibus
972 1394 1212 1454 exponebat
1242 1396 1454 1454 periculis.

380 1478 448 1524 Ad
470 1495 566 1539 quae
591 1477 810 1537 respondit
828 1480 915 1538 ipsa
935 1479 1134 1536 Johanna
1161 1480 1203 1523 in
1235 1479 1351 1524 hunc
1375 1478 1558 1524 modum
1585 1493 1593 1523 :
1628 1496 1647 1520 «
1673 1481 1905 1534 Veraciter,
1930 1481 1965 1525 si

324 1579 400 1607 vos
424 1561 634 1607 deberetis
655 1570 665 1595 5
694 1562 803 1606 mihi
830 1562 964 1607 facere
985 1561 1162 1606 distrahi
1186 1562 1396 1617 membra,
1423 1576 1464 1607 et
1483 1562 1618 1608 facere
1638 1565 1829 1608 animam
1854 1580 1970 1609 rece-

324 1645 421 1691 dere
442 1662 463 1690 a
491 1661 685 1704 corpore,
716 1662 794 1704 ego
818 1658 962 1690 tamen
993 1662 1081 1690 non
1110 1645 1250 1691 dicam
1275 1646 1397 1691 vobis
1423 1645 1540 1692 aliud
1564 1664 1574 1701 ;
1605 1660 1646 1692 et
1674 1649 1707 1691 si
1728 1647 1891 1707 aliquid
1917 1647 1968 1692 de

323 1729 406 1774 hoc
423 1729 544 1774 vobis
567 1728 770 1784 dicerem,
792 1742 939 1788 postea
966 1746 1136 1789 semper
1157 1746 1238 1788 ego
1266 1729 1451 1775 dicerem
1485 1730 1602 1790 quod
1630 1747 1704 1790 per
1735 1733 1824 1775 vim
1859 1731 1968 1776 mihi

322 1812 524 1858 fecissetis
548 1812 701 1858 dicere.
734 1831 753 1854 »
782 1814 888 1858 Item
912 1813 1017 1858 dixit
1038 1813 1174 1871 quod,
1203 1815 1245 1857 in
1270 1815 1511 1859 novissimo
1538 1814 1646 1859 festo
1673 1815 1838 1860 Sanctae
1861 1815 1969 1860 Cru-

325 1898 398 1951 cis,
423 1896 572 1941 habuit
599 1897 964 1942 confortationem
991 1913 1012 1940 a
1046 1910 1194 1942 sancto
1222 1896 1448 1953 Gabriele;
1476 1910 1517 1942 et
1544 1897 1674 1943 credit
1700 1898 1818 1958 quod
1843 1897 1971 1943 fuerit

325 1993 497 2023 sanctus
518 1979 687 2024 Gabriel
708 1999 717 2035 ;
743 1993 784 2024 et
813 1980 893 2024 hoc
911 1982 1032 2024 scivit
1055 1996 1126 2039 per
1147 1996 1272 2024 voces
1298 1997 1394 2025 suas
1413 1981 1533 2039 quod
1565 1982 1653 2039 ipse
1681 1994 1768 2026 erat
1801 1995 1972 2026 sanctus

327 2182 489 2220 Andrea’
505 2183 743 2235 Marguerie,
773 2181 923 2221 Nicolai
947 2182 988 2220 de
1011 2183 1232 2229 Venderez,
1256 2182 1416 2222 Auberli
1438 2182 1609 2231 Morelli,
1642 2183 1795 2223 Nicolai
1826 2184 1977 2236 Loyse-

329 2253 428 2301 leur,
454 2253 596 2292 domini
611 2253 793 2302 Iohannis
817 2254 1006 2302 Massieu,
1028 2253 1154 2294 decani
1175 2253 1486 2294 Christianitatis.

381 2326 466 2363 Post
502 2325 750 2378 requisitiones
779 2330 811 2366 et
842 2325 1055 2364 monitiones
1083 2325 1197 2364 eidem
1216 2325 1338 2378 factas
1366 2332 1429 2373 per
1446 2325 1586 2379 judices
1614 2330 1646 2365 et
1673 2325 1869 2374 adstantes,
1899 2340 1975 2366 res-

326 2395 452 2449 pondit
477 2410 484 2434 :
525 2414 542 2433 α
573 2397 820 2444 Vraiement,
853 2410 893 2435 se
929 2411 1030 2436 vous
1050 2410 1112 2436 me
1147 2397 1282 2436 deviez
1313 2397 1404 2436 faire
1439 2397 1607 2437 detraire
1633 2397 1688 2437 les
1720 2397 1916 2437 membres
1936 2407 1975 2437 et

329 2466 423 2506 faire
445 2468 566 2519 partis
588 2467 703 2507 l’anie
732 2468 824 2507 hors
852 2468 903 2507 du
934 2482 1066 2520 corps,
1092 2469 1122 2507 si
1145 2482 1194 2507 ne
1228 2481 1327 2508 vous
1365 2468 1533 2520 diray-je
1567 2478 1675 2508 autre
1700 2469 1844 2516 chose3
1871 2478 1908 2509 et
1933 2482 1975 2508 se

330 2548 484 2573 aucune
506 2536 626 2574 chose
648 2550 748 2574 vous
770 2550 818 2575 en
838 2537 1032 2589 disoye-je
1050 2538 1176 2589 apres,
1202 2538 1231 2574 si
1257 2537 1453 2589 diroye-je
1480 2538 1681 2588 tousjours
1712 2551 1789 2590 que
1816 2551 1915 2576 vous
1937 2537 1974 2578 le

333 2619 395 2645 me
419 2607 546 2646 auries
569 2607 636 2646 fait
660 2607 742 2647 dire
770 2621 836 2660 par
861 2607 981 2647 force.
1013 2624 1030 2643 »

384 2677 478 2715 Item
497 2676 589 2716 dixit
614 2691 706 2731 que,
734 2679 754 2716 a
771 2678 805 2716 la
825 2677 1118 2726 Sainte-Croix,
1139 2678 1225 2718 oult
1244 2678 1277 2717 le
1302 2677 1459 2718 confort
1484 2678 1531 2717 de
1550 2679 1652 2718 saint
1673 2678 1857 2726 Gabriel;
1882 2695 1901 2716 (ε
1929 2679 1976 2718 Et

333 2748 466 2786 croiez
487 2761 563 2800 que
582 2761 625 2788 ce
650 2748 728 2788 fust
752 2750 876 2789 sainct
903 2748 1060 2789 Gabriel
1088 2764 1136 2798 »3
1163 2759 1200 2788 et
1230 2749 1278 2788 l'a
1302 2762 1394 2789 sceu
1427 2763 1494 2802 par
1523 2749 1579 2789 les
1604 2750 1694 2788 voix
1720 2762 1797 2803 que
1824 2749 1977 2790 c’estoit

335 2819 439 2858 saint
461 2818 635 2859 Gabriel.

387 3041 415 3065 1.
435 3031 488 3065 C:
514 3032 692 3067 Loiseleur.
717 3054 760 3073 ,-
783 3044 815 3067 2.
839 3033 890 3068 C:
912 3034 1107 3068 ammonita.
1130 3055 1173 3059 -—
1197 3044 1226 3078 3.
1254 3034 1322 3069 Bet
1339 3034 1374 3079 Q
1392 3034 1664 3080 omettentsuz't.
1686 3055 1734 3062 --
1752 3044 1787 3076 4.
1809 3033 1906 3069 ABC
1924 3045 1969 3068 en

339 3102 481 3135 marge:
508 3091 554 3124 De
577 3094 758 3125 tormentis.
788 3113 830 3117 —-
855 3103 882 3133 5.
906 3092 938 3135 Q
967 3093 1186 3127 :deliberem
