2099 3356
439 189 595 229 PROCES
629 201 683 230 DE
714 201 1066 232 CONDAMNATION
1106 202 1160 231 DE
1192 202 1358 244 JEANNE
1391 186 1518 232 D’ARC
1571 239 1579 246 ῃ
1711 201 1792 244 413

924 371 1051 425 [VIL]

637 497 719 535 PRO
751 497 956 535 commo
987 497 1273 536 CARDINALIUM
1300 507 1325 535 ¹.

215 637 337 684 Quod
359 637 587 677 audivimus
612 647 650 677 et
673 639 1287 692 cognovimus,reverendissimi
1316 649 1458 693 patres,
1485 640 1532 679 de
1554 640 1804 680 condemna-

158 711 270 750 tione
299 710 576 750 scandalorum
604 724 674 764 per
697 710 911 763 quamdam
934 711 1210 750 mulierculam
1229 712 1305 750 boc
1331 712 1370 750 in
1395 725 1519 765 regno
1537 722 1800 765 patratorum,

161 782 413 821 sanctissimo
446 782 614 821 domino
645 791 782 821 nostro
808 782 977 821 Summo
1001 781 1199 830 Pontifici,
1228 783 1265 821 in
1297 782 1473 822 favorem
1507 782 1598 822 fidei
1636 793 1673 822 et
1706 783 1805 822 reli-

158 853 293 906 gionis
332 854 557 893 christianae
596 853 782 892 duximus
819 854 984 906 aperire,
1009 854 1225 893 scribentes
1265 868 1345 894 suae
1379 855 1574 894 sanctitati
1613 855 1686 894 sub
1731 855 1805 894 hac

161 924 289 964 forma
313 939 321 963 :
350 941 369 961 ε(
396 925 454 964 Eo
479 924 727 978 diligentiuS‚
759 934 834 964 etc.
871 941 889 961 »
932 926 978 964 Et
1005 926 1212 979 quoniam,
1246 926 1568 965 reverendissimi
1594 936 1738 980 patres,
1764 927 1805 965 in

161 995 323 1036 sublimi
345 995 507 1050 specula
527 997 681 1036 Sanctae
706 997 818 1035 Sedis
843 997 1073 1049 apostolicae
1094 1007 1240 1036 vestras
1263 998 1611 1037 reverendissimas
1632 998 1809 1051 paterni-

162 1077 258 1108 tates
279 1069 487 1108 constituit
516 1069 729 1115 Dominus,
756 1078 798 1107 ut
830 1078 971 1107 cuncta
996 1070 1240 1122 prospiciant
1270 1083 1358 1123 quae
1390 1083 1459 1122 per
1482 1070 1717 1109 universum
1743 1083 1808 1109 or-

161 1139 267 1188 bem,
308 1140 529 1194 praesertim
565 1140 613 1179 de
647 1141 763 1179 rebus
798 1140 1064 1193 integritatem
1101 1139 1193 1179 fidei
1227 1140 1804 1194 concernentibus‚‘aguntur,

161 1212 329 1251 minime
352 1212 491 1251 decere
512 1212 742 1266 putavimus
765 1221 809 1251 ut
831 1225 890 1251 res
915 1212 987 1251 ista
1011 1211 1161 1251 eisdem
1184 1210 1323 1251 vestris
1358 1212 1658 1265 paternitatibus
1694 1213 1807 1252 inco-

160 1284 272 1338 gnita
303 1294 494 1324 maneret.
518 1285 602 1342 Vqs
631 1285 739 1323 enim
767 1285 859 1323 estis
884 1284 951 1323 lux
974 1283 1116 1323 mundi
1141 1297 1259 1337 quam
1286 1284 1392 1323 nulla
1421 1283 1536 1323 debet
1560 1283 1678 1323 latere
1702 1285 1808 1324 veri-

160 1356 248 1395 tatis
267 1355 436 1410 agnitio,
452 1364 495 1395 ut
512 1356 646 1395 cuncti
667 1355 820 1403 fideles,
844 1355 892 1395 de
916 1356 977 1394 his
995 1369 1084 1409 quae
1106 1354 1199 1395 fidei
1220 1365 1327 1403 sunt,
1351 1369 1372 1394 a
1394 1356 1533 1394 vestris
1555 1355 1806 1394 reverendis-

163 1427 274 1466 simis
310 1427 612 1481 paternitatibus
639 1427 909 1466 eruditionem
946 1428 1137 1480 recipiant
1173 1426 1409 1475 salutarem3
1439 1440 1535 1479 quas
1566 1427 1612 1465 ad
1638 1426 1804 1466 salutem

165 1499 352 1538 Ecclesiae
377 1512 459 1538 suae
483 1508 629 1538 sanctae
650 1499 818 1538 feliciter
844 1508 1053 1538 conservet
1080 1498 1322 1537 Altissimus.

221 1721 250 1744 1.
277 1710 313 1744 A.
333 1709 452 1744 donne
484 1721 542 1745 ces
572 1710 687 1756 pieces
711 1710 797 1744 dans
821 1721 870 1744 un
897 1709 1000 1744 ordre
1022 1708 1186 1744 different
1216 1721 1222 1742 :
1255 1708 1317 1750 IV,
1344 1708 1504 1754 Sequitur
1532 1709 1691 1742 revocatio
1717 1709 1810 1742 Petri

164 1769 324 1816 Bosquier
336 1782 348 1811 ;
370 1769 415 1813 V,
443 1769 600 1816 Sequitur
616 1771 781 1804 sentencia
799 1769 941 1814 ejusdem
961 1769 1110 1815 religiosi
1121 1782 1132 1810 ;
1150 1769 1195 1812 ΙΙ,
1210 1769 1271 1811 III,
1285 1768 1348 1810 VI,
1372 1767 1438 1802 VII
1454 1768 1592 1812 (meme
1610 1768 1807 1814 rubrique).
