2099 3356
322 225 408 268 404
606 208 762 252 pRocizs
795 223 851 251 DE
883 221 1238 251 CONDAMNArtoN
1275 222 1330 250 DE
1360 221 1526 263 JEANNE
1558 206 1688 251 D’Anc

320 323 389 361 vit.
411 322 487 362 Sed
509 321 609 374 ignis
633 319 827 373 superbiae
852 333 950 367 suae,
973 320 1040 373 qui
1059 333 1295 372 suppressus
1315 318 1436 357 fuisse
1458 318 1681 366 videbatur,
1705 331 1860 358 rursum
1885 319 1956 358 fla-

319 394 422 433 tibus
447 392 682 432 daemonicis
706 392 912 440 excitatus,
945 391 984 430 in
1012 391 1193 430 flammas
1222 389 1426 444 pestiferas
1450 403 1638 430 accensus
1670 399 1742 439 est,
1768 390 1963 444 rediitque

318 465 452 504 infelix
474 451 617 503 mulier
637 464 676 502 in
699 476 849 502 errores
867 472 905 502 et
923 463 1094 501 insanias
1112 461 1226 501 falsas
1249 475 1349 515 quos
1371 471 1485 501 antea
1505 470 1753 502 evomuerat.
1771 463 1962 505 Demum,

318 546 437 590 prout
461 535 737 574 ecclesiasticae
759 534 985 573 sanctiones
1009 533 1223 582 dictabant,
1247 547 1296 573 ne
1313 543 1455 573 caetera
1472 533 1619 572 Christi
1642 533 1818 573 membra
1844 533 1962 572 dein-

320 621 412 660 ceps
432 606 624 655 inficeret,
642 606 792 659 judicio
808 605 1007 645 saecularis
1025 606 1246 658 potestatis,
1270 619 1358 659 quae
1380 619 1526 658 corpus
1549 605 1634 658 ejus
1659 605 1751 658 igne
1776 618 1938 644 cremari
1953 628 1968 635 -

321 679 417 717 dum
439 692 523 717 esse
548 679 717 725 censuit,
744 677 877 716 relicta
898 686 968 716 est.
993 677 1142 716 Videns
1160 690 1254 716 vero
1277 677 1419 716 misera
1436 676 1510 715 sibi
1529 677 1801 730 propinquum
1827 676 1966 716 immi-

324 763 416 789 nere
440 750 623 798 exitium,
646 758 778 803 aperte
809 749 1002 801 cognovit
1023 757 1060 787 et
1090 747 1206 801 plane
1240 747 1420 787 confessa
1444 757 1503 787 est
1530 748 1690 801 spiritus
1718 747 1824 796 illos,
1856 761 1959 801 quos

323 821 395 860 sibi
414 821 624 860 visibiliter
647 820 873 874 apparuisse
894 819 1140 873 frequentius
1156 820 1364 868 asserebat,
1388 819 1585 873 malignos
1607 829 1643 858 et
1668 819 1879 858 mendaces
1897 833 1964 858 ex-

324 894 491 941 stitisse;
510 892 788 932 liberationem
807 905 968 945 quoque
990 892 1049 930 sui
1075 892 1199 944 ipsius
1214 905 1234 930 a
1252 905 1404 930 carcere
1426 905 1494 944 per
1519 891 1682 930 eosdem
1708 891 1870 944 spiritus
1888 890 1955 930 fal-

324 979 367 1004 so
389 965 507 1003 fuisse
526 965 781 1017 promissam,
799 972 836 1002 et
851 976 936 1002 sese
957 962 1115 1001 illusam
1137 973 1253 1016 atque
1279 962 1484 1016 deceptam
1499 961 1708 1001 fatebatur.

377 1036 451 1075 Hic
470 1036 612 1083 exitus,
629 1036 692 1074 hic
711 1035 801 1073 finis
814 1036 897 1088 ejus
915 1034 1001 1081 fuit,
1015 1048 1081 1073 rex
1102 1035 1369 1081 serenissime,
1393 1047 1510 1087 quem
1525 1034 1571 1073 ad
1592 1047 1766 1086 praesens
1788 1047 1962 1073 reserare

325 1108 526 1153 duximus,
550 1116 593 1145 ut
614 1120 695 1146 rem
719 1108 845 1160 ipsam
868 1117 975 1146 certo
1001 1119 1259 1159 cognoscere.
1282 1119 1325 1144 ac
1350 1105 1396 1144 de
1418 1106 1501 1157 ejus
1520 1104 1697 1144 mulieris
1718 1119 1877 1158 egressu
1894 1118 1965 1144 cae-

324 1188 429 1217 teros
455 1178 670 1217 informare
692 1188 827 1231 posset
851 1179 957 1231 regia
984 1187 1110 1216 vestra
1135 1176 1345 1216 celsitudo.
1382 1178 1468 1216 Hoc
1494 1190 1620 1216 unum
1645 1177 1753 1216 enim
1779 1176 1964 1216 fidelibus

324 1250 483 1303 populis
514 1250 733 1289 admodum
753 1251 1018 1289 necessarium
1044 1248 1292 1296 arbitramur,
1318 1258 1361 1287 ut
1379 1262 1448 1302 per
1466 1258 1633 1287 vestram
1657 1249 1909 1288 serenitatem
1928 1257 1967 1287 et

322 1331 486 1360 caeteros
511 1321 727 1374 principes,
754 1330 839 1360 tum
861 1320 1167 1367 ecclesiasticos,
1202 1329 1287 1359 tum
1310 1319 1520 1367 seculares,
1554 1319 1694 1359 sedulo
1723 1320 1966 1359 inducantur

321 1393 508 1432 catholici
535 1392 672 1446 populi
700 1406 747 1431 ne
773 1392 1124 1445 superstitionibus
1149 1401 1185 1430 ct
1204 1391 1430 1430 levitatibus
1454 1391 1631 1430 erroneis
1653 1391 1792 1430 leviter
1807 1391 1965 1430 credere

325 1474 567 1518 praesumant
583 1480 592 1513 3
607 1465 826 1517 praesertim
849 1465 909 1502 bis
931 1463 1160 1502 novissimis
1178 1462 1441 1516 temporibus,
1466 1463 1609 1516 quibus
1634 1462 1831 1515 plurimos
1850 1476 1969 1516 pseu-

325 1537 613 1590 do-prophetas
635 1546 671 1575 et
693 1549 871 1575 errorum
895 1536 1217 1574 disseminatores
1246 1547 1315 1587 per
1340 1534 1465 1573 varias
1484 1534 1669 1587 regiones
1690 1534 1967 1587 conspicimus

324 1609 484 1655 exoriri,
505 1609 586 1661 qui,
607 1607 794 1646 adversus
813 1616 986 1646 sanctam
1002 1616 1167 1645 matrem
1183 1605 1416 1653 Ecclesiam,
1437 1606 1664 1659 impudenti
1685 1619 1782 1645 ausu
1796 1606 1914 1645 erecti
1938 1615 1966 1654 ¹,

325 1680 556 1718 universum
579 1679 724 1718 Christi
749 1678 946 1732 populum
969 1678 1142 1717 fortassis
1165 1676 1386 1725 inficerent,
1410 1677 1485 1716 nisi
1514 1691 1685 1730 superna
1706 1677 1907 1716 miseratio
1931 1687 1969 1716 et

324 1751 408 1803 ejus
440 1750 575 1789 fideles
602 1750 773 1789 ministri
803 1749 1042 1802 repellendis
1066 1758 1182 1802 atque
1209 1748 1422 1802 puniendis
1457 1748 1720 1802 reproborum
1751 1749 1965 1788 hominum

323 1821 532 1860 conatibus
556 1821 737 1874 vigilanti
764 1820 970 1873 diligentia
990 1820 1255 1859 intenderent.

374 1894 552 1932 Vestram
572 1892 852 1931 celsitudinem
875 1901 906 1938 2,
933 1906 997 1930 rex
1022 1892 1339 1938 serenissime,ad
1362 1891 1547 1930 Ecclesiae
1570 1905 1649 1930 suae
1671 1901 1708 1930 et
1731 1892 1956 1931 christianae

318 1964 522 2017 religionis
542 1965 770 2011 tuitionem,
791 1978 859 2017 per
880 1963 1086 2016 longaevos
1111 1963 1193 2002 dies
1216 1976 1306 2002 cum
1326 1963 1585 2016 prosperitate
1604 1972 1643 2002 et
1665 1963 1812 2001 votivis
1837 1972 1847 1997 3
1872 1977 1959 2002 suc-

320 2035 494 2074 cessibus
517 2044 547 2084 4,
571 2049 804 2074 conservare
823 2035 1007 2087 dignetur
1028 2035 1171 2083 Jhesus
1186 2035 1381 2073 Christus.
1414 2035 1558 2073 Datum
1582 2034 1842 2088 Rothomagi,
1867 2047 1954 2073 vm.

328 2108 390 2145 die
413 2107 511 2158 junii
537 2113 563 2155 5,
592 2120 698 2157 1431.
729 2123 748 2142 »

1093 2266 1202 2320 [nr]

325 2405 534 2449 SEQUITUR
553 2417 687 2443 TENOR
711 2416 955 2443 LitTERARt-si
977 2416 1081 2448 QUAs
1106 2416 1284 2442 Domixus
1301 2415 1451 2443 NOSTER
1472 2405 1554 2443 Rex
1573 2416 1741 2443 scmpsrr
1762 2405 1961 2443 PRerArls

377 2488 584 2524 ECCLESIAE,
610 2477 804 2523 Duelssus,
825 2475 1050 2514 Cornrissus
1075 2487 1122 2513 ET
1143 2488 1242 2513 A1⁴11s
1266 2487 1474 2514 xossmssos
1495 2488 1542 2514 ET
1558 2487 1806 2515 C1v1TAT13us
1834 2488 1954 2515 REGNI

378 2559 438 2586 SUI
462 2547 641 2586 FRANOEAE
664 2548 693 2585 ⁶.

376 2673 579 2711 Reverend
602 2673 692 2725 pere
708 2685 756 2710 en
780 2672 898 2718 Dieu,
918 2671 942 2709 il
959 2681 1015 2710 est
1036 2685 1142 2710 assez
1158 2684 1373 2710 commune
1396 2673 1628 2711 renommee
1648 2672 1683 2723 ja
1698 2685 1857 2711 comme
1875 2685 1961 2726 par-

322 2752 406 2781 tout
431 2742 659 2795 divulguee,
683 2752 887 2782 comment
909 2742 1006 2781 celle
1027 2742 1174 2781 femme
1197 2742 1263 2796 qui
1283 2755 1323 2781 se
1347 2741 1464 2781 fesoit
1486 2742 1819 2796 appelersehanne
1838 2742 1874 2782 la
1886 2745 1964 2782 Pu-

378 2932 407 2954 1.
433 2922 462 2954 A
484 2930 580 2955 omet
597 2921 707 2955 erecti.
729 2941 766 2945 -
790 2930 821 2954 2.
845 2919 875 2954 C
895 2931 904 2952 .·
925 2921 1145 2953 serenitatem.
1164 2939 1205 2944 —
1228 2929 1257 2963 3.
1279 2919 1309 2953 C
1332 2932 1342 2953 .·
1358 2921 1498 2954 vott'lms.
1518 2941 1564 2945 —
1582 2931 1615 2963 4.
1640 2921 1670 2955 C
1690 2922 1963 2956 .·snccessivis.—

328 2990 356 3021 5.
376 2980 406 3013 A
439 2980 555 3025 ajoute
581 2991 668 3013 anno
687 2979 845 3013 Domini.
867 2999 913 3003 —
945 2978 977 3013 6.
1000 2978 1061 3013 BC
1085 2990 1130 3012 en
1163 2990 1283 3024 marge
1309 2991 1315 3013 :
1351 2979 1457 3013 Tenos
1487 2979 1679 3013 litterarum
1705 2980 1835 3014 domini
1854 2981 1962 3015 nostri

325 3038 410 3081 regis
428 3039 703 3071 transmissarmn
717 3038 878 3084 praelatis,
901 3037 1047 3079 ducibus,
1063 3037 1237 3071 comitibus
1256 3037 1306 3081 (C
1318 3038 1617 3083 ometcomitz'bus)
1632 3043 1662 3072 et
1677 3038 1757 3073 aliis
1776 3039 1826 3084 (C
1843 3039 1960 3086 ajoute

323 3096 428 3140 viris)
449 3096 623 3131 nobilibus.
