2099 3356
307 185 363 226 70
588 169 748 214 PROCI'ES
781 183 838 214 DE
870 182 1222 214 CONDAMNATION
1257 184 1312 214 DE
1343 184 1510 225 JEANNE
1543 169 1673 215 D'ARC

306 283 492 328 volebat.
522 282 590 326 Ad
618 282 737 341 quod
764 282 984 340 respondit
1014 299 1022 325 ε
1063 298 1082 321 ((
1113 283 1203 341 Ego
1230 282 1318 326 dixi
1343 282 1466 327 vobis
1497 282 1604 327 illud
1631 282 1749 342 quod
1777 285 1881 338 sci0‚
1911 297 1952 328 et

303 383 393 411 non
418 365 687 425 respondebo
714 365 836 410 vobis
862 365 993 410 aliud.
1035 385 1054 408 ³)
1101 367 1220 410 Dixit
1256 367 1385 410 etiarn
1414 365 1530 424 quod
1569 367 1711 424 ipsum
1749 379 1948 411 sanctum

309 450 565 495 Michaelem
605 463 645 494 et
672 449 762 493 illas
795 451 968 493 Sanctas
994 451 1051 493 ita
1076 449 1183 494 bene
1224 449 1332 494 vidit
1362 448 1480 508 quod
1525 449 1631 494 bene
1662 451 1738 494 scit
1771 466 1838 494 eas
1865 466 1953 494 esse

308 547 476 578 sanctos
500 546 540 577 et
567 545 730 576 sanctas
757 534 800 576 in
836 532 1044 591 paradiso.

367 619 628 674 Interrogata
661 632 714 660 an
754 615 862 660 vidit
896 615 1011 660 aliud
1052 631 1102 660 ex
1144 617 1244 674 ipsis
1278 632 1409 675 quam
1447 616 1599 660 faciem
1640 633 1648 660 :
1682 615 1903 675 respondit
1942 629 1950 659 :

314 700 450 759 «Ego
477 700 564 744 dixi
603 699 725 744 vobis
760 712 902 744 totum
946 699 1053 743 illud
1093 699 1211 758 quod
1248 702 1334 744 scio
1374 698 1425 744 de
1462 700 1572 754 hoc3
1601 713 1643 744 et
1681 699 1732 744 de
1772 699 1955 744 dicendo

311 798 456 829 totum
503 783 608 828 illud
649 783 767 842 quod
810 785 912 837 scio,
955 799 1035 842 ego
1082 782 1391 842 praediligerem
1439 782 1558 841 quod
1608 784 1716 828 mibi
1760 783 1951 828 faceretis

311 867 500 912 abscindi
528 867 707 912 collum.
743 884 762 907 »
793 868 898 911 Item
926 866 1031 912 dixit
1057 866 1174 926 quod
1200 880 1342 911 totum
1377 866 1418 910 id
1455 867 1572 925 quod
1606 869 1710 911 sciet
1739 877 1746 893 ¹
1778 880 1957 925 tangens

313 953 576 1011 processum,
603 951 784 995 libenter
808 950 934 995 dicet.

370 1037 633 1094 Interrogata
666 1051 719 1078 an
754 1034 887 1079 credit
920 1034 1038 1093 quod
1071 1047 1242 1078 sanctus
1282 1034 1467 1079 Michael
1504 1047 1543 1079 et
1576 1047 1746 1079 sanctus
1781 1034 1952 1079 Gabriel

315 1119 499 1163 habeant
522 1121 656 1177 capita
684 1118 921 1162 naturalia:
947 1117 1167 1176 respondit
1199 1136 1207 1162 :
1242 1134 1260 1156 «
1292 1119 1380 1176 Ego
1408 1118 1495 1162 vidi
1525 1120 1638 1177 ipsos
1664 1119 1800 1163 oculis
1828 1120 1951 1173 meis,

315 1215 356 1247 et
380 1202 507 1247 credo
535 1202 651 1261 quod
678 1203 754 1260 ipsi
779 1215 880 1246 sunt
903 1218 1024 1260 :eque
1050 1202 1229 1245 firmiter
1255 1203 1363 1246 sicut
1387 1202 1506 1246 Deus
1534 1215 1611 1246 est.
1639 1222 1658 1244 »

376 1284 638 1343 Interrogata
669 1301 720 1329 an
755 1284 887 1329 credit
920 1284 1038 1344 quod
1074 1286 1190 1329 Deus
1224 1285 1422 1329 formavit
1455 1301 1528 1330 eos
1558 1287 1601 1329 in
1641 1285 1723 1329 illis
1758 1284 1890 1330 modo
1921 1297 1961 1329 et

315 1370 470 1421 forma,
502 1369 659 1429 quibus
686 1368 835 1413 eadem
866 1371 979 1428 ipsos
1008 1368 1124 1412 videt
1156 1387 1162 1413 z
1197 1369 1416 1428 respondit
1445 1369 1560 1426 quod
1584 1371 1657 1414 sic.

376 1455 639 1510 Interrogata
669 1469 719 1497 an
750 1452 883 1497 credit
921 1452 1037 1511 quod
1078 1455 1120 1496 in
1160 1453 1241 1496 illis
1270 1452 1403 1497 modo
1430 1466 1471 1496 et
1498 1452 1651 1507 forma,
1681 1469 1702 1497 a
1728 1454 1956 1511 principio,

318 1539 436 1581 Deus
467 1538 580 1595 ipsos
613 1538 814 1581 creaverit
845 1554 852 1580 :
885 1536 1103 1595 respondit
1134 1554 1141 1579 :
1179 1552 1197 1574 «
1240 1537 1330 1580 Vos
1358 1553 1446 1580 non
1489 1536 1695 1580 habebitis
1730 1536 1847 1581 aliud
1883 1553 1960 1595 pro

319 1622 521 1679 praesenti
545 1633 696 1678 praeter
723 1620 828 1664 illud
856 1619 973 1679 quod
1002 1636 1083 1678 ego
1106 1629 1118 1645 ²
1149 1620 1363 1678 respondi.
1398 1638 1416 1659 »

380 1705 642 1762 Interrogata
663 1720 715 1747 an
739 1705 915 1748 sciverat
939 1720 1010 1761 per
1033 1704 1340 1747 revelationem
1364 1703 1482 1762 quod
1508 1705 1595 1761 ipsa
1620 1703 1816 1748 evaderet
1841 1717 1848 1745 :
1883 1720 1963 1748 res-

322 1787 473 1845 pondit
503 1805 511 1832 :
539 1805 558 1827 «
584 1789 678 1831 Hoc
698 1803 785 1831 non
813 1789 950 1844 tangit
972 1804 1217 1846 processum
1244 1799 1449 1831 vestrum.
1480 1787 1621 1831 Vultis
1643 1804 1717 1831 vos
1738 1787 1855 1846 quod
1881 1803 1960 1845 ego

321 1871 473 1929 loquar
499 1884 646 1915 contra
676 1871 776 1915 me?
808 1891 827 1911 n

380 1956 641 2011 Interrogata
665 1971 714 1998 an
740 1971 864 1998 voces
892 1971 979 1998 sua:
1007 1954 1167 2013 aliquid
1199 1954 1298 1998 inde
1325 1954 1403 1998 sibi
1437 1954 1637 1998 dixerunt
1667 1969 1674 1997 :
1708 1954 1927 2012 respondit
1954 1972 1962 1998 :

325 2054 343 2076 «
376 2039 470 2081 Hoc
497 2054 585 2082 non
614 2052 675 2082 est
709 2037 759 2081 de
787 2051 926 2081 vestro
955 2054 1168 2096 processu.
1197 2038 1285 2095 Ego
1314 2037 1449 2082 refero
1478 2054 1546 2081 me
1574 2037 1624 2082 ad
1653 2039 1899 2082 Dominum
1933 2046 1961 2080 ³.

324 2122 391 2175 Et,
431 2123 462 2163 si
488 2133 628 2165 totum
660 2122 889 2178 pertineret
917 2119 966 2164 ad
1009 2137 1099 2174 vos,
1129 2137 1208 2178 ego
1235 2120 1418 2165 dicerem
1448 2120 1569 2165 vobis
1596 2134 1753 2165 totum.
1791 2140 1810 2163 »
1848 2122 1967 2164 Dixit

325 2204 433 2247 ultra
461 2203 598 2262 quod,
629 2219 700 2261 per
729 2203 859 2247 fidem
882 2220 1022 2257 suam,
1051 2203 1323 2248 nescit-diem
1348 2220 1488 2262 neque
1513 2205 1662 2248 horam
1696 2221 1779 2263 qua
1801 2204 1963 2248 evadet.

385 2288 643 2345 Interrogata
673 2303 725 2330 an
764 2303 888 2331 voces
921 2287 1081 2346 aliquid
1121 2287 1199 2331 sibi
1228 2287 1279 2331 de
1317 2288 1397 2332 boc
1434 2288 1633 2332 dixerunt
1672 2290 1713 2331 in
1742 2288 1928 2345 generali
1956 2305 1964 2332 ι

326 2370 574 2430 respondit:
606 2389 625 2411 ‹<
651 2371 710 2414 Ita
738 2372 971 2424 veraciter3
997 2372 1096 2428 ipsae
1125 2370 1325 2415 dixerunt
1350 2371 1457 2414 mihi
1481 2371 1597 2430 quod
1619 2387 1752 2415 essem
1779 2370 1965 2424 liberata,

327 2455 398 2499 sed
438 2457 582 2499 nescio
619 2454 733 2498 diem
773 2470 914 2512 neque
955 2453 1132 2508 horam3
1174 2469 1213 2498 et
1242 2454 1359 2513 quod
1397 2454 1594 2499 audacter
1632 2455 1779 2499 faciam
1821 2455 1967 2498 laetum

328 2539 517 2582 vultum.
551 2558 569 2579 »

388 2624 651 2679 Interrogata
679 2635 843 2675 utrum,
883 2621 1058 2680 quando
1092 2623 1233 2680 primo
1259 2622 1462 2680 applicuit
1497 2638 1626 2680 penes
1656 2638 1796 2680 regem
1823 2638 1967 2676 suum,

329 2721 381 2748 an
410 2706 498 2763 ipse
523 2706 719 2762 petiverit
753 2704 802 2748 ab
834 2721 881 2748 ea
914 2707 947 2748 si
973 2721 1045 2763 per
1071 2705 1378 2749 revelationem
1418 2704 1597 2748 habebat
1636 2704 1752 2763 quod
1785 2717 1971 2748 mutaret

332 2787 527 2832 habitum
549 2803 678 2831 suum
706 2805 713 2830 ε
746 2787 968 2852 respondit
1000 2806 1007 2831 :
1040 2805 1058 2828 c<
1084 2789 1172 2845 Ego
1193 2788 1245 2831 de
1274 2788 1354 2832 hoc
1376 2788 1498 2832 vobis
1525 2788 1723 2846 respondi
1747 2799 1785 2821 ⁴·
1827 2802 1969 2832 tamen

1776 2825 1787 2842 2

330 2887 418 2915 non
453 2870 652 2915 recordor
685 2872 717 2914 si
747 2871 827 2915 hoc
862 2871 991 2916 fuerit
1027 2871 1134 2916 mihi
1163 2873 1365 2930 petitum.
1396 2872 1447 2915 Et
1475 2870 1580 2916 illud
1608 2882 1669 2916 est
1690 2873 1897 2930 scriptum
1924 2873 1966 2914 in

333 2954 431 2998 villa
453 2954 704 2998 pictavensi.
735 2972 753 2992 »

329 3093 331 3095 ¹
386 3107 413 3130 1.
440 3096 468 3129 C
490 3108 499 3129 .·
520 3097 633 3131 sciret.
660 3116 705 3120 —
731 3105 763 3129 2.
787 3096 821 3139 Q
838 3105 935 3129 omet
954 3108 1019 3141 ego.
1046 3115 1088 3121 —-
1120 3107 1148 3139 3.
1175 3095 1206 3139 Q
1230 3108 1239 3129 .·
1255 3102 1456 3142 processum.
1480 3117 1525 3121 —
1552 3106 1585 3138 4.
1612 3097 1643 3129 Α
1670 3109 1679 3130 .·
1700 3095 1969 3143 respondit-olm.
