2099 3356
365 175 521 219 pnoc'ss
554 189 609 218 DE
640 187 993 218 CONDAMNATION
1035 189 1089 218 DE
1121 189 1287 230 JEANNE
1322 172 1450 218 D'ARc
1647 186 1726 229 303

83 298 160 329 tate
181 289 395 336 evenient3
418 297 470 335 et,
497 287 589 326 dato
608 287 715 340 quod
740 287 817 326 1100
836 296 938 325 05501
956 300 976 325 a
996 287 1082 326 Deo
1105 286 1338 334 revelatum,
1364 287 1442 325 hoc
1463 285 1563 324 forte
1582 293 1640 323 est
1666 297 1737 337 per

83 360 297 415 quamdam
329 359 761 405 communicationem,
801 358 903 397 sicut
945 358 993 397 de
1027 360 1129 407 Jona
1165 358 1359 412 propheta
1395 357 1463 411 qui
1501 356 1683 409 praedixit
1724 369 1732 392 τ

90 449 108 468 (1
143 431 285 470 Adhuc
313 432 383 469 XL
406 431 506 478 dies,
533 440 570 469 et
591 430 738 468 Ninive
762 429 1028 469 subvertetur.
1060 445 1076 466 »
1112 431 1170 469 De
1189 430 1267 469 hoc
1291 429 1399 483 quod
1425 437 1569 467 sanctae
1593 427 1737 466 Katha-

89 504 173 543 rina
193 512 231 541 et
255 503 475 555 Margareta
503 502 575 540 sibi
598 500 873 540 revelaverunt
903 501 1012 554 quod
1042 500 1287 548 liberabitur,
1318 511 1412 548 etc.,
1447 499 1548 539 forte
1578 499 1656 538 hoc
1680 507 1738 537 est

91 574 345 614 mendacium
370 573 646 620 adinventum,
668 582 705 611 et
732 573 916 625 jactantia
946 572 1146 626 quaedam.
1174 574 1232 612 De
1262 585 1355 611 ense
1381 571 1569 619 revelato,
1594 570 1694 610 forte
1718 583 1739 608 a

93 646 270 699 maligno
296 646 436 699 spiritu
461 644 523 684 vel
546 645 724 683 humano
752 643 971 683 revelatum
1000 644 1088 691 fuit,
1114 657 1186 683 nec
1211 644 1284 682 sibi
1309 643 1551 683 credendum
1578 651 1650 681 est.
1680 643 1738 680 De

92 719 231 772 quinta
258 717 550 770 propositione,
575 716 682 769 quod
708 729 753 754 ex
781 716 969 754 mandato
995 716 1067 754 Dei
1090 716 1301 768 assumpsit
1323 715 1500 754 habitum
1529 715 1618 762 viri,
1642 722 1737 761 etc.,

93 790 170 829 hoc
196 802 276 827 11011
299 798 356 828 051
377 787 608 835 verisimile,
641 787 707 826 sed
742 788 868 839 magis
895 787 1189 835 scandalosum,
1224 787 1413 826 indecens
1442 796 1448 812 ¹
1483 795 1520 825 et
1551 777 1740 824 inhones-

93 871 193 908 tum,
220 861 392 899 maxime
415 859 574 898 mulieri
600 868 637 897 et
663 858 823 911 puellae,
849 872 969 912 quam
994 872 1034 897 se
1067 872 1152 897 0550
1177 858 1286 907 dicit,
1319 859 1394 896 nisi
1426 858 1503 896 hoc
1527 856 1671 896 faceret
1693 855 1740 894 ad

93 932 445 985 praeservationem
478 929 682 969 violentiae
718 929 951 978 inferendae,
989 939 1152 983 propter
1191 930 1459 983 virginitatem
1491 927 1739 967 servandam.

94 1005 153 1043 De
180 1012 286 1042 sexta
316 1003 609 1056 propositione,
638 1014 747 1050 cum,
780 1002 819 1040 in
848 1001 986 1040 litteris
1017 1015 1113 1055 quas
1145 1001 1262 1040 scribi
1297 1001 1480 1049 faciebat,
1513 999 1743 1053 apponebat

95 1076 256 1129 signum
279 1075 421 1124 crucis,
447 1075 608 1128 signum
630 1083 711 1112 erat
729 1073 838 1127 quod
861 1073 918 1111 1111
941 1073 1086 1127 quibus
1105 1073 1300 1112 scribebat
1321 1086 1402 1111 non
1424 1072 1594 1111 facerent
1613 1085 1702 1125 quae
1727 1079 1741 1097 2

93 1146 320 1195 mandabat,
344 1147 525 1200 quamvis
550 1146 662 1199 signa
690 1144 917 1198 significent
935 1145 982 1184 ad
1005 1145 1212 1198 placitum,
1238 1154 1369 1184 tamen
1393 1144 1583 1197 suspicari
1609 1152 1743 1196 posset

96 1219 220 1273 quod,
245 1219 459 1272 instigante
482 1218 660 1271 maligno
682 1217 837 1270 spiritu,
859 1218 898 1255 in
921 1226 1199 1270 contemptum
1224 1225 1261 1255 et
1282 1215 1572 1268 blasphemiam
1596 1215 1743 1254 Christi

97 1290 291 1336 crucifixi,
326 1291 393 1345 qui
426 1299 484 1329 est
515 1302 671 1328 summa
701 1290 844 1328 veritas
872 1298 910 1327 et
942 1302 1062 1342 quem
1097 1289 1197 1336 odit,
1224 1289 1301 1327 hoc
1335 1287 1466 1326 fiebat.
1499 1289 1556 1326 De
1584 1287 1743 1325 residuo

98 1363 278 1415 ejusdem
310 1362 617 1416 propositionis,
646 1360 805 1400 videtur
830 1361 1014 1414 quaedam
1046 1360 1212 1413 superba
1243 1360 1440 1413 jactantia.
1480 1361 1536 1397 De
1559 1359 1742 1412 septima,

99 1448 191 1474 cum
215 1433 402 1473 scutifero
425 1447 546 1488 quem
569 1446 776 1486 nunquam
798 1433 949 1471 Viderat
973 1446 1013 1471 se
1039 1433 1216 1479 sociavit,
1243 1441 1337 1479 etc.,
1361 1431 1568 1469 temerarie
1591 1430 1685 1469 fecit
1709 1439 1747 1469 01

100 1507 323 1546 discrimini
349 1519 389 1545 se
417 1505 631 1558 exposuit3
659 1505 760 1544 sicut
781 1504 900 1543 etiam
924 1517 995 1557 per
1022 1513 1202 1543 octavam
1227 1503 1564 1556 propositionem,
1591 1515 1680 1541 cum
1707 1515 1747 1540 se

100 1578 148 1617 de
171 1579 268 1617 turri
293 1577 483 1617 altissima
505 1576 784 1630 praecipitavit,
803 1586 935 1629 patere
958 1585 1103 1628 potest.
1127 1576 1173 1613 Et
1192 1588 1283 1613 cum
1306 1584 1524 1627 spontanee
1546 1583 1750 1626 paternam

99 1649 266 1689 domum
290 1649 481 1703 relinquit
505 1658 643 1688 contra
669 1656 878 1701 parentum
899 1647 1163 1694 voluntatem,
1188 1655 1283 1694 etc.,
1307 1646 1440 1684 minus
1462 1644 1616 1684 debitus
1637 1658 1750 1683 amor

98 1730 136 1761 et
160 1722 292 1761 honor
317 1730 524 1775 parentum
557 1719 648 1767 fuit,
681 1729 719 1758 01
744 1728 880 1759 contra
906 1727 1150 1772 praeceptum
1180 1718 1227 1758 de
1258 1718 1677 1770 honoreparentunn
1710 1725 1748 1755 et

98 1792 198 1832 forte
223 1793 407 1846 quaedam
422 1793 618 1832 obstinata
634 1790 785 1830 malitia
803 1800 840 1830 01
858 1790 1003 1829 duritia
1021 1789 1151 1829 cordis
1170 1790 1257 1829 fuit.
1278 1791 1335 1827 De
1354 1798 1507 1838 octava,
1534 1798 1577 1827 ut
1594 1788 1747 1827 dictum

99 1874 171 1913 051,
208 1878 300 1904 011111
337 1879 377 1904 50
412 1864 675 1918 precipitavit
715 1862 762 1902 de
796 1863 908 1911 turri,
947 1873 1040 1911 etc.,
1079 1861 1232 1901 fatuum
1269 1870 1306 1900 01
1345 1860 1494 1900 malum
1532 1859 1748 1900 consilium

99 1936 252 1985 habuit,
273 1946 310 1976 et
336 1950 357 1975 a
385 1936 562 1991 maligno
589 1944 599 1969 ³
631 1935 771 1988 spiritu
794 1934 965 1988 impulsa
983 1933 1105 1973 fuisse
1130 1933 1303 1981 videtur,
1324 1942 1361 1972 et
1382 1933 1542 1986 signum
1565 1932 1750 1985 despera-

100 2008 221 2047 tionis
246 2008 434 2048 ostendit.
464 1993 684 2048 Residuum
710 2006 890 2058 ejusdem
921 2006 1212 2059 propositionis
1242 2004 1425 2059 quaedam
1453 2004 1634 2056 jactantia
1665 2016 1767 2049 esse⁸

102 2089 246 2133 potest.
276 2082 333 2119 De
356 2093 477 2128 nona,
505 2079 612 2133 quod
637 2090 782 2120 sanctae
811 2078 1026 2118 Katharina
1049 2088 1086 2117 et
1111 2078 1329 2131 Margareta
1356 2075 1429 2115 51111
1465 2075 1748 2129 promiserunt,

102 2161 195 2201 etc.,
222 2153 384 2200 nesci03
411 2152 479 2191 sed
503 2151 605 2191 forte
630 2152 889 2191 temerarium
920 2150 1059 2189 fictum
1082 2159 1119 2188 et
1146 2150 1363 2203 superbum
1387 2148 1641 2187 mendacium
1663 2159 1750 2185 esse

104 2233 249 2277 potest.
272 2224 396 2271 Quod
417 2238 499 2263 non
519 2233 629 2277 putat
651 2237 690 2263 se
715 2223 856 2262 fecisse
882 2236 1003 2276 opera
1027 2221 1205 2260 mortalis
1231 2220 1397 2274 peccati,
1424 2219 1751 2273 praesumptionis

104 2308 189 2335 esse
212 2295 382 2344 videtur,
403 2306 440 2336 et
466 2305 604 2335 contra
626 2295 774 2335 factum
800 2294 847 2334 de
873 2294 1186 2347 praecipitatione
1209 2292 1256 2332 de
1272 2293 1382 2332 turri.
1405 2292 1521 2331 Circa
1536 2291 1751 2339 decimam,

104 2380 196 2406 cum
221 2367 390 2407 affirmat
415 2367 523 2422 quod
552 2369 659 2406 Deus
684 2367 816 2420 diligit
841 2366 1053 2420 quosdam,
1081 2375 1174 2413 etc.,
1209 2365 1286 2403 hoc
1311 2363 1410 2403 bene
1448 2372 1541 2411 stat3
1568 2362 1635 2401 sed
1660 2375 1752 2401 011111

102 2438 198 2477 dicit
221 2439 330 2493 quod
346 2447 520 2478 sanctae4
546 2439 759 2481 Katharina
779 2447 816 2477 et
832 2439 1051 2490 Margareta
1077 2450 1159 2475 non
1177 2435 1399 2490 loquuntur
1417 2434 1633 2488 anglicum,
1655 2442 1750 2479 etc.,

103 2511 308 2550 temeraria
339 2511 502 2550 assertio
531 2520 569 2549 et
600 2510 784 2564 quaedam
819 2508 1067 2561 blasphemia
1094 2507 1266 2554 videtur,
1305 2507 1397 2560 quia
1432 2507 1538 2544 Deus
1567 2505 1752 2544 omnium

105 2582 304 2621 Dominus
326 2592 382 2620 est
401 2591 438 2620 01
460 2595 671 2634 supremus
691 2581 889 2634 provisor,
912 2589 988 2619 tam
1012 2579 1239 2632 Anglorum
1256 2579 1375 2632 quam
1397 2586 1633 2616 caeterorum
1657 2582 1665 2607 5
1683 2590 1692 2624 ;
1718 2585 1755 2615 et

103 2653 170 2701 ita,
187 2653 342 2692 videtur
357 2654 488 2692 dicere
508 2663 645 2692 contra
667 2661 913 2706 praeceptum
931 2652 977 2690 de
996 2650 1211 2690 dilectione
1228 2650 1414 2703 proximi.
1445 2650 1502 2687 De
1520 2648 1754 2696 undecima,

106 2725 215 2779 quod
239 2725 462 2778 amplexata
480 2735 538 2764 est
562 2734 600 2764 01
628 2724 806 2763 osculata
831 2722 1093 2776 corporaliter
1113 2732 1150 2761 et
1174 2721 1418 2760 sensibiliter
1441 2730 1592 2759 sanctas
1613 2720 1757 2759 Katha-

108 2797 233 2836 rinam
250 2807 287 2836 et
306 2797 584 2851 Margaretam‚
604 2806 699 2844 etc.,
721 2796 1015 2849 phantasticum
1038 2804 1074 2833 et
1094 2793 1230 2833 fictum
1253 2792 1524 2841 mendacium,
1542 2792 1604 2830 vel
1621 2791 1755 2830 illusio

165 3036 193 3061 1.
217 3026 249 3060 A
276 3024 453 3060 :incedens
475 3025 567 3070 (sic).
599 3045 644 3050 —
671 3034 704 3058 2.
736 3025 766 3058 A
799 3036 808 3057 .·
836 3023 930 3070 quod.
960 3043 1006 3048 ——
1040 3032 1069 3068 3.
1090 3022 1125 3066 Q
1149 3034 1158 3057 :
1177 3021 1276 3055 malo.
1308 3042 1354 3046 -ψ
1384 3031 1418 3062 4.
1442 3019 1469 3054 B
1488 3028 1522 3055 ct
1539 3019 1574 3064 Q
1596 3030 1608 3053 :
1628 3023 1756 3054 sancta,

109 3105 155 3111 —
172 3096 202 3130 5.
227 3085 256 3120 C
268 3095 364 3120 011101
382 3096 480 3131 quam
497 3090 701 3119 (exterorum.
