2099 3356
324 220 381 263 24
601 202 760 248 Paoci'zs
793 216 850 245 DE
883 213 1234 245 coNDAMNATION
1269 214 1326 243 DE
1355 213 1521 256 JEANNE
1554 198 1680 242 D’ARc

325 335 495 364 causam
525 316 626 362 fidei
656 314 875 362 sufficiens
898 315 1007 358 ratio
1040 312 1283 358 haberetur.
1321 312 1515 371 Ipsisque
1542 310 1838 371 praesentibus,
1869 313 1964 355 arti—

325 403 445 448 culos
467 402 709 461 praemissos
739 412 780 444 et
818 398 1110 457 depositiones
1134 398 1311 441 testium
1339 397 1384 440 in
1412 397 1628 455 praemissa
1655 395 1964 441 informatione

326 498 550 532 contentas
578 493 586 510 ¹
616 482 773 543 perlegi
797 482 993 526 fecimus.
1031 481 1123 534 Qui
1148 479 1326 539 quidem
1353 478 1521 524 domini
1554 491 1595 523 et
1622 480 1829 537 magistri,
1863 494 1966 536 prae-

329 570 467 614 missis
490 567 645 612 auditis
667 579 707 610 et
732 566 901 624 plenius
921 563 1215 617 consideratis,
1237 564 1412 621 longam
1439 576 1480 607 et
1507 576 1722 607 maturam
1741 577 1868 620 super
1901 562 1969 605 his

327 652 679 697 deliberationem
705 648 964 702 habuerunt,
991 659 1032 691 et
1049 646 1223 691 tandem
1248 662 1343 700 nOS,
1364 661 1517 690 eorum
1538 645 1726 690 consiliis
1747 658 1790 690 et
1810 644 1967 690 delibe-

265 766 272 771 -
329 734 567 780 rationibus
595 732 766 786 habitis,
801 731 1070 776 decrevimus
1095 730 1401 780 sufficientem,
1430 745 1481 774 ex
1518 728 1900 773 informationibus
1927 741 1969 772 et

329 820 437 874 aliis,
468 802 700 863 materiam
714 832 794 860 nos
821 815 991 869 habere,
1009 826 1182 873 propter
1199 830 1333 874 quam
1351 813 1523 873 praefata
1548 812 1706 857 mulier
1726 814 1770 857 in
1795 807 1965 856 causam

329 902 428 947 fidei
461 903 579 947 citari
603 913 645 945 et
675 901 841 945 evocari
867 898 1064 953 deberet3
1096 899 1319 957 ipsamque
1349 896 1564 941 citandam
1595 912 1684 941 esse
1719 908 1759 940 et
1786 911 1968 940 evocan-

329 987 427 1031 dam
454 988 497 1030 in
532 986 708 1029 materia
748 982 846 1027 fidei
889 982 1174 1036 decrevimus,
1217 997 1344 1040 super
1375 983 1498 1025 certis
1525 980 1865 1038 interrogatoriis
1892 978 1971 1023 sibi

332 1068 627 1130 proponendis
663 1082 983 1125 responsuram.
1014 1067 1238 1120 Praeterea,
1275 1078 1321 1109 ut
1348 1081 1412 1109 res
1439 1066 1526 1122 ipsa
1556 1064 1890 1108 convenientius
1932 1076 1973 1106 et

331 1152 543 1199 salubrius
574 1151 727 1197 deduci
764 1151 936 1204 valeret,
970 1149 1025 1193 ob
1059 1150 1340 1193 reverentiam
1374 1150 1537 1193 Sanctae
1565 1146 1682 1192 Sedis
1713 1147 1971 1206 apostolicae,

332 1254 428 1297 quae
486 1236 691 1281 dominos
740 1235 1016 1293 inquisitores
1061 1233 1272 1277 liaereticae
1317 1233 1550 1291 pravitatis,
1596 1231 1648 1276 ad
1689 1231 1975 1275 correctiones

333 1337 544 1375 errorum,
573 1319 803 1364 adversum
829 1327 843 1344 ²
887 1317 1017 1362 fidem
1045 1316 1336 1361 orthodoxam
1372 1317 1707 1374 emergentium,
1739 1314 1975 1373 specialiter

333 1405 556 1464 deputavit
578 1421 586 1447 z
615 1419 664 1447 ex
677 1402 859 1447 consilio
877 1400 1133 1446 eorumdem
1148 1402 1382 1459 peritorum
1404 1401 1614 1453 virorum,
1641 1398 1936 1442 conclusimus
1962 1405 1972 1430 ³

335 1489 567 1533 dominum
611 1487 920 1546 Inquisitorem
982 1485 1189 1528 haereticae
1253 1484 1469 1542 pravitatis
1518 1484 1561 1526 in
1607 1497 1739 1540 regno
1792 1481 1978 1525 Franciae

340 1570 586 1616 vocandum
611 1586 699 1614 esse
731 1582 771 1614 et
805 1570 848 1612 in
877 1569 1052 1613 materia
1084 1567 1182 1612 fidei
1217 1565 1525 1626 requirendum
1559 1579 1788 1624 quatenus,
1817 1566 1851 1608 si
1887 1580 1976 1608 suae

337 1655 583 1700 discretioni
612 1653 793 1712 placeret
816 1665 888 1697 aut
915 1668 990 1696 sua
1021 1650 1209 1695 crederet
1243 1652 1460 1703 interesse,
1497 1648 1724 1693 nobiscum
1759 1664 1801 1692 se
1828 1647 1978 1705 adjun-

336 1751 454 1797 geret
488 1739 531 1781 in
574 1753 788 1796 processu.
819 1737 871 1779 Et
904 1736 1113 1794 quoniam
1152 1733 1349 1793 praefatus
1389 1733 1594 1778 dominus
1636 1732 1871 1791 Inquisitor
1901 1747 1976 1790 pro

338 1823 411 1866 illo
433 1835 535 1866 tunc
559 1821 609 1865 ab
632 1821 708 1864 hac
728 1821 897 1864 civitate
921 1819 1262 1875 Rothomagensi
1284 1817 1433 1861 absens
1460 1829 1561 1870 erat,
1592 1817 1798 1859 vicarium
1825 1815 1974 1873 ipsius,

339 1906 601 1964 Rothomagi
628 1905 900 1957 existentem,
926 1902 1172 1947 vocandum
1195 1914 1251 1954 et,
1274 1914 1322 1945 ut
1343 1901 1633 1959 praemittitur‚
1661 1897 1970 1943 sommandum

341 2005 428 2033 esse
450 1989 764 2033 ordinavimus}
1726 1967 1731 1972 ¹

864 2177 995 2203 EADEM
1028 2176 1093 2202 DIE
1125 2175 1218 2202 POST
1250 2170 1496 2202 rs=1122R1D1EM4.

403 2306 509 2349 Item
556 2303 704 2348 eadem
745 2303 813 2346 die
854 2303 984 2355 lunae,
1015 2302 1118 2345 hora
1164 2302 1283 2359 quasi
1317 2313 1465 2359 quarta
1499 2312 1593 2358 post
1641 2297 1884 2351 meridiem,
1931 2297 1982 2342 ad

344 2401 586 2447 requestam
618 2400 809 2431 nostram
846 2387 1086 2444 comparuit
1114 2387 1156 2428 in
1194 2383 1303 2428 dicta
1332 2383 1465 2428 domo
1499 2382 1776 2426 habitationis
1809 2394 1980 2435 nostae,

344 2473 529 2530 episcopi
570 2470 774 2529 praedicti,
834 2469 1084 2513 venerabilis
1130 2482 1170 2512 et
1218 2467 1423 2511 discretus
1472 2468 1538 2510 vir
1582 2466 1704 2510 frater
1761 2464 1983 2522 Johannes

345 2556 550 2611 Magistri,
582 2553 633 2598 de
663 2553 814 2597 ordine
840 2561 848 2585 ³
890 2551 1236 2605 Praedicatorum,
1279 2551 1460 2595 vicarius
1491 2549 1660 2593 domini
1708 2549 1984 2606 Inquisitoris

346 2640 387 2682 in
412 2653 544 2695 regno
575 2638 774 2689 franciae,
799 2653 874 2694 pro
901 2637 1068 2679 civitate
1096 2647 1135 2679 et
1164 2634 1337 2678 dioecesi
1370 2633 1710 2689 Rothomagensi
1742 2631 1793 2675 ab
1829 2630 1983 2675 eodem

346 2720 585 2779 deputatus.
627 2720 773 2772 Quem
806 2719 981 2778 quidem
1021 2720 1228 2762 vicarium
1256 2718 1569 2761 sommavimus
1612 2728 1653 2759 et
1681 2715 1985 2773 requisivimus

402 2944 430 2967 1.
451 2932 484 2977 Q
505 2944 514 2965 .·
532 2936 705 2966 contentos.
734 2951 781 2956 —
812 2941 842 2965 2.
861 2929 891 2964 C
908 2943 917 2963 .·
936 2929 1103 2964 adversus.
1127 2951 1173 2955 —
1205 2941 1231 2975 3.
1251 2929 1315 2964 AB
1335 2941 1378 2963 en
1405 2939 1525 2974 marge
1554 2926 1764 2961 :conclusum
1775 2926 1854 2971 sore
1869 2936 1988 2960 vocan-

348 2992 425 3026 dum
446 2992 681 3037 Inquisitorem
702 3004 713 3031 ;
734 2990 770 3042 C‘
789 3002 833 3025 en
851 3001 971 3035 marge
995 3003 1000 3024 :
1023 2989 1183 3023 conclusio
1196 2989 1352 3023 evm-andi
1362 2987 1534 3021 dominnm
1552 2987 1801 3032 Inquisitorem.
1821 3005 1867 3010 -——
1880 2996 1914 3027 4.
1933 2985 1986 3019 En

351 3062 469 3097 inarge
486 3052 528 3085 de
543 3050 638 3084 ABC
660 3050 743 3090 ,AB
767 3062 777 3083 .·
797 3049 923 3090 eodem;
956 3049 985 3083 C
1005 3048 1123 3095 ajoute
1145 3048 1357 3094 :comparuit
1386 3048 1534 3080 vicarius
1564 3046 1793 3091 Inquisitoris.
1825 3065 1870 3069 ——
1904 3054 1932 3087 5.
1957 3044 1987 3078 C
2014 3038 2020 3043 ’

352 3111 643 3155 ajoutesratrum.
