2099 3356
363 202 447 246 242
630 188 789 232 PRocl'is
827 201 883 231 DE
922 201 1275 230 CONDAMNATION
1309 201 1366 230 DE
1396 201 1562 242 JEANNE
1594 186 1725 230 D’ARC

357 301 504 359 glicos.
522 302 588 354 Et,
610 312 825 359 quantum
845 298 896 343 ad
918 299 1249 343 conclusionem
1267 300 1449 351 articuli,
1471 316 1515 344 se
1537 299 1663 343 refert
1682 299 1733 343 ad
1755 300 2000 344 Dominum

361 397 581 430 nostrum.

369 498 373 500 ἡ
418 469 544 521 Item,
571 468 732 520 marris,
756 481 890 510 xxvu.
916 465 1132 520 februarii,
1156 467 1414 524 interrogata
1434 466 1608 524 qualem
1631 467 1879 510 societatem
1897 483 2002 510 suus

360 567 431 596 rex
455 553 492 595 ei
519 550 706 603 tradidit,
730 549 906 608 quando
929 565 1024 594 eam
1054 551 1197 608 posuit
1229 550 1274 593 in
1312 565 1440 607 opere
1465 563 1474 592 :
1505 549 1727 607 respondit
1752 548 1870 608 quod
1897 548 2005 606 {tra-

359 634 484 693 didit]
510 633 656 678 decern
699 647 772 678 aut
801 632 1033 678 duodecim
1073 632 1190 677 mille
1220 632 1449 686 homines;
1480 645 1522 676 et
1557 631 1676 690 quod
1704 634 1793 690 ipsa
1829 633 2001 677 accessit

361 718 617 771 Aurelianis,
647 719 787 776 primo
812 716 864 761 ad
889 706 1113 760 bastildam
1137 717 1278 761 Sancti
1302 717 1428 775 Lupi,
1457 729 1497 760 et
1526 729 1670 774 postea
1699 715 1751 760 ad
1795 716 1914 760 illam
1951 715 2002 759 de

364 803 518 847 Ponte.

419 958 527 1001 LIV.
552 974 570 996 «
590 958 714 1010 ITEM,
728 957 816 1014 ipsa
832 956 1031 1012 Johanna
1052 955 1342 1000 inverecunde
1365 957 1533 999 incessit
1551 971 1650 999 cum
1674 956 1789 1008 viris,
1807 970 2005 1000 recusans

364 1041 514 1085 babere
551 1041 766 1085 consortia
803 1052 877 1084 aut
921 1039 1147 1098 obsequia„
1174 1039 1427 1092 mulierum,
1468 1038 1538 1083 sed
1583 1052 1753 1082 tantum
1789 1039 2003 1092 virorum,

358 1141 468 1184 quos
494 1124 574 1168 sibi
598 1126 755 1169 servire
779 1123 919 1167 voluit
953 1125 996 1167 in
1025 1122 1178 1167 officiis
1214 1123 1387 1180 privatis
1420 1138 1599 1166 camerae
1638 1139 1726 1166 suae
1751 1135 1791 1166 et
1827 1123 1912 1167 suis
1939 1138 2007 1167 se-

357 1210 482 1254 cretis
509 1207 649 1252 rebus.
678 1207 812 1262 Quod
838 1223 1064 1266 nunquam
1099 1206 1150 1250 de
1177 1206 1319 1265 aliqua
1344 1207 1524 1250 muliere
1562 1205 1715 1265 pudica
1746 1218 1787 1250 et
1812 1214 1820 1231 ¹
1851 1205 2005 1250 devota

359 1294 501 1337 visum
523 1305 584 1337 est
611 1292 677 1336 vel
698 1291 913 1336 auditum.
955 1308 974 1331 »

419 1376 437 1397 *
463 1375 530 1421 Ad
556 1376 670 1420 hunc
692 1383 707 1404 ²
727 1374 977 1428 articulum,
1004 1373 1226 1433 respondit
1251 1381 1261 1407 ³
1285 1374 1403 1433 quod
1432 1390 1507 1418 sua
1531 1373 1788 1432 gubernatio
1815 1386 1902 1418 erat
1930 1389 2003 1432 per

363 1461 563 1505 homines
583 1478 594 1514 3
616 1459 707 1514 sed,
734 1473 950 1518 quantum
984 1458 1034 1503 ad
1052 1458 1290 1516 hospitium
1311 1472 1351 1502 et
1374 1460 1416 1502 in
1444 1457 1624 1516 jacendo
1644 1457 1696 1502 de
1714 1470 1855 1511 nocte,
1882 1470 1930 1502 ut
1954 1459 1998 1502 in

363 1543 572 1602 pluribus,
596 1542 775 1588 habebat
795 1559 927 1586 unam
955 1542 1183 1586 mulierem
1207 1557 1382 1594 secum3
1406 1554 1446 1585 et
1464 1540 1640 1600 quando
1661 1554 1749 1584 erat
1776 1542 1818 1584 in
1832 1556 2000 1599 guerra,

362 1630 449 1686 ipsa
480 1627 637 1685 jacebat
669 1629 818 1672 vestita
844 1640 885 1670 et
912 1638 1089 1679 armata,
1125 1625 1196 1669 ubi
1230 1627 1317 1683 ipsa
1346 1641 1436 1669 non
1468 1637 1631 1683 poterat
1672 1640 1917 1683 recuperare
1951 1623 2002 1668 de

362 1711 630 1756 mulieribus.
659 1712 707 1754 Et
728 1724 942 1769 quantum
965 1709 1015 1753 ad
1045 1710 1371 1753 conclusionem
1400 1709 1584 1759 articuli,
1615 1725 1657 1752 se
1685 1708 1810 1752 refert
1837 1707 1888 1752 ad
1913 1710 2005 1753 Do-

363 1797 549 1839 minum.

416 1949 505 1993 LV.
534 1966 554 1987 «
578 1948 703 2001 ITEM,
730 1946 840 1991 dicta
854 1946 1054 2002 Johanna
1069 1946 1199 1990 abusa
1220 1959 1281 1989 est
1311 1945 1645 1990 revelationibus
1671 1958 1713 1990 et
1741 1945 1992 2004 prophetiis,

360 2048 465 2090 quas
484 2031 587 2076 dicit
612 2047 656 2075 se
679 2030 832 2075 habere
856 2046 878 2074 a
905 2031 1015 2083 Deo,
1045 2043 1303 2075 convertens
1328 2045 1397 2074 eas
1423 2029 1474 2074 ad
1497 2031 1664 2074 lucrum
1690 2029 1927 2087 temporale
1961 2042 2002 2073 et

361 2130 575 2175 quaestum
599 2132 610 2169 3
659 2131 775 2168 nam,
805 2129 894 2172 ,per
945 2112 1141 2158 medium
1188 2112 1491 2170 hujuscemodi
1543 2113 1877 2167 revelationum,
1922 2112 2002 2157 sibi

362 2199 587 2257 acquisivit
610 2214 812 2256 magnam
832 2198 999 2255 copiam
1018 2196 1268 2240 divitiarum
1297 2210 1338 2240 ct
1363 2212 1542 2254 magnos
1566 2209 1789 2255 apparatus
1807 2208 1847 2240 et
1870 2208 2004 2240 status

363 2284 406 2326 in
429 2282 643 2327 officiariis
682 2282 846 2333 multis,
875 2282 1012 2340 equis,
1041 2281 1336 2332 ornamentis;
1370 2296 1416 2324 ac
1449 2281 1596 2334 etiarn,
1628 2296 1705 2337 pro
1729 2278 1929 2324 fratribus
1962 2292 2005 2323 et

415 2498 552 2542 Quant
573 2497 593 2535 a
616 2496 650 2534 la
676 2495 911 2535 conclusion
933 2494 980 2533 de
1002 2493 1179 2541 l'article,
1204 2493 1283 2532 s’en
1307 2503 1462 2546 raporte
1486 2493 1506 2531 ὲ
1526 2503 1658 2544 nostre
1686 2494 1769 2532 Sire
1790 2504 1820 2532 4.

412 2570 432 2586 *
452 2568 638 2620 Respond
665 2581 741 2620 que
774 2580 846 2605 son
871 2574 1191 2618 gouvernement
1215 2564 1369 2603 c’estoit
1400 2564 1620 2613 d'ommes3
1657 2565 1771 2613 mais,
1801 2573 1924 2618 quant
1952 2578 2000 2603 au

359 2639 498 2692 logeys
525 2649 562 2678 et
581 2640 673 2691 gist,
698 2638 732 2677 le
763 2638 849 2690 plus
875 2647 1046 2676 souvent
1066 2637 1172 2675 avoit
1198 2650 1274 2674 nne
1296 2635 1442 2674 femme
1463 2649 1556 2675 avec
1581 2635 1669 2674 elle.
1698 2638 1743 2674 Et
1784 2646 1905 2689 quant
1927 2636 2001 2674 elle

359 2712 476 2750 estoit
493 2724 541 2750 en
563 2724 718 2763 guerre,
736 2709 810 2748 elle
832 2709 961 2762 gesoit
982 2718 1117 2747 vestue
1133 2717 1170 2746 et
1184 2708 1331 2755 armee‚
1352 2707 1385 2746 la
1402 2709 1455 2747 ou
1478 2706 1552 2747 elle
1567 2721 1614 2746 ne
1635 2708 1774 2760 povoit
1789 2702 2001 2747 recouvrer

361 2782 408 2822 de
432 2781 600 2821 femmes
622 2787 650 2820 5.
680 2782 816 2828 Quant
839 2781 859 2818 ὴ
880 2779 916 2819 la
937 2778 1174 2819 conclusion
1198 2779 1244 2818 de
1266 2778 1428 2818 l’article
1451 2780 1466 2805 ⁶
1477 2810 1591 2818 .....

415 2984 443 3007 1.
468 2972 498 3007 C
519 2984 528 3005 .·
548 2972 611 3006 vel.
634 2992 676 2996 —
698 2981 729 3005 2.
750 2972 781 3005 A
802 2971 1136 3016 :quinquagesimum
1165 2974 1334 3015 quartum.
1366 2989 1412 2994 —
1448 2979 1477 3014 3.
1504 2970 1536 3003 A
1564 2971 1681 3014 ajoute
1716 2969 1803 3004 dicta
1834 2969 1996 3015 Johanna.

365 3052 417 3071 -—-,
436 3041 469 3074 4.
510 3032 551 3072 U,
584 3030 657 3070 fol.)
676 3035 739 3076 29,'
757 3038 805 3063 νο.
841 3050 891 3072 —J
924 3039 952 3071 5.
979 3029 1011 3071 U
1039 3040 1082 3062 cn
1111 3040 1230 3073 marge
1258 3040 1268 3061 .·
1287 3027 1427 3071 candens
1446 3027 1484 3062 de
1507 3028 1541 3070 ‚la
1573 3028 1712 3069 Pzzcelle.
1735 3049 1780 3054 —-
1810 3029 1842 3069 6,.
1870 3029 1914 3071 U,
1934 3029 1995 3063 fol.

366 3102 420 3137 29,
443 3101 494 3125 ΥΟ.
