2099 3356
379 193 537 238 PRocizs
571 208 626 237 DE
659 208 1009 238 CONDAMNA’rioN
1044 209 1099 237 DE
1131 209 1294 250 JEANNE
1328 194 1457 238 D'ARc
1651 209 1727 250 109

157 318 333 373 Quibus
358 320 431 373 sic,
463 332 508 364 ut
534 320 823 378 praemittitur,
854 320 1027 376 peractis
1050 320 1094 361 in
1123 319 1218 363 loco
1236 318 1494 376 supradicto,
1517 335 1612 373 nos,
1635 335 1740 382 prae—

98 402 235 448 dictus
263 412 271 428 ¹
303 405 527 462 episcopus
557 416 599 447 et
619 402 746 447 frater
770 403 990 458 johannes
1009 403 1219 460 Magistri,
1251 403 1429 446 vicarius
1447 403 1738 461 Inquisitoris,

98 487 295 546 deinceps
322 486 591 531 concorditer
622 487 908 545 processimus
945 486 997 530 ad
1032 485 1388 557 interrogandum
1422 499 1463 530 et
1496 486 1741 531 faciendum

98 572 345 629 interrogari
365 570 651 630 supradictam
673 583 686 600 2
710 570 972 626 johannam,
999 582 1127 628 prout
1147 582 1270 614 antea
1297 569 1432 615 fuerat
1459 572 1683 629 inceptum
1711 578 1740 614 ³.

156 653 174 674 *
194 654 243 697 Et
262 655 418 712 primo,
446 670 496 698 ex
513 653 787 698 ordinatione
806 666 967 707 nostra,
998 653 1079 696 fuit
1099 652 1248 697 eadem
1268 654 1745 712 Johanna-interrogata

101 737 224 797 quale
254 739 428 796 signum
448 736 528 782 fuit
548 737 665 796 quod
694 739 783 795 ipsa
803 736 976 781 tradidit
1004 738 1090 794 regi
1123 753 1217 781 suo.
1248 736 1315 780 Ad
1343 737 1460 795 quod
1487 737 1706 795 respondit
1733 753 1741 780 ε

63 881 66 883 v
104 839 123 860 «
153 823 306 866 Essetis
331 837 408 865 vos
434 823 628 865 contenti
652 820 772 879 quod
795 837 875 879 ego
902 822 1163 864 incurrerem
1191 822 1426 879 perjurium
1445 831 1460 854 4
1492 823 1508 865 ?
1529 838 1548 861 »

160 906 284 959 Item,
314 906 572 963 interrogata
607 918 756 949 utrum
790 906 1002 962 juraverat
1035 917 1076 948 et
1109 906 1363 962 promiserat
1399 917 1555 949 sanctae
1584 904 1744 949 Katha-

103 990 205 1032 rinae
233 1004 320 1032 non
347 988 485 1033 dicere
511 987 618 1032 illud
642 990 814 1046 signum
846 1005 855 1032 t
884 987 1106 1045 respondit
1133 1005 1141 1031 ε
1173 1007 1192 1030 «
1224 989 1312 1046 Ego
1334 990 1470 1046 juravi
1501 1002 1541 1033 et
1568 989 1746 1047 promisi

102 1088 189 1116 non
215 1071 352 1116 dicere
380 1071 485 1116 illud
509 1073 684 1130 signum
712 1079 742 1126 5,
766 1085 808 1115 et
828 1071 909 1115 hoc
927 1088 977 1115 ex
999 1087 1068 1115 me
1086 1073 1189 1130 ipsa,
1216 1073 1316 1130 quia
1334 1072 1536 1116 homines
1557 1074 1747 1117 nimium

101 1155 335 1200 onerabant
363 1172 432 1200 me
456 1155 507 1200 de
534 1155 732 1200 dicendo.
769 1173 788 1196 »
819 1156 868 1199 Et
895 1169 998 1200 tunc
1018 1157 1199 1214 ipsamet
1226 1157 1424 1214 promisit
1447 1157 1565 1216 quod
1590 1156 1643 1201 de
1665 1156 1747 1201 hoc

102 1255 191 1283 non
215 1239 401 1297 amplius
428 1239 679 1299 loqueretur
710 1241 971 1299 cuicumque
1005 1239 1193 1284 homini.
1227 1241 1338 1284 Item
1368 1239 1470 1284 dicit
1496 1240 1615 1299 quod
1640 1239 1747 1285 illud

101 1324 275 1381 signum
295 1324 310 1349 ⁶
337 1323 419 1368 fuit
441 1323 559 1382 quod
577 1324 753 1383 angelus
773 1323 1028 1368 certificabat
1051 1323 1134 1368 hoc
1158 1325 1245 1382 regi
1263 1340 1359 1378 suo,
1379 1323 1458 1368 sibi
1479 1323 1747 1383 apportando

103 1422 308 1451 coronam
335 1411 375 1451 e't
400 1408 437 1451 ei
462 1407 644 1452 dicendo
681 1407 798 1467 quod
832 1409 920 1465 ipse
956 1407 1131 1452 haberet
1162 1420 1306 1452 totum
1340 1424 1523 1466 regnum
1562 1398 1747 1452 Franciae

105 1506 155 1534 ex
177 1491 359 1548 integro,
380 1491 595 1536 mediante
615 1492 774 1536 auxilio
793 1493 875 1536 Dei
894 1504 935 1536 et
957 1490 1174 1536 mediante
1195 1491 1337 1536 labore
1361 1493 1493 1550 ipsius
1513 1492 1746 1548 Johannae;

106 1587 148 1618 et
170 1574 288 1633 quod
318 1576 407 1634 ipse
432 1588 611 1634 poneret
640 1576 838 1620 eamdem
873 1575 1121 1631 johannam
1154 1575 1205 1620 ad
1243 1592 1366 1635 opus,
1408 1575 1606 1621 videlicet
1632 1575 1751 1635 quod

881 1722 905 1748 θ

158 1825 256 1865 *Die
278 1826 422 1873 martis,
449 1825 588 1866 decima
608 1826 716 1866 tertia
738 1826 869 1867 mensis
892 1826 1035 1877 martii,
1055 1841 1152 1867 anno
1175 1826 1333 1867 Domini
1353 1826 1546 1868 millesimo
1567 1826 1750 1882 quadrin-

100 1899 296 1952 gentesimo
319 1898 497 1938 tricesimo
517 1908 547 1938 7.

158 1971 414 2024 Interroguee
436 1972 745 2025 premierement
772 1972 825 2011 du
847 1973 959 2025 signe
982 1972 1113 2011 baillie
1133 1972 1153 2010 a
1176 1986 1250 2011 son
1280 1986 1367 2025 roy,
1394 1972 1487 2026 quel
1507 1986 1532 2024 y
1553 1971 1612 2011 fut
1639 1986 1646 2011 :
1670 1986 1751 2011 res—

107 2041 216 2095 pond
245 2057 251 2081 :
282 2059 300 2079 «
324 2044 434 2082 Estes
455 2057 556 2082 vous
580 2053 745 2082 content
764 2058 840 2097 que
861 2045 895 2097 je
919 2057 981 2083 me
1004 2044 1255 2097 parjurasse?
1283 2060 1299 2080 »

163 2114 418 2168 Interroguee
440 2128 509 2168 par
527 2116 813 2169 monseigneur
828 2115 863 2154 le
884 2116 1028 2155 vicaire
1050 2116 1097 2154 de
1116 2115 1388 2169 I'Inquisiteur
1406 2114 1514 2154 s’elle
1538 2116 1647 2154 avoit
1667 2116 1751 2168 jure

108 2194 145 2225 et
165 2187 316 2239 promis
339 2188 359 2225 a
380 2188 528 2227 saincte
550 2188 764 2226 Katherine
789 2201 869 2226 non
892 2187 974 2226 dire
999 2201 1042 2226 ce
1067 2188 1179 2240 signe
1199 2202 1205 2226 :
1234 2187 1408 2241 respond
1434 2199 1441 2225 ς
1465 2205 1482 2223 α
1503 2188 1588 2240 J'ay
1608 2188 1692 2240 jure'
1714 2196 1753 2226 et

108 2259 258 2310 promis
280 2272 360 2298 non
384 2259 466 2298 dire
488 2273 531 2298 ce
556 2260 684 2312 signe,
705 2269 743 2298 et
767 2260 813 2298 de
830 2273 925 2312 moy
942 2273 1126 2306 meSmCS,
1153 2273 1255 2312 pour
1273 2273 1316 2298 ce
1338 2273 1415 2313 que
1437 2273 1490 2298 on
1517 2259 1622 2298 m'en
1642 2259 1752 2299 char-

108 2330 192 2381 goit
211 2339 301 2382 trop
323 2330 370 2369 de
395 2330 429 2369 le
453 2331 548 2369 dire.
582 2348 600 2367 »
629 2332 675 2369 Et
699 2330 827 2369 adone
849 2331 926 2369 dist
953 2330 1027 2369 elle
1059 2343 1232 2369 mesmes
1258 2345 1264 2368 :
1300 2346 1319 2366 ‹<
1345 2332 1389 2379 Je
1415 2341 1595 2384 promect
1616 2344 1692 2384 que
1716 2331 1751 2383 je

111 2400 201 2440 n'en
226 2403 403 2455 parleray
428 2401 517 2455 plus
536 2402 556 2440 ὲ
575 2403 753 2441 homme.
781 2418 798 2439 >³

162 2474 269 2521 Item,
294 2473 350 2512 dit
371 2487 448 2528 que
472 2474 507 2512 16
533 2475 659 2527 signe,
693 2488 735 2513 ce
767 2474 824 2513 fut
854 2488 929 2527 que
963 2474 1106 2527 l’angle
1141 2473 1341 2513 certiffioit
1367 2475 1387 2513 ὲ
1415 2481 1488 2513 s'on
1512 2487 1585 2527 roy
1609 2487 1658 2512 en
1683 2472 1751 2526 luy

109 2554 319 2597 apportant
343 2545 378 2583 la
411 2559 634 2594 couronne,
670 2555 707 2584 et
740 2545 808 2599 luy
844 2546 972 2585 disant
1009 2559 1084 2599 que
1111 2545 1136 2584 il
1164 2547 1283 2584 arroit
1303 2555 1391 2584 tout
1411 2545 1447 2584 16
1477 2559 1670 2599 royaume
1704 2545 1752 2584 de

111 2616 255 2656 Franco
284 2617 561 2664 entierement‚
585 2618 605 2655 ἐι
630 2617 744 2656 l'aide
766 2617 813 2656 de
840 2618 949 2676 Dieu*
969 2628 1006 2656 et
1027 2627 1275 2670 moyennant
1300 2631 1373 2657 son
1392 2617 1531 2656 labour
1552 2632 1561 2666 3
1588 2627 1625 2657 et
1658 2616 1752 2671 qu'il

165 2879 193 2903 1.
222 2869 288 2904 AB
320 2882 329 2904 :
356 2871 532 2916 praedicti.
561 2891 607 2896 —-
636 2881 668 2905 2.
698 2870 766 2905 AC
798 2871 1053 2917 :saepedictam
1085 2892 1130 2896 -—
1154 2880 1184 2917 3.
1213 2870 1311 2906 ΑΒΕ
1335 2882 1379 2906 en
1406 2882 1527 2917 marge
1551 2871 1755 2918 :Episcopus

114 2927 318 2964 Belvacensis
337 2935 365 2964 et
384 2931 534 2965 vicarius
560 2931 780 2977 Inquisitoris
797 2932 963 2978 incipiunt
977 2931 1080 2965 simul
1094 2931 1276 2977 procedere.
1296 2952 1341 2955 —
1367 2941 1401 2973 4.
1430 2930 1496 2965 AC
1512 2942 1523 2965 ,·
1539 2931 1750 2977 parjurium.

113 3007 159 3013 —
177 2999 206 3033 5.
235 2989 303 3024 AC
319 3001 362 3024 en
382 3001 502 3036 marge
526 3004 532 3024 z
549 2990 690 3034 Iuravit
707 2990 794 3024 nihil
814 2990 920 3024 dicere
938 2990 976 3024 de
995 2993 1088 3037 signo
1102 2991 1178 3025 dato
1192 2992 1247 3024 sui
1266 2992 1362 3036 regi;
1384 2991 1412 3024 Β
1432 3003 1475 3025 en
1491 3002 1611 3037 marge
1632 2990 1752 3034 :Jura-

114 3047 165 3081 vit
184 3048 269 3082 nihil
286 3049 392 3084 dicere
406 3050 443 3083 de
460 3051 554 3093 signo
570 3050 652 3084 dicti
676 3052 730 3084 sui
752 3051 849 3094 regi&
869 3071 914 3076 —
930 3050 962 3085 6.
992 3051 1019 3084 Β
1039 3062 1081 3085 en
1103 3062 1223 3097 marge
1245 3063 1250 3084 :
1272 3051 1322 3084 De
1342 3053 1436 3096 signo
1452 3062 1576 3085 corona:
1596 3056 1625 3084 et
1647 3049 1748 3084 modo.

116 3127 157 3132 —
181 3118 212 3151 7.
247 3108 286 3150 U,
307 3108 330 3143 f.
352 3119 408 3151 20,
429 3119 479 3144 νο.
