2099 3356
303 184 382 239 348
578 182 736 225 PRoci'zs
769 196 823 224 DE
855 195 1209 227 coNDAMNA‘rioN
1243 199 1298 227 DE
1329 198 1499 240 JEANNE
1530 186 1659 230 D’ARc

353 294 626 338 Venerabiles
647 308 689 337 et
712 294 880 338 discreti
901 295 996 348 viri,
1011 294 1205 339 advocati
1228 298 1357 340 curiae
1383 297 1753 357 archiepiscopalis
1774 299 1939 344 Rotho-

295 380 507 436 magensis
533 387 560 431 ¹,
587 393 777 436 quorum
811 378 943 436 aliqui
977 391 1077 422 sunt
1106 379 1310 424 licentiati
1337 382 1380 424 in
1410 393 1614 440 utroque,
1643 381 1714 426 alii
1739 383 1783 426 in
1810 399 1938 427 cano-

293 464 406 515 nico,
431 474 472 505 et
491 461 560 505 alii
586 462 630 504 in
652 462 743 518 jure
766 461 895 513 civili,
924 461 1139 516 videlicet,
1165 464 1355 521 magistri
1375 464 1638 510 Guillelmus
1661 473 1675 491 ²
1697 465 1749 510 de
1769 467 1936 521 Liveto,

294 547 441 589 Petrus
469 545 610 596 Carni,
636 544 916 589 Guerouldus
939 542 1135 600 ‘Postelli,
1158 546 1408 592 Gauffridus
1428 547 1480 592 de
1504 548 1713 607 Croteyo,
1735 549 1940 595 Ricardus

293 628 345 672 de
382 627 605 682 Salicibus,
641 628 838 673 Burellus
878 628 929 673 de
967 625 1221 681 Cormeliis,
1257 631 1477 687 Johannes
1514 632 1680 687 Dulcis,
1721 633 1940 679 Aubertus

296 711 482 763 Morelli‚
512 712 733 767 johannes
762 711 814 756 de
844 713 1087 767 Quemino,
1126 714 1385 759 Laurentius
1418 716 1470 759 de
1503 716 1639 760 Busco
1663 724 1694 772 3,
1720 717 1941 774 Johannes

296 795 561 839 Columbelli
582 805 615 848 4,
657 795 909 855 Radulphus
945 799 1098 857 Anguy
1125 807 1134 832 5
1166 812 1207 842 et
1232 798 1453 855 Johannes
1487 799 1755 854 Tabernarii,
1783 800 1941 846 delibe-

295 892 497 923 raverunt
521 878 654 937 quod,
684 881 796 923 dicta
824 880 1025 935 Johanna
1058 882 1174 938 prius
1206 883 1374 926 monita
1399 881 1452 927 de
1482 882 1705 928 redeundo
1731 883 1783 928 ad
1822 886 1937 929 viam

293 964 485 1007 veritatis
513 976 552 1006 et
572 963 721 1007 salutis
748 977 790 1007 et
810 979 853 1007 se
876 963 1175 1009 submittendo
1198 965 1411 1019 Ecclesiae,
1442 967 1523 1010 nisi
1539 967 1727 1012 voluerit
1745 967 1936 1022 obedire,

293 1045 614 1104 procedendum
641 1059 704 1091 est
738 1047 920 1092 ulterius
946 1049 1063 1105 juxta
1095 1047 1450 1093 deliberationem
1486 1050 1713 1095 Facultatis
1745 1050 1941 1096 decreto-

292 1146 389 1173 rum
424 1130 726 1174 Universitatis
761 1130 891 1174 studii
935 1131 1198 1185 Parisiensis,
1231 1147 1331 1176 curn
1368 1144 1452 1191 q'ua
1482 1132 1793 1178 'deliberatione
1825 1147 1939 1180 stant

293 1207 496 1257 tredecim
519 1213 709 1271 praedicti
728 1213 938 1259 advocati.

352 1297 630 1341 Reverendus
650 1299 692 1341 in
718 1298 896 1342 Christo
921 1312 1053 1357 pater,
1085 1299 1309 1358 religiosus
1332 1302 1410 1351 vir,
1434 1299 1641 1345 dominus
1661 1300 1789 1346 abbas
1814 1302 1938 1346 Guil—

293 1381 447 1424 lelmus
472 1383 720 1425 monasterii
741 1381 793 1426 de
816 1383 1147 1432 Mortuo-Mari,
1171 1399 1297 1427 sacrae
1331 1383 1561 1442 theologiae
1587 1384 1815 1443 professor,
1835 1384 1938 1429 deli-

293 1464 454 1508 beravit
487 1463 605 1523 quod
642 1464 753 1508 dicta
785 1465 983 1521 Johanna
1014 1467 1171 1510 iterum
1206 1479 1438 1510 moneatur
1481 1468 1715 1522 caritative,
1757 1480 1814 1521 et,
1857 1469 1938 1512 nisi

292 1548 476 1592 voluerit
509 1547 698 1599 obedire,
744 1549 924 1593 ulterius
963 1548 1248 1608 procedatur3
1292 1563 1333 1594 et
1373 1563 1454 1594 stat
1491 1567 1591 1595 cum
1631 1550 1938 1596 deliberatione

293 1632 520 1675 Facultatis
547 1632 776 1689 theologiae
799 1633 1101 1676 Universitatis
1128 1632 1259 1677 studii
1287 1634 1548 1678 Parisiensis.

355 1716 593 1773 Religiosus
626 1717 702 1769 vir,
740 1717 939 1774 magister
973 1716 1157 1772 Jacobus
1186 1717 1382 1770 Gnesdon,
1417 1733 1544 1762 sacrae
1574 1719 1806 1777 theologiae
1837 1735 1936 1777 pro-

292 1799 439 1851 fessor,
469 1799 717 1843 deliberavit
755 1798 1038 1844 conformiter
1067 1801 1117 1844 ad
1155 1800 1386 1845 dominum
1417 1800 1613 1845 abbatem
1650 1801 1701 1846 de
1738 1803 1934 1847 Mortuo-

291 1883 397 1926 Mari
421 1883 451 1925 ⁶.

351 1967 593 2024 Religiosus
614 1968 694 2020 vir,
720 1969 919 2025 magister
932 1967 1152 2023 Johannes
1161 1969 1364 2023 Fouchier,
1379 1983 1504 2013 sacrae
1520 1969 1750 2027 theologiae
1765 1969 1932 2022 doctor,

288 2050 542 2094 deliberavit
577 2051 863 2096 conformiter
893 2051 943 2096 ad
961 2060 975 2085 7
1004 2051 1239 2096 dominum
1263 2051 1460 2096 abbatem
1489 2052 1541 2097 de
1564 2054 1870 2098 Mortuo-Mari
1900 2055 1930 2097 ⁸.

293 2241 404 2279 suria’
425 2241 597 2279 dixerunt
627 2241 737 2294 quod.
769 2241 908 2280 monita
926 2241 1035 2296 prius
1055 2241 1098 2280 de
1121 2241 1302 2280 redeundo
1324 2242 1373 2281 ad
1399 2241 1614 2289 Ecclesiam,
1642 2242 1716 2282 uisi
1733 2242 1821 2281 velit
1850 2242 1931 2282 obe-

292 2313 386 2359 dire,
416 2313 684 2366 procedendum
720 2318 767 2352 est
800 2312 955 2352 ulterius
985 2313 1095 2366 juxta
1124 2313 1419 2352 deliberationem
1454 2314 1658 2353 Facultatis
1689 2314 1929 2362 decretorum,

292 2398 373 2422 cum
395 2398 467 2438 qua
491 2384 745 2423 deliberatione
760 2390 871 2423 stant.

349 2457 529 2494 Dominus
573 2455 682 2494 abbas
726 2455 767 2494 de
803 2456 1070 2503 Mortuomari,
1108 2457 1277 2510 magister
1314 2456 1470 2505 jacobus
1509 2457 1716 2502 Guesdon,
1760 2457 1931 2510 magister

289 2528 471 2576 lemnnes
503 2528 695 2566 Fouehier
712 2532 809 2566 stant
826 2541 914 2566 culn
939 2527 1197 2566 deliberatione
1215 2527 1419 2566 Facultatis
1437 2528 1634 2580 theologice,
1657 2532 1704 2575 et,
1737 2528 1809 2568 nisi
1841 2528 1931 2568 velit

291 2598 445 2642 obedire,
474 2599 628 2637 ulterius
648 2598 879 2652 procedatur.

343 2800 370 2822 1.
391 2788 423 2822 A
448 2801 456 2821 .·
483 2790 517 2821 in
537 2791 631 2822 curia
652 2789 918 2836 archiepiscopali
935 2789 1197 2835 Rothomogensi.
1221 2809 1266 2814 —
1284 2800 1316 2824 2.
1337 2789 1367 2823 C
1389 2802 1399 2823 .·
1420 2788 1640 2824 Guillermus.
1661 2809 1707 2814 —
1728 2799 1757 2833 3.
1783 2788 1880 2823 ABC
1897 2797 1930 2823 et

290 2847 324 2890 Q
347 2860 356 2880 .·
378 2848 490 2881 Busto.
513 2869 553 2872 —
572 2859 610 2890 4,
634 2848 664 2882 C
676 2861 685 2882 .·
700 2848 863 2893 johannes
883 2848 1083 2883 Columbelli
1103 2849 1211 2891 vient,
1234 2849 1320 2883 dans
1337 2848 1623 2890 l'enumeratiom
1643 2857 1746 2882 avant
1767 2848 1930 2892 Iohannes

290 2906 325 2939 dc
340 2906 517 2949 Qnemino.
538 2928 578 2931 —
605 2918 633 2950 5.
658 2907 754 2942 ΑΒΕ
771 2917 804 2942 et
824 2908 858 2951 Q
876 2920 886 2941 .·
905 2907 1041 2954 Auguy.
1066 2928 1108 2932 —
1128 2907 1162 2942 6.
1182 2908 1214 2942 Α
1240 2920 1250 2941 .·
1271 2907 1467 2942 deliberavit
1484 2913 1581 2949 prout
1597 2908 1753 2942 dominus
1777 2907 1874 2942 abbas
1893 2907 1930 2942 de

292 2965 553 3000 Mortuo-Mari.
585 2987 627 2992 —
650 2977 682 3011 7.
702 2967 733 3001 A
755 2967 873 3012 ajoute
898 2966 1040 3004 dictum,
1067 2988 1113 2992 -
1143 2967 1175 3001 8.
1205 2967 1233 3000 Β
1249 2975 1347 3001 omet
1368 2967 1410 3001 ici
1432 2974 1508 3001 tout
1531 2966 1562 3001 le
1580 2967 1793 3012 paragraphe
1810 2978 1817 3000 :
1835 2966 1928 3002 Reli—

289 3025 400 3069 giosns
419 3026 488 3067 vir,
512 3026 669 3071 magister
682 3025 846 3074 Jo'honues
867 3025 1068 3061 Fouchier...
1089 3035 1123 3061 et
1140 3026 1171 3060 le
1193 3035 1329 3071 reporte
1348 3038 1380 3072 p.
1404 3036 1464 3070 351
1485 3027 1585 3071 apres
1605 3025 1693 3060 celui
1713 3034 1927 3060 concernant

293 3083 322 3115 la
347 3083 575 3117 deliberation
601 3085 643 3118 dc
674 3084 874 3118 Rertrandns
894 3085 931 3118 de
958 3085 1100 3129 Quercn.
