2099 3356
356 181 434 237 148
618 180 776 224 Pizoci'zs
819 196 875 224 DE
917 195 1266 225 CONDAMNATION
1307 196 1363 224 DE
1394 195 1559 236 JEANNE
1593 180 1728 262 D’ARo

406 293 668 351 Interrogata
694 292 777 338 fuit
800 293 951 338 eadem
973 293 1175 350 Johanna
1204 309 1257 337 an
1283 293 1345 337 illi
1373 292 1461 338 duo
1487 293 1627 351 angeli
1657 291 1813 352 depicti
1841 295 1886 337 in
1909 310 1990 338 suo

316 376 503 420 ‘vexillo
531 377 890 434 repraesentabant
909 390 1109 422 sanctum
1140 377 1398 421 Michaelem
1425 389 1466 421 et
1491 389 1687 421 sanctum
1710 376 1955 421 Gabrielem
1981 395 1990 422 :
2034 415 2043 420 ,
2096 420 2099 426 ,

345 459 566 519 respondit
601 459 719 520 quod
766 477 855 505 non
894 475 1016 505 erant
1057 460 1130 514 ibi,
1172 462 1255 505 nisi
1293 461 1434 505 solum
1476 476 1553 519 pro
1597 460 1763 504 honore
1807 461 1888 505 Dei
1916 462 1993 519 qui

345 543 537 602 depictus
557 557 644 588 erat
671 547 715 588 in
736 544 910 589 vexillo.
939 546 990 589 Et
1012 544 1119 589 dixit
1147 544 1266 603 quod
1291 560 1379 588 non
1410 543 1507 588 fecit
1534 543 1625 588 fieri
1656 546 1993 603 repraesentatio-

346 643 448 671 nem
469 627 660 672 duorum
685 628 958 686 angelorum,
984 630 1065 672 nisi
1091 629 1234 672 solum
1258 629 1303 672 in
1337 628 1552 672 honorem
1583 628 1680 682 Dei,
1708 629 1783 686 qui
1820 627 1878 671 ibi
1906 641 1993 672 erat

348 710 555 768 figuratus
581 724 732 756 tenens
754 711 987 756 mundum.

407 795 669 853 Interrogata
692 809 841 839 utrum
882 796 942 839 illi
975 794 1066 840 duo
1102 795 1243 853 angeli
1273 796 1316 839 in
1347 812 1427 839 suo
1463 794 1620 839 vexillo
1661 795 1831 853 figurati
1870 808 1990 839 erant

349 878 437 923 duo
463 878 602 936 angeli
627 879 917 923 custodientes
944 878 1180 932 mundum,
1204 892 1245 922 et
1272 895 1347 923 cur
1374 895 1464 923 non
1488 891 1607 922 erant
1637 878 1695 922 ibi
1717 878 1875 937 plures,
1900 880 1991 923 viso

347 961 466 1021 quod
493 962 572 1006 sibi
595 976 855 1021 praeceptum
881 976 967 1007 erat
983 979 1034 1007 ex
1054 975 1169 1021 parte
1193 964 1274 1007 Dei
1290 962 1409 1022 quod
1432 975 1598 1021 caperet
1622 961 1728 1006 illud
1751 961 1958 1006 Vexillum
1979 978 1987 1005 ε

346 1045 567 1104 respondit
593 1046 710 1105 quod
736 1059 880 1090 totum
907 1046 1113 1090 vexillum
1139 1060 1225 1090 erat
1259 1059 1519 1105 praeceptum
1550 1062 1602 1090 ex
1634 1058 1750 1104 parte
1785 1046 1883 1100 Dei,
1918 1061 1992 1104 per

346 1146 468 1174 voces
512 1143 753 1174 sanctarum
808 1130 1056 1174 Katharinae
1099 1143 1140 1174 et
1184 1131 1431 1188 Margaretae
1469 1146 1566 1188 quae
1612 1129 1810 1173 dixerunt
1861 1128 1940 1173 sibi
1979 1146 1987 1173 ε

347 1231 366 1253 «
398 1215 591 1272 Accipias
615 1214 822 1258 vexillum
850 1230 899 1258 ex
928 1228 1043 1272 parte
1078 1215 1205 1272 Regis
1229 1213 1345 1258 coeli.
1367 1233 1387 1255 »
1419 1215 1468 1257 Et
1489 1227 1712 1272 propterea
1737 1212 1856 1272 quod
1877 1212 1992 1257 dixe—

349 1311 449 1341 runt
470 1298 547 1342 sibi
574 1315 580 1341 :
604 1315 622 1337 «
651 1299 802 1356 Capias
821 1298 1027 1342 vexillum
1047 1314 1096 1341 ex
1125 1310 1240 1356 parte
1259 1298 1386 1356 Regis
1401 1297 1499 1341 coeli
1525 1316 1564 1350 »‚
1582 1298 1669 1354 ipsa
1690 1296 1789 1341 fecit
1817 1296 1874 1340 ibi
1895 1296 1986 1340 fieri

347 1383 469 1425 istam
500 1382 680 1439 figuram
709 1382 790 1425 Dei
812 1395 852 1425 et
896 1382 1168 1439 angelorum,
1202 1394 1244 1425 et
1277 1381 1474 1425 colorari.
1514 1381 1564 1424 Et
1600 1393 1745 1425 totum
1785 1380 1883 1424 fecit
1916 1395 1989 1438 per

667 1516 714 1526 *nv

407 1551 668 1606 Interrogata
697 1563 842 1593 utrum
865 1563 967 1593 tunc
1001 1548 1052 1592 ab
1077 1548 1237 1593 eisdem
1276 1548 1442 1593 duabus
1481 1550 1644 1593 Sanctis
1678 1549 1829 1606 petivit
1861 1549 1910 1598 si,
1944 1549 1987 1590 in

478 1879 528 1916 Lc-
552 1878 700 1917 samedi
724 1887 823 1916 xviie
844 1879 933 1930 jour
951 1877 999 1915 de
1025 1890 1141 1923 mars,
1170 1876 1237 1916 mil
1258 1878 1394 1916 CCCC
1413 1887 1555 1925 trente,
1575 1878 1688 1930 apres
1704 1878 1849 1916 disner.

397 2011 652 2062 Interroguee
683 2023 723 2048 se
745 2023 809 2048 ces
831 2009 931 2048 deux
961 2009 1111 2062 angles,
1136 2010 1203 2063 qui
1235 2009 1405 2048 estoient
1430 2009 1541 2062 pains
1572 2022 1619 2048 en
1655 2023 1727 2048 son
1756 2009 1982 2058 estaindart,

344 2082 659 2134 representoicnt
681 2081 781 2119 saint
804 2080 965 2119 Micliicl
993 2090 1029 2118 et
1052 2081 1151 2119 saint
1171 2079 1331 2119 Gabriel
1356 2094 1363 2118 :
1395 2081 1567 2133 respond
1590 2079 1708 2134 qu'ilz
1729 2080 1793 2133 n'y
1814 2081 1986 2119 estoient

343 2153 423 2191 fors
449 2152 685 2192 seullenient
714 2166 814 2205 pour
845 2151 1029 2190 l'onncur
1059 2152 1106 2190 de
1144 2162 1277 2190 nostre
1302 2152 1510 2205 Seigneur,
1537 2152 1605 2205 qui
1630 2153 1747 2191 estoit
1781 2152 1914 2205 painct
1935 2166 1982 2190 en

342 2224 605 2272 l'estaindart3
644 2234 682 2262 et
714 2224 770 2262 dit
801 2223 943 2277 qu'elle
976 2238 1022 2261 ne
1058 2223 1119 2262 fist
1155 2223 1249 2262 faire
1283 2223 1381 2262 celle
1418 2224 1738 2276 representacion
1776 2224 1843 2262 des
1879 2224 1980 2263 deux

343 2295 496 2348 angles,
519 2295 596 2333 fors
618 2294 854 2333 seullement
874 2308 974 2347 pour
1001 2294 1185 2332 l'onneur
1213 2295 1259 2333 de
1292 2304 1423 2333 nostre
1460 2295 1669 2347 Seigneur,
1705 2295 1773 2348 qui
1806 2309 1832 2348 y
1865 2296 1983 2334 estoit

344 2366 485 2419 figure,
511 2376 646 2405 tenant
670 2365 705 2405 le
731 2366 892 2405 monde.

399 2439 652 2491 Interroguec
689 2452 728 2476 se
765 2451 828 2476 ces
853 2438 953 2476 deux
979 2437 1128 2489 angles,
1161 2438 1229 2491 qui
1260 2438 1429 2476 estoient
1464 2437 1609 2491 figures
1643 2452 1691 2477 en
1726 2437 1980 2488 l’estaindart,

341 2510 512 2548 cstoient
536 2508 591 2547 les
623 2509 728 2548 deux
757 2508 891 2561 angles
929 2509 995 2561 qui
1024 2508 1190 2561 gardent
1223 2508 1258 2547 le
1284 2509 1447 2557 monde,
1471 2519 1509 2548 et
1531 2523 1743 2563 pourquoy
1778 2509 1804 2548 il
1837 2510 1901 2562 n'y
1933 2523 1981 2549 en

341 2580 581 2634 avoit'plus,
608 2594 683 2619 veu
714 2578 811 2634 qu'il
836 2580 904 2633 luy
929 2581 1046 2618 estoit
1079 2580 1316 2619 commande
1342 2594 1410 2633 par
1448 2590 1582 2620 nostre
1617 2582 1812 2634 Seigneur
1841 2581 1983 2635 qu'elle

342 2653 491 2704 prainst
521 2652 579 2690 cel
603 2652 846 2690 estaindart:
878 2651 1066 2704 respond,
1107 2661 1194 2690 tout
1227 2651 1469 2690 l'estaindart
1499 2653 1615 2691 estoit
1645 2653 1884 2692 command&
1914 2667 1985 2706 par

338 2733 472 2762 nostre
502 2724 709 2776 Seigneur,
733 2737 801 2775 par
834 2723 888 2761 les
922 2723 1013 2761 voix
1041 2722 1088 2761 de
1123 2724 1291 2762 sainctes
1327 2723 1540 2762 Katherine
1579 2733 1618 2763 et
1653 2725 1879 2778 Margarite‚
1913 2726 1980 2778 qui

341 2795 409 2847 luy
427 2795 555 2833 dirent
582 2809 589 2832 :
619 2811 637 2830 «
663 2796 760 2833 Pren
785 2793 1024 2833 l'estaindart
1048 2794 1095 2832 de
1122 2808 1188 2847 par
1209 2794 1242 2832 le
1266 2796 1352 2847 Roy
1373 2795 1425 2833 du
1450 2795 1538 2834 ciel.
1567 2812 1585 2831 »
1606 2796 1652 2834 Et
1677 2810 1779 2849 pour
1796 2809 1839 2835 ce
1858 2795 1979 2850 qu'ilz

339 2865 409 2919 luy
427 2867 556 2905 ditent
582 2880 589 2904 ε
617 2883 635 2902 ι(
664 2868 763 2904 Pren
788 2866 1001 2904 estaindart
1025 2866 1072 2904 de
1103 2880 1171 2918 par
1194 2865 1229 2904 le
1261 2868 1348 2919 Roy
1378 2867 1430 2905 du
1458 2866 1531 2905 ciel
1558 2883 1594 2914 >›,
1624 2866 1699 2906 elle
1727 2881 1753 2920 y
1785 2867 1848 2906 fist
1881 2866 1977 2906 faire

340 2938 438 2977 celle
457 2938 581 2990 figure
602 2937 650 2976 de
672 2947 806 2976 nostre
831 2937 1027 2990 Seigneur
1046 2946 1084 2975 et
1108 2937 1155 2975 de
1177 2937 1278 2975 deux
1299 2937 1456 2989 angles,
1480 2947 1517 2976 et
1537 2939 1584 2976 de
1606 2937 1798 2988 couleur;
1824 2949 1861 2978 et
1893 2948 1980 2978 tout

344 3010 378 3048 le
400 3009 461 3048 fist
491 3023 560 3062 par
584 3008 668 3048 leur
688 3009 1053 3047 commandement.

583 3060 650 3073 Q—

398 3081 651 3132 lnterrogue'e
677 3094 715 3117 sc
747 3079 848 3117 alors
876 3079 949 3117 elle
976 3080 1058 3117 leur
1084 3079 1278 3118 demanda
1314 3094 1368 3123 se,
1402 3093 1449 3118 en
1474 3091 1584 3119 vertu
1607 3081 1653 3119 de
1675 3081 1806 3134 celluy
1830 3082 1975 3120 estain-
