2099 3356
690 61 700 73 Ι
855 68 858 72 .

454 86 463 91 ”
496 72 608 134 Ίκχ-
641 83 738 122 0¹<ss
788 110 790 112 >

365 187 520 232 PROclzs
563 202 619 231 DE
657 201 1009 232 CONDAMNATION
1052 202 1107 230 DE
1144 202 1312 243 JEANNE
1345 187 1473 231 D'ARC
1661 201 1739 245 139

154 300 417 358 Interrogata
443 300 615 358 qualem
641 299 884 345 doctrinam
907 299 988 344 sibi
1020 301 1277 345 monstravit
1303 317 1311 345 :
1352 298 1572 356 respondit
1602 298 1738 358 quod,

96 398 224 442 super
256 384 422 438 onmia,
459 382 538 427 sibi
573 382 742 427 dicebat
769 383 887 442 quod
908 395 1014 427 esset
1043 383 1156 427 bona
1190 385 1372 441 juvenis,
1403 397 1444 428 et
1468 382 1586 440 quod
1618 383 1739 428 Deus

96 466 316 524 adjuvaret
355 482 484 520 eam;
521 479 563 511 et
593 468 704 511 inter
738 467 818 512 alia
846 467 925 511 sibi
953 465 1059 511 dixit
1085 467 1203 525 quod
1235 468 1323 525 ipsa
1358 467 1523 511 veniret
1559 465 1609 510 ad
1647 481 1740 509 suc-

95 564 270 595 cursum
292 551 401 606 regis
427 549 614 594 Franciae
632 567 642 603 ;
663 562 704 594 et
730 566 817 595 una
845 551 983 607 major
1006 565 1099 607 pars
1126 551 1217 607 ejus
1241 548 1359 608 qnod
1393 548 1570 606 angelus
1598 549 1739 606 ipsam

97 632 243 677 docuit
265 646 325 678 est
354 634 399 676 in
433 634 516 678 isto
541 632 676 688 libro;
711 646 752 678 et
778 632 977 678 recitabat
996 632 1075 677 sibi
1111 633 1288 690 angelus
1321 632 1611 678 calamitatem
1641 647 1737 691 quae

96 728 183 760 erat
206 718 249 759 in
268 732 400 773 regno
427 717 630 761 Franciae.

156 800 419 858 Interrogata
455 799 506 844 de
538 800 838 858 magnitudine
866 813 907 844 et
940 814 1101 844 statura
1127 799 1322 858 ejusdem
1344 800 1483 858 angeli
1512 816 1519 842 :
1564 815 1739 857 respon-

94 881 155 925 dit
188 882 325 941 quod,
364 882 432 927 die
470 883 629 927 sabbati
663 897 822 928 extunc
853 885 1052 942 proximo
1095 884 1256 937 futura,
1300 882 1595 941 responderet,
1637 898 1738 926 cum

94 982 179 1009 una
201 965 281 1010 alia
302 982 343 1009 re
364 966 480 1011 unde
501 966 626 1011 debet
655 966 926 1025 respondere,
952 966 1059 1011 illud
1083 976 1091 993 ¹
1128 967 1287 1011 scilicet
1316 965 1432 1024 quod
1467 966 1518 1010 de
1556 965 1637 1010 hoc
1656 965 1741 1023 pla-

96 1048 208 1093 cebit
234 1050 344 1094 Deo.

151 1133 411 1191 Interrogata
461 1150 513 1177 an
555 1135 701 1192 ipsane
728 1134 861 1178 credit
898 1134 1017 1193 quod
1059 1136 1114 1178 sit
1149 1150 1358 1192 magnum
1412 1144 1633 1192 peccatum
1688 1131 1739 1176 de

94 1212 357 1261 offendendo
393 1230 557 1261 sanctas
585 1217 869 1261 Katharinam
903 1233 944 1262 et
972 1220 1256 1277 Margaretam
1285 1234 1382 1276 quae
1408 1229 1612 1276 apparent
1642 1215 1737 1269 sibi,

94 1312 135 1342 et
174 1299 307 1344 facere
338 1312 486 1344 contra
511 1314 773 1359 praeceptum
808 1317 988 1346 earum:
1029 1301 1249 1360 respondit
1288 1300 1405 1360 quod
1442 1302 1516 1351 sic,
1563 1300 1637 1357 qui
1665 1300 1742 1343 scit

96 1383 178 1427 hoc
201 1383 457 1439 emendare3
487 1381 528 1429 et
566 1385 684 1443 quod
713 1385 819 1430 illud
853 1387 896 1429 in
932 1402 1020 1444 quo
1048 1386 1142 1444 plus
1173 1401 1369 1444 unquam
1397 1383 1627 1428 offenderit
1656 1398 1739 1435 eaS‚

96 1466 177 1510 fuit
209 1468 254 1511 in
275 1467 384 1511 saltu
411 1468 463 1512 de
489 1470 759 1524 Bcaurevoir;
788 1468 905 1513 unde
929 1471 1018 1528 ipsa
1039 1471 1237 1528 quaesivit
1257 1469 1307 1513 ab
1335 1470 1394 1513 eis
1410 1470 1597 1521 veniam,
1627 1478 1668 1512 et
1688 1465 1740 1510 de

95 1550 186 1594 aliis
213 1550 386 1595 offensis
414 1568 519 1611 quas
546 1566 559 1582 2
588 1555 732 1611 potuit
759 1553 904 1597 fecisse
932 1569 1029 1612 erga
1057 1554 1182 1611 ipsas.

153 1635 416 1693 Interrogata
455 1652 507 1679 an
548 1649 705 1680 sanctae
746 1636 979 1681 Katharina
1020 1649 1060 1681 et
1102 1638 1339 1694 Margareta
1378 1637 1616 1695 acciperent
1650 1635 1742 1678 vin-

148 1857 402 1909 Interroguee
443 1857 573 1910 quelle
615 1858 794 1897 doctrine
836 1858 861 1897 il
899 1858 966 1910 luy
997 1859 1185 1912 enseigna
1219 1873 1227 1897 ε
1264 1857 1474 1911 respond,-
1510 1871 1576 1896 sur
1609 1866 1740 1896 toutes

91 1927 233 1965 choses
264 1927 289 1965 il
311 1927 379 1980 luy
401 1929 520 1967 disoit
542 1929 687 1982 qu'elle
703 1929 778 1968 fust
802 1931 881 1968 bon
903 1929 1054 1977 enfant,
1080 1940 1117 1968 et
1142 1943 1217 1982 que
1246 1930 1347 1968 Dieu
1373 1929 1441 1982 luy
1462 1929 1659 1977 aideroit3
1685 1938 1737 1976 et,

93 2008 201 2037 entre
233 1998 287 2037 les
314 2010 443 2039 autres
465 2001 622 2048 choses,
646 2001 790 2054 qu'elle
818 2002 946 2040 venist
968 2016 1015 2040 au
1041 2015 1201 2040 secours
1221 2001 1272 2040 du
1298 2015 1370 2054 roy
1406 2001 1453 2040 de
1496 2001 1656 2039 France.
1695 2001 1741 2038 Et
1833 2016 1839 2019 ⁷

94 2083 173 2109 une
195 2070 283 2123 plus
303 2072 451 2124 grande
470 2074 594 2126 partie
618 2073 665 2113 de
687 2087 731 2113 ce
759 2087 835 2127 que
859 2073 1004 2127 l'angle
1030 2073 1098 2126 luy
1119 2074 1310 2125 enseigna
1331 2082 1388 2112 est
1419 2086 1466 2111 en
1489 2086 1532 2113 ce
1558 2072 1679 2121 livre3
1704 2082 1741 2112 et

95 2140 164 2194 luy
179 2152 355 2182 racontet
387 2143 514 2196 l’ange
534 2144 569 2182 la
594 2145 688 2197 pitie
710 2146 778 2198 qui
798 2146 917 2184 estoit
940 2159 987 2183 eu
1011 2158 1202 2198 royaume
1223 2145 1270 2183 de
1296 2145 1458 2184 France.

156 2216 414 2268 Interrogue'e
447 2216 495 2256 de
543 2216 578 2255 la
610 2216 809 2269 grandeur
839 2226 875 2256 et
918 2226 1088 2256 estature
1127 2217 1175 2256 de
1211 2216 1341 2271 celluy
1383 2216 1534 2270 angle:
1577 2216 1633 2256 dit
1662 2229 1739 2269 que

96 2289 244 2329 samedi
267 2288 341 2329 elle
373 2302 421 2328 en
452 2289 669 2342 respondra
700 2302 795 2329 avec
826 2288 962 2328 l’autre
987 2289 1107 2328 chose
1144 2289 1242 2328 dont
1272 2287 1346 2329 elle
1386 2288 1471 2328 doit
1501 2287 1737 2340 respondre,

50 2412 64 2425 Ι
95 2361 188 2401 c’est
209 2361 383 2401 assavoir
405 2374 449 2399 ce
472 2360 568 2414 qu'il
594 2374 641 2399 en
668 2359 825 2414 plaitaa
850 2361 968 2400 Dieu.

150 2434 406 2485 Interroguee
438 2431 543 2470 s’elle
585 2432 705 2470 croist
742 2432 857 2485 point
895 2441 1011 2483 grant
1043 2432 1183 2484 pechie
1221 2432 1268 2470 de
1309 2444 1553 2470 courroucer
1587 2424 1758 2472 saincte*

97 2505 306 2543 Katherine
349 2513 386 2543 et
435 2504 582 2542 saincte
620 2504 860 2555 Marguerite
892 2504 959 2557 qui
991 2517 1030 2542 se
1065 2504 1269 2556 appairent
1308 2503 1327 2540 a
1369 2502 1459 2549 elle,
1492 2512 1529 2541 et
1564 2502 1611 2541 de
1642 2501 1739 2541 faire

93 2586 228 2615 contre
247 2575 332 2614 leur
361 2575 742 2615 commandement:
769 2576 825 2614 dit
846 2589 922 2629 que
954 2575 1053 2623 ouil‚
1077 2576 1143 2628 qui
1170 2575 1204 2614 le
1230 2576 1324 2623 scait
1343 2574 1555 2622 amender;
1588 2583 1625 2613 et
1657 2588 1733 2628 que

93 2647 126 2687 le
151 2648 239 2701 plus
270 2647 415 2701 qu'elle
440 2647 495 2686 les
520 2656 777 2695 courroucast
800 2660 991 2700 oncqueS‚
1019 2647 1039 2686 a
1070 2660 1141 2685 son
1166 2646 1292 2694 advis,
1316 2659 1359 2685 ce
1392 2646 1449 2684 fut
1482 2646 1533 2684 du
1563 2645 1663 2684 sault
1688 2646 1734 2684 de

94 2720 343 2766 Beaurevoir,
362 2728 399 2759 et
420 2719 518 2757 dont
548 2718 622 2757 elle
643 2718 728 2757 leur
750 2732 770 2757 a
799 2719 878 2757 crie
904 2732 1052 2772 mercy,
1080 2728 1117 2757 et
1139 2717 1206 2756 des
1228 2728 1356 2757 autres
1386 2717 1559 2756 offenses
1590 2717 1733 2771 qu'elle

97 2800 212 2844 peust
236 2791 345 2829 avoir
362 2789 498 2829 faictes
521 2804 660 2829 envers
683 2790 792 2830 elles.

149 2863 403 2913 Interroguee
428 2875 468 2900 se
507 2862 654 2900 saincte
698 2862 913 2901 Katherine
956 2871 993 2900 et
1029 2862 1176 2900 saincte
1210 2861 1448 2914 Marguerite
1480 2859 1737 2913 prendroient

149 3110 181 3136 1,
210 3099 239 3133 C
268 3109 364 3134 ornet
396 3100 491 3133 illud.
524 3121 569 3125 —
604 3110 635 3134 2.
669 3100 893 3145 ABthnae.
