2099 3356
369 159 526 205 PRocizs
559 175 616 203 DE
648 174 999 205 CONDAMNATmN
1035 176 1091 204 DE
1122 176 1289 217 JEANNE
1322 161 1449 205 D'Axc
1644 175 1725 217 257

87 290 107 312 «
133 273 221 330 Ego
247 288 417 331 semper
439 272 546 317 bene
569 273 655 318 dixi
680 273 802 318 vobis
834 273 952 332 quod
979 290 1056 318 vos
1085 290 1173 317 non
1199 275 1337 318 scietis
1358 287 1500 318 totum
1536 291 1585 328 »3
1611 286 1651 317 et
1675 273 1726 317 ad

84 354 198 399 istud
223 355 329 400 dixit
355 373 361 395 :
397 355 670 414 «Oportebit
693 357 827 401 semel
855 356 974 415 quod
999 373 1077 415 ego
1105 358 1187 401 sim
1216 357 1435 416 expedita3
1463 370 1503 401 et
1523 356 1625 400 volo
1649 357 1729 400 ha-

83 439 180 483 bere
207 439 427 483 licentiam
457 439 508 483 de
535 439 758 484 dicendo»
780 458 790 494 ;
818 453 859 484 et
887 457 1013 499 super
1041 441 1130 485 haec
1156 451 1163 466 ¹
1197 443 1349 500 petivit
1377 440 1647 485 dilationem.
1671 466 1730 471 —

84 523 347 581 Interrogata
373 524 406 567 si
435 524 600 567 Sanctae
627 523 944 581 prohibuerunt
972 541 1023 568 ne
1051 526 1139 582 ipsa
1165 524 1322 569 diceret
1349 526 1571 568 veritatem
1605 542 1612 567 :
1641 540 1728 567 res-

66 606 238 664 pondit
265 624 272 650 :
309 607 496 651 «Vultis
524 623 600 651 vos
621 607 739 666 quod
771 624 851 666 ego
884 608 1020 653 dicam
1058 607 1164 652 illud
1197 608 1315 668 quod
1354 607 1469 652 vadit
1496 607 1548 652 ad
1582 624 1722 667 regem

83 691 304 734 Franciae?
329 708 348 731 »
378 692 485 734 Item
502 690 609 735 dixit
632 690 750 750 quod
776 692 914 736 multa
938 705 1037 736 sunt
1066 693 1140 746 ibi,
1171 709 1268 751 quae
1288 709 1376 737 non
1412 705 1597 751 tangunt
1625 707 1726 751 pro-

83 791 264 819 cessum.

141 859 250 902 Item
282 860 559 918 interrogata,
588 858 755 918 [eadem
784 858 870 917 die]
899 861 1021 916 jovis,
1052 861 1187 917 prima
1215 862 1372 914 martii,
1403 860 1528 919 quale
1552 861 1727 919 signum

79 941 199 987 dedit
227 944 312 1000 regi
344 959 423 987 suo
464 942 581 1002 quod
611 942 808 986 veniebat
836 959 885 986 ex
926 956 1041 1002 parte
1076 945 1156 988 Dei
1188 962 1196 987 2
1228 943 1490 1003 respondet2
1527 962 1536 988 2
1577 961 1596 984 «
1637 945 1725 1000 Ego

80 1025 202 1070 vobis
238 1042 407 1085 semper
434 1025 633 1084 respondi
658 1026 776 1085 quod
806 1043 894 1070 non
924 1026 1029 1071 illud
1057 1044 1133 1071 vos
1162 1029 1245 1085 jam
1275 1028 1548 1071 extraheretis
1578 1036 1588 1061 3
1620 1027 1728 1071 mihi

80 1109 131 1153 ab
149 1126 238 1154 ore.
259 1110 434 1154 Vadatis
453 1110 531 1154 sibi
550 1112 749 1171 petitum.
782 1128 800 1150 »
829 1137 885 1141 —
907 1112 1172 1169 Interrogata
1195 1113 1229 1155 si
1248 1113 1403 1169 juravit
1428 1128 1517 1155 non
1542 1111 1728 1155 revelare

83 1193 188 1238 illud
217 1193 332 1252 quod
360 1194 439 1238 sibi
468 1206 682 1253 peteretur
704 1205 734 1244 ⁴,
772 1207 952 1253 tangens
980 1211 1226 1253 processum
1257 1213 1265 1239 t
1291 1194 1512 1254 respondit
1549 1213 1556 1239 :
1585 1215 1604 1237 «
1636 1196 1726 1253 Ego

81 1277 202 1322 vobis
224 1278 324 1322 alias
351 1277 437 1322 dixi
464 1278 583 1337 quod
612 1278 718 1323 illud
746 1278 864 1338 quod
888 1278 1002 1322 vadit
1030 1278 1081 1323 ad
1110 1295 1254 1337 regem
1277 1293 1494 1334 nostrum,
1522 1296 1602 1338 ego
1636 1296 1726 1323 non

84 1361 221 1407 dicam
240 1361 376 1407 vobis.
401 1380 420 1403 >³
435 1389 490 1394 —
503 1364 768 1420 Interrogata
780 1375 928 1406 utrum
948 1364 1049 1406 sciat
1068 1365 1242 1421 signum
1256 1363 1507 1422 praedictum
1527 1380 1534 1406 :
1552 1380 1725 1422 respon-

83 1445 143 1490 dit
165 1464 173 1490 :
197 1464 216 1487 «
233 1447 323 1491 Vos
336 1463 426 1490 non
442 1448 581 1490 scietis
595 1446 677 1490 hoc
690 1446 741 1490 de
756 1462 841 1490 me.
865 1464 884 1486 »
901 1447 1010 1490 Item
1024 1447 1153 1491 fuitei
1173 1446 1334 1491 dictum
1349 1447 1467 1506 quod
1484 1449 1565 1492 hoc
1583 1460 1725 1506 tange-

85 1529 153 1574 bat
178 1547 425 1589 processum
458 1548 466 1574 :
494 1530 717 1589 respondit
750 1548 758 1574 :
792 1548 812 1570 «
844 1531 909 1574 De
935 1530 1016 1575 hoc
1047 1530 1164 1590 quod
1186 1547 1265 1590 ego
1288 1533 1467 1589 promisi
1496 1532 1635 1576 bene5
1668 1545 1727 1597 te-

82 1631 181 1659 nere
196 1628 424 1665 secretum,
444 1631 523 1674 ego
552 1631 641 1659 non
664 1614 803 1659 dicam
817 1614 954 1658 vobis.
982 1632 1001 1654 »
1024 1616 1075 1659 Et
1095 1615 1202 1659 dixit
1228 1615 1337 1659 ultra
1367 1634 1374 1659 :
1398 1633 1416 1655 «
1444 1617 1531 1674 Ego
1548 1617 1725 1672 promisi

81 1700 125 1742 in
156 1699 227 1743 tali
256 1699 367 1754 loco,
400 1699 518 1758 quod
546 1715 635 1743 non
671 1715 849 1758 possum
881 1698 1003 1743 vobis
1033 1698 1171 1743 dicere
1205 1701 1296 1743 sine
1335 1701 1523 1758 perjurio
1543 1701 1573 1743 ⁶.
1614 1717 1633 1739 »
1671 1726 1727 1731 —

80 1784 342 1842 Interrogata
368 1786 436 1828 cui
465 1783 545 1827 hoc
573 1784 771 1842 promisit
805 1800 812 1827 :
841 1782 1062 1841 respondit
1090 1783 1208 1842 quod
1234 1785 1391 1828 sanctis
1412 1784 1659 1828 Katharinae
1686 1797 1726 1827 et

80 1868 330 1926 Margaretae
366 1866 630 1927 [promisit];
670 1880 711 1911 et
747 1867 830 1911 hoc
870 1867 951 1911 fuit
994 1880 1285 1911 monstratum
1330 1870 1414 1926 regi
1459 1885 1555 1912 suo.
1599 1869 1724 1918 Item,

80 1950 188 1996 dixit
209 1952 328 2011 quod
349 1953 408 1996 eis
433 1953 632 2010 promisit
659 1950 782 2005 illud,
806 1951 966 2010 absque
985 1951 1066 1995 hoc
1100 1951 1218 2010 quod
1240 1968 1334 1995 eam
1364 1954 1655 2010 requirerent3
1685 1965 1727 1996 et

80 2035 179 2080 fecit
203 2036 284 2080 hoc
307 2038 396 2094 ipsa
424 2036 642 2092 Johanna,
673 2036 843 2094 propria
869 2048 1051 2094 sponte;
1081 2050 1121 2079 et
1145 2035 1252 2079 dixit
1277 2036 1396 2094 quod
1421 2038 1553 2080 nimis
1577 2036 1726 2080 multae

78 2132 228 2178 gentes
250 2121 499 2179 petivissent
523 2119 630 2163 illud
650 2120 826 2177 signum
845 2118 897 2163 ab
927 2135 990 2173 ea,
1007 2119 1183 2163 nisiillis
1206 2120 1371 2164 Sanctis
1394 2120 1476 2164 hoc
1503 2121 1726 2178 promisis-

78 2217 154 2248 set.
171 2205 501 2262 —Interrogata
514 2205 563 2255 si,
582 2205 625 2247 in
642 2204 857 2256 societate,
873 2202 1047 2262 quando
1064 2206 1319 2248 monstravit
1331 2206 1505 2262 signum
1521 2206 1606 2263 regi
1624 2222 1720 2258 suo,

81 2301 167 2332 erat
178 2289 282 2332 alius
295 2304 427 2347 quam
440 2290 527 2346 ipse
545 2305 552 2331 :
570 2287 792 2345 respondit
811 2305 817 2330 :
838 2288 962 2345 «Ego
975 2289 1122 2346 cogito
1135 2287 1254 2346 quod
1268 2304 1358 2332 non
1372 2303 1459 2332 erat
1472 2288 1580 2332 alius
1593 2305 1724 2347 quam

81 2373 185 2430 ipse,
216 2374 414 2430 quamvis
432 2373 530 2415 satis
560 2387 692 2430 prope
720 2385 860 2415 essent
889 2371 1038 2415 multae
1070 2385 1236 2429 gentes.
1271 2390 1289 2411 »
1320 2399 1376 2402 —
1400 2373 1662 2429 Interrogata
1689 2373 1721 2415 si

81 2456 293 2500 videritne
323 2471 529 2500 coronam
555 2471 682 2514 super
707 2466 835 2513 caput
866 2456 973 2513 regis
996 2456 1079 2509 sui,
1106 2455 1282 2514 quando
1310 2457 1399 2514 ipsa
1426 2456 1614 2500 ostendit
1646 2456 1726 2500 sibi

80 2541 253 2598 signum
283 2558 290 2583 :
311 2539 533 2598 respondit
558 2557 565 2582 :
587 2556 605 2579 «
631 2540 720 2597 Ego
743 2555 831 2582 non
854 2555 1029 2597 possum
1048 2539 1129 2582 hoc
1154 2538 1276 2582 vobis
1292 2538 1446 2592 dicere,
1469 2541 1560 2584 sine
1581 2541 1721 2598 perju-

82 2625 145 2668 rio
169 2633 198 2667 7.
232 2639 252 2662 ))

141 2709 248 2752 Item
284 2709 559 2765 interrogata,
596 2706 774 2760 sabbati,
810 2708 932 2750 tertia
987 2708 1144 2759 martii,
1181 2709 1214 2750 si
1248 2706 1391 2752 credat
1424 2707 1541 2766 quod
1576 2709 1619 2751 in
1657 2708 1726 2752 illa

81 2791 217 2836 forma
244 2805 284 2836 et
322 2794 364 2836 in
397 2793 470 2835 illo
502 2792 635 2835 modo
667 2792 786 2834 Deus
820 2792 977 2834 creavit
1014 2807 1103 2845 eos,
1141 2790 1355 2849 [sanctum
1390 2792 1646 2836 Michaelem
1686 2806 1725 2836 et

79 2890 274 2920 sanctum
302 2875 580 2932 GabrielemL
599 2891 622 2919 a
638 2876 864 2933 principio,
886 2877 994 2918 sicut
1012 2877 1124 2934 ipsps
1145 2875 1251 2918 vidit
1275 2893 1282 2918 ς
1308 2876 1528 2934 respondit
1549 2894 1555 2919 z
1592 2896 1610 2917 «
1640 2878 1728 2920 Vos
1746 2869 1757 2882 ’

133 3035 161 3058 1.
193 3024 224 3059 A
251 3036 262 3059 .·
295 3023 360 3058 hoc.
396 3044 439 3049 —-
479 3033 516 3061 2.
545 3023 577 3058 A
604 3035 614 3057 .·
636 3022 811 3069 respondit.
849 3044 891 3048 -—
918 3034 947 3068 3.
969 3024 999 3057 A
1025 3035 1036 3058 .·
1064 3035 1126 3057 non
1147 3025 1219 3075 jani
1249 3023 1334 3057 illud
1350 3036 1406 3058 vos
1435 3024 1660 3058 extrusum—etis.
1682 3045 1729 3049 —-

82 3094 114 3125 4.
138 3083 169 3117 A
189 3096 199 3117 .·
211 3088 350 3130 petetur.
373 3104 419 3109 --
440 3093 473 3126 5.
499 3083 529 3117 C
543 3091 641 3117 omet
658 3083 747 3119 bene,
777 3103 822 3107 -
844 3082 876 3116 6.
901 3083 967 3117 AC
982 3095 992 3116 .·
1006 3084 1173 3128 parjurio.
1193 3103 1241 3108 —
1262 3094 1293 3127 7.
1318 3083 1416 3127 Hasd„
1437 3084 1533 3117 idem.

208 3149 333 3179 Pitocfis
358 3159 397 3178 DE
420 3149 544 3188 mem
569 3149 683 3177 1›'Ai‹c.
1590 3159 1621 3188 ¹7
