2099 3356
355 200 409 241 68
635 198 791 242 pnoeiss
824 213 880 242 DE
912 212 1267 242 CONDAMNATION
1301 212 1358 241 DE
1389 213 1555 254 JEANNE
1588 199 1717 242 D'ARC

350 310 569 369 respondit
595 328 602 354 :
637 328 656 351 «
688 312 777 355 Vos
810 328 900 355 non
933 312 1073 355 scietis
1103 311 1185 355 hoc
1219 310 1271 354 de
1298 326 1383 354 me.
1415 327 1436 350 »
1472 310 1523 354 Et
1553 324 1671 364 tunc,
1706 312 1806 369 quia
1837 311 1919 355 fuit
1953 314 1992 356 ei

348 393 515 438 dictum
544 393 662 452 quod
691 394 773 438 hoc
793 393 990 453 tangebat
1017 409 1262 453 processum
1290 410 1298 437 :
1325 392 1545 452 respondit
1571 411 1580 438 t
1611 409 1631 432 ‹<
1667 394 1734 438 De
1765 394 1847 438 hoc
1873 394 1993 453 quod

349 494 430 536 ego
452 479 630 536 promisi
659 490 802 521 tenere
827 477 934 521 bene
952 490 1182 531 secretum,
1206 492 1286 535 ego
1308 493 1397 521 non
1423 476 1561 521 dicam
1589 476 1711 521 vobis
1736 476 1858 522 illud.
1892 496 1912 520 >›
1945 479 1997 521 Et

351 561 460 604 ultra
487 560 593 604 dixit
629 578 637 604 :
684 576 704 599 «
742 561 832 618 Ego
866 561 1044 619 promisi
1080 561 1121 604 in
1157 560 1229 604 tali
1266 560 1362 604 loco
1400 559 1519 619 quod
1559 576 1648 605 non
1682 562 1843 619 possim
1870 560 1995 605 vobis

350 644 487 688 dicere
508 645 599 688 sine
623 645 813 702 perjurio
839 653 867 686 ¹.
900 663 920 686 ›>

409 728 671 786 Interrogata
697 729 765 771 cui
790 728 873 772 hoc
900 729 1098 786 promisit
1125 744 1133 770 :
1168 726 1388 785 respondit
1423 726 1542 785 quod
1565 729 1721 772 sanctis
1748 728 1992 772 Katharinae

355 824 395 855 et
432 813 681 870 Margaretae
706 812 918 869 promisit,
948 825 991 855 et
1021 811 1102 855 hoc
1130 810 1209 854 fuit
1232 823 1455 854 ostensum
1483 812 1585 868 regi.
1617 812 1725 855 Item
1746 811 1849 856 dicit
1875 811 1992 871 quod

353 895 436 939 hoc
464 897 661 953 promisit
687 894 854 939 duabus
881 896 1041 940 Sanctis
1084 894 1311 953 praedictis,
1349 894 1508 953 absque
1545 894 1625 938 hoc
1655 894 1774 953 quod
1802 897 1995 954 require-

354 991 462 1022 rent.
490 979 541 1023 Et
573 980 754 1037 ipsamet
781 978 981 1035 Johanna
1011 977 1061 1022 ad
1089 991 1331 1037 requestam
1366 979 1430 1021 sui
1465 979 1597 1036 ipsius
1630 978 1712 1022 hoc
1743 977 1858 1032 fecit,
1894 979 1995 1036 quia

351 1064 481 1105 nimis
524 1063 671 1105 multae
709 1075 858 1119 gentes
894 1061 977 1106 hoc
1016 1063 1267 1120 petivissent
1310 1061 1360 1104 ab
1403 1077 1465 1115 ea,
1511 1062 1591 1105 nisi
1637 1060 1743 1106 illud
1782 1060 1994 1119 praedictis

349 1146 512 1189 Sanctis
538 1146 818 1203 promisisset.

406 1229 668 1286 Interrogata
693 1241 859 1282 utrum,
892 1227 1068 1287 quando
1104 1227 1292 1272 ostendit
1318 1229 1491 1284 signum
1529 1229 1615 1285 regi
1641 1244 1739 1282 suo,
1769 1240 1855 1271 erat
1886 1227 1994 1272 alius

349 1312 399 1356 ab
427 1328 479 1356 eo
513 1314 555 1355 in
589 1314 681 1369 ejus
714 1313 913 1356 societate
952 1329 960 1354 :
1005 1311 1225 1369 respondit
1257 1310 1375 1370 quod
1409 1313 1594 1355 aestimat
1632 1311 1767 1355 alium
1807 1310 1866 1355 ibi
1903 1327 1992 1355 non

348 1394 492 1449 fuisse,
519 1396 716 1453 quamvis
736 1396 836 1438 satis
859 1410 991 1453 prope
1016 1407 1156 1438 essent
1177 1394 1323 1438 multae
1349 1407 1514 1451 gentes,

410 1479 672 1536 Interrogata
692 1494 745 1521 an
768 1480 855 1536 ipsa
876 1477 1030 1522 viderit
1054 1493 1262 1522 coronam
1281 1494 1407 1536 supra
1427 1491 1553 1536 caput
1575 1480 1683 1536 regis
1706 1479 1788 1532 sui,
1815 1477 1991 1537 quando
2038 1510 2042 1514 -

352 1564 439 1620 ipsa
467 1563 724 1606 monstravit
757 1563 792 1605 ei
822 1563 997 1618 signum
1034 1580 1041 1605 :
1073 1561 1326 1619 respondit:
1361 1577 1381 1600 ((
1414 1562 1502 1619 Ego
1534 1578 1622 1605 non
1666 1578 1842 1621 possum
1870 1561 1992 1606 vobis

350 1645 487 1690 dicere
511 1648 602 1690 sine
623 1647 811 1704 perjurio
837 1654 867 1689 ².
899 1665 919 1688 »

405 1731 667 1787 Interrogata
721 1742 870 1773 utrum
916 1745 987 1772 rex
1026 1745 1129 1773 suus
1181 1728 1362 1773 habebat
1412 1745 1635 1784 coronam,
1683 1729 1858 1788 quando
1903 1741 1993 1773 erat

348 1814 495 1858 Remis
532 1831 539 1857 ;
578 1813 800 1871 respondit
833 1812 967 1871 quod,
997 1825 1123 1871 prout
1150 1814 1238 1871 ipsa
1272 1814 1471 1867 aestimat,
1515 1815 1604 1871 ipse
1640 1829 1712 1857 rex
1750 1829 1854 1858 suus
1880 1814 1990 1871 cepit

345 1910 558 1955 gratenter
585 1897 702 1940 illam
736 1913 941 1940 coronam
970 1913 1100 1955 quam
1129 1897 1273 1939 Remis
1300 1898 1498 1951 invenit3
1528 1896 1599 1940 sed
1629 1913 1713 1941 una
1741 1896 1849 1940 bene
1873 1896 1990 1940 dives

345 1980 426 2024 fuit
453 1982 490 2024 ei
517 1993 735 2038 apportata
778 1993 874 2038 post
912 1982 1069 2038 ipsum.
1102 1980 1151 2023 Et
1183 1981 1264 2024 hoc
1303 1980 1402 2024 fecit
1438 1996 1515 2038 pro
1550 1980 1794 2024 festinando
1828 1980 1987 2024 factum

344 2080 492 2117 suum,
523 2063 573 2107 ad
609 2077 851 2122 requestam
878 2063 1051 2106 illorum
1090 2063 1140 2107 de
1167 2063 1266 2107 villa
1291 2064 1511 2117 Remensi,
1542 2080 1618 2121 pro
1648 2063 1851 2108 evitando
1876 2079 1987 2107 onus

343 2160 641 2201 armatorum3
670 2160 726 2198 et,
753 2149 786 2190 si
811 2148 898 2205 ipse
919 2159 1192 2205 expectasset,
1217 2146 1433 2191 habuisset
1454 2163 1586 2191 unam
1609 2163 1814 2191 coronam
1843 2147 1986 2190 mille-

346 2232 426 2274 sies
454 2230 673 2274 ditiorem.

406 2314 667 2372 Interrogata
688 2330 740 2357 an
768 2313 921 2357 viderit
948 2314 1065 2357 illam
1092 2330 1299 2358 coronam
1320 2330 1417 2372 quae
1441 2327 1502 2358 est
1523 2313 1652 2358 ditior
1678 2332 1685 2358 :
1723 2314 1943 2374 respondit
1974 2329 1982 2358 :

349 2413 368 2435 «
399 2398 488 2455 Ego
510 2414 599 2441 non
628 2414 805 2455 possum
828 2397 952 2441 vobis
980 2397 1061 2441 hoc
1087 2396 1241 2452 dicere,
1277 2399 1369 2441 sine
1399 2397 1659 2442 incurrendo
1685 2400 1924 2457 perjurium
1952 2407 1982 2439 3.

346 2481 410 2533 Et,
442 2482 475 2523 si
503 2497 582 2539 ego
614 2497 702 2524 non
732 2480 928 2530 viderim,
962 2496 1041 2539 ego
1072 2480 1217 2525 audivi
1247 2480 1330 2524 dici
1366 2481 1485 2539 quod
1520 2494 1581 2525 est
1617 2481 1722 2526 adeo
1759 2482 1877 2526 dives
1909 2498 1984 2526 seu

344 2564 564 2621 opulenta.
594 2582 614 2605 »

402 2647 576 2699 Quibus
599 2649 658 2691 sic
694 2649 886 2705 peractis,
915 2647 1096 2692 fecimus
1131 2647 1263 2691 finem
1299 2663 1375 2705 pro
1408 2648 1483 2691 illo
1518 2647 1613 2691 die4
1640 2666 1650 2703 ;
1680 2661 1719 2692 et
1751 2650 1984 2708 assignavi-

343 2745 440 2773 mus
464 2746 541 2787 pro
569 2730 634 2773 his
669 2746 765 2788 quae
798 2730 978 2774 ulterius
1005 2730 1194 2774 facienda
1218 2744 1350 2785 erant,
1380 2730 1496 2775 diem
1531 2730 1691 2775 sabbati
1722 2745 1762 2775 et
1788 2745 1982 2777 octavam

341 2812 495 2856 horam
522 2812 716 2870 ejusdem
743 2814 825 2856 diei
856 2812 906 2856 de
943 2829 1085 2868 mane,
1121 2814 1380 2872 requirendo
1407 2814 1618 2858 adstantes
1652 2827 1716 2868 ut,
1745 2817 1846 2872 ipsis
1873 2822 1883 2848 5
1915 2814 1981 2859 die

343 2908 384 2938 et
410 2895 529 2949 hora,
557 2897 602 2938 in
630 2895 783 2939 eodem
808 2895 903 2939 loco
931 2896 1197 2940 interessent.

396 3073 424 3096 1.
445 3062 511 3096 AC
535 3063 725 3108 :parjurio⁸
739 3083 786 3087 —
812 3073 843 3096 2.
867 3062 934 3097 AC
957 3063 1144 3109 sparsistis).
1161 3084 1206 3087 —
1235 3073 1262 3107 3.
1287 3063 1353 3098 AC
1369 3065 1600 3109 :parjurium
1621 3085 1666 3089 —
1695 3075 1728 3106 4.
1753 3064 1784 3098 Α
1804 3073 1900 3099 omet
1918 3071 1979 3111 pro

341 3121 404 3154 illo
423 3121 486 3155 dt'e.
506 3142 553 3146 —
576 3132 605 3165 5.
628 3121 695 3155 AC
719 3134 728 3154 .·
751 3123 825 3167 ipsi.
