2099 3356
372 191 531 232 pnocsss
574 204 630 233 DE
668 204 1021 234 counAixmATioN
1066 205 1119 234 nn
1153 206 1318 246 JEANNE
1349 192 1475 235 n'ARc
1663 208 1743 248 329

98 314 190 345 rant
230 315 428 360 peracta3
470 315 711 361 quaerentes
753 303 802 347 ab
838 303 999 348 eisdem
1036 303 1329 348 assistentibus
1368 305 1600 349 consilium
1640 306 1744 364 quid

94 397 334 440 superesset
370 384 604 444 agendum,
642 400 683 430 et
722 388 940 444 signanter
975 403 1027 430 an
1063 387 1279 446 expediret
1307 387 1555 446 praedictam
1584 388 1746 445 Johan-

98 484 198 512 nam
232 484 392 526 ponere
428 470 472 512 in
504 471 747 513 tormentis.
774 469 948 515 Auditis
983 485 1128 515 autem
1156 471 1439 529 opinionibus
1472 472 1745 530 singulorum

96 564 137 595 et
170 551 447 596 consideratis
497 552 579 595 illis
623 569 736 611 quse,
778 554 821 596 in
861 553 929 597 die
964 555 1165 598 mercurii
1212 554 1442 609 antedicta,
1491 571 1563 614 per
1608 557 1742 614 ipsam

94 634 341 691 Johannam
391 651 592 694 responsa
643 636 828 688 fuerant,
883 638 1057 681 attentis
1112 639 1242 681 etiam
1299 640 1390 696 ejus
1441 638 1741 697 dispositione,

95 718 320 766 voluntate
347 733 389 762 et
411 721 760 771 circumstantiis,
788 722 831 763 in
860 736 907 764 ea
940 737 984 764 re
1008 738 1015 764 :
1053 721 1347 765 conclusimus
1374 722 1492 780 quod
1515 738 1605 766 non
1634 739 1744 781 opus

93 814 181 845 erat
206 817 283 846 nec
306 801 557 860 expediebat
583 804 718 861 ipsam
752 804 797 846 in
837 806 1067 848 tormentis
1096 804 1322 848 antedictis
1350 821 1524 864 ponere,
1558 818 1598 849 et
1625 805 1743 864 quod

95 885 275 929 ulterius
299 884 350 929 ad
378 885 457 929 alia
475 884 676 944 deinceps
692 886 1037 944 procederemus.

679 1047 838 1074 SABBATI
871 1048 959 1074 xlx.
993 1045 1001 1061 ¹
1035 1048 1141 1075 MAII.

152 1141 310 1195 *Item‚
343 1141 505 1186 sabbati
544 1141 794 1187 immediate
821 1144 1036 1202 sequenti,
1074 1159 1163 1187 xlx.
1201 1143 1270 1188 die
1297 1144 1398 1188 dicti
1437 1147 1596 1188 mensis
1623 1146 1740 1195 maii,

93 1242 238 1270 coram
267 1225 408 1281 nobis,
433 1225 644 1283 judicibus
670 1226 908 1281 antedictis,
937 1228 980 1270 in
1008 1227 1195 1285 cappella
1222 1227 1381 1272 domus
1404 1228 1744 1286 archiepiscopa—

146 1382 337 1433 Magister
362 1382 582 1435 Dionysius
611 1382 778 1421 Gastinel
814 1382 913 1421 dixit
952 1383 1060 1436 quod
1093 1397 1174 1421 non
1209 1383 1368 1436 expedit
1396 1397 1482 1422 eam
1520 1397 1670 1437 ponere
1702 1385 1740 1422 in

92 1453 270 1492 torturis.

146 1525 337 1577 Magister
357 1524 558 1564 Aubertus
581 1524 738 1564 Morelli
765 1526 863 1564 dixit
892 1526 1001 1579 quod
1032 1526 1106 1564 sibi
1133 1526 1291 1565 videtur
1323 1527 1429 1579 quod
1459 1526 1618 1579 expedit
1652 1540 1738 1565 eam

94 1610 245 1649 ponere
269 1597 308 1634 in
328 1597 505 1642 torturis,
523 1597 569 1635 ad
587 1597 796 1635 sciendum
815 1598 1022 1636 veritatem
1047 1596 1130 1651 [de]
1155 1598 1372 1637 mendaciis
1392 1600 1489 1650 ejus.

149 1669 340 1721 Magister
361 1669 540 1707 Thomas
579 1669 627 1707 de
663 1668 883 1708 Courcellis
917 1669 1014 1708 dixit
1039 1670 1147 1722 quod
1174 1670 1248 1708 sibi
1280 1670 1438 1708 videtur
1473 1669 1626 1708 bonum
1660 1684 1743 1709 esse

92 1754 179 1779 eam
204 1753 369 1793 ponere.
400 1739 509 1777 Dixit
533 1740 652 1777 etiam
681 1739 788 1792 quod
814 1739 925 1777 venit
952 1739 1235 1792 interroganda
1267 1748 1401 1778 utrum
1437 1753 1476 1778 se
1509 1739 1741 1779 submittere

89 1811 184 1851 velit
206 1811 358 1864 judicio
378 1810 580 1849 Ecclesiae.

144 1884 333 1936 Magister
357 1881 549 1921 Nicolaus
574 1882 857 1936 Couppequesne
878 1882 976 1920 dixit
1002 1881 1109 1935 quod
1137 1896 1218 1920 non
1244 1882 1402 1935 expedit
1416 1896 1502 1921 eam
1528 1896 1676 1935 ponere
1701 1883 1741 1921 in

89 1955 252 1994 torturis
271 1970 279 2003 ;
299 1954 365 1993 sed
390 1955 532 1992 iterum
551 1963 765 1992 moneatur
780 1954 981 1992 caritative
1003 1954 1050 1992 de
1068 1967 1107 1992 se
1127 1953 1399 1992 submittendo
1419 1954 1742 1993 determinationi

89 2026 292 2066 Ecclesiae.

142 2099 332 2151 Magister
350 2098 555 2147 Johannes
582 2097 736 2145 Dulcis,
761 2107 802 2136 ut
835 2111 967 2150 supra.

143 2171 273 2209 Frater
297 2169 568 2208 Ysembardus
589 2169 637 2208 de
669 2170 798 2217 Petra,
833 2179 876 2207 ut
899 2182 1043 2222 supra3
1072 2169 1137 2207 sed
1173 2178 1384 2207 moneatur
1416 2169 1597 2207 ultimate
1622 2169 1668 2207 de
1705 2183 1744 2207 se

87 2241 368 2281 submictendo
394 2241 583 2280 Ecclesiae
603 2240 805 2280 militanti.

142 2314 332 2366 Magister
350 2313 543 2352 Nicolaus
561 2312 761 2364 Loyseleur·
782 2312 882 2351 dixit
907 2312 1015 2365 quod
1033 2312 1105 2351 sibi
1128 2312 1284 2350 videtur
1305 2311 1429 2365 quod,
1453 2325 1525 2364 pro
1548 2312 1745 2351 medicina

88 2386 233 2424 animae
258 2399 354 2432 suae,
377 2385 530 2424 bonum
555 2394 658 2431 esset
678 2398 761 2424 eam
789 2385 891 2437 poni
920 2385 960 2423 in
984 2385 1149 2423 torturis
1172 2400 1180 2433 ;
1207 2394 1339 2422 tamen
1366 2397 1406 2422 se
1436 2384 1551 2422 refert
1580 2385 1743 2436 opinio—

87 2456 204 2495 nibus
228 2457 528 2510 praedictorum.

141 2530 330 2582 Magister
354 2528 624 2568 Guillelmus2
647 2530 790 2567 Hesion
815 2536 826 2560 ³
850 2529 1099 2581 supervenit,
1118 2529 1184 2580 qui
1207 2527 1280 2566 fuit
1297 2528 1501 2580 opinionis
1526 2527 1633 2580 quod
1661 2541 1740 2566 non

86 2610 143 2640 est
159 2601 346 2654 ponenda
368 2601 408 2639 in
432 2601 610 2639 torturis.

140 2673 329 2725 Magister
357 2672 562 2721 Johannes
596 2672 796 2724 Magistri,
833 2671 1022 2718 vicarius,
1052 2670 1149 2709 dixit
1179 2670 1286 2724 quod
1318 2680 1376 2709 est
1410 2671 1551 2709 iterum
1575 2671 1740 2709 interro-

83 2743 212 2796 ganda
232 2753 367 2783 utrum
389 2743 520 2782 credat
547 2758 587 2782 se
611 2743 754 2782 debere
776 2743 1008 2781 submittere
1039 2741 1225 2780 Ecclesiae
1253 2742 1442 2781 militanti
1463 2750 1492 2780 4.

137 2814 155 2832 *
175 2816 285 2854 Anno
307 2815 464 2854 Domini
491 2813 687 2853 millesimo
717 2813 1076 2868 quadringentesimo
1111 2813 1290 2852 tricesimo
1318 2813 1453 2867 primo,
1489 2813 1546 2851 die
1575 2812 1733 2860 sabbati,

84 2885 221 2925 decima
254 2900 349 2925 nona
382 2887 514 2926 mensis
548 2885 653 2934 maii,
691 2885 916 2938 congregatis
955 2885 991 2923 in
1023 2884 1185 2938 cappella
1216 2884 1374 2923 manerii
1408 2884 1733 2938 areln‘episcopalis,

136 3071 164 3094 1.
187 3060 237 3094 En
263 3071 383 3107 marge
403 3061 446 3094 de
473 3059 579 3094 ΑΒΕ.
600 3080 645 3084 -
664 3069 696 3093 2.
721 3059 790 3093 Ms.
830 3071 839 3092 :
861 3058 1087 3093 Guillermus.
1107 3079 1155 3083 —
1185 3069 1214 3101 3.
1239 3058 1328 3093 [hid.
1360 3071 1370 3092 .·
1399 3059 1537 3093 Hector.
1567 3079 1611 3084 —
1632 3070 1665 3100 4.
1691 3059 1733 3097 U,

82 3118 143 3153 sol.
171 3130 225 3163 31,
248 3129 281 3153 το
309 3129 341 3154 ct
363 3130 414 3153 νο.
