2099 3356
333 207 414 250 332
597 194 758 237 Pizocizs
803 209 859 237 DE
900 209 1250 240 CONDAMNATION
1292 212 1348 241 DE
1377 213 1543 255 JEANNE
1569 199 1699 245 D'ARC

323 323 423 351 vero
451 307 752 365 hujuscemodi
774 306 1156 354 deliberationibus
1182 311 1482 356 Universitatis
1509 326 1550 357 et
1570 314 1837 359 Facultatum
1865 332 1970 375 prae-

322 391 533 435 dictarum
554 390 726 444 auditis,
756 390 946 449 praedicti
968 408 1063 437 suas
1089 392 1418 440 deliberationes
1439 395 1640 441 dixerunt
1673 411 1714 442 et
1737 399 1970 458 explicave-

323 488 423 518 runt
461 474 745 518 conformiter
781 474 833 518 ad
861 473 989 519 dictas
1030 477 1266 522 Facultates
1304 491 1345 522 et
1384 479 1736 536 Universitatem‚
1778 482 1888 527 ultra
1921 499 1970 527 ea

320 574 416 617 quae
443 573 569 616 super
585 557 650 601 his
664 558 764 602 alias
782 557 1142 614 deliberaverunt,
1159 572 1249 604 tam
1276 577 1404 620 super
1418 549 1812 621 qualificationibus
1837 581 1967 610 asser-

322 644 493 686 tionum
519 641 852 696 antedictarum,
879 659 1011 702 quam
1034 660 1163 702 super
1189 644 1323 689 modo
1346 645 1604 704 procedendi
1632 663 1763 706 quem
1791 648 1969 694 ulterius

320 739 467 769 tenere
507 725 783 770 debebamus.
814 727 1016 779 Quarum
1052 727 1414 773 deliberationum
1443 745 1488 773 ac
1512 739 1521 755 ¹
1553 731 1684 775 etiam
1724 731 1965 777 litterarum

321 809 443 854 dictae
461 810 763 854 Universitatis
789 822 959 854 tenores
987 810 1057 856 hic
1087 811 1209 856 scribi
1237 812 1431 857 fecimus.

322 998 377 1035 ET
416 1010 536 1036 PRIMO
577 1010 779 1042 SEQUITUR
817 1011 952 1039 TENOR
991 1012 1239 1039 LITTERARUM
1276 1013 1407 1039 DICTAE
1447 1002 1769 1048 UNIVERsrrATls,
1808 1014 1968 1041 DOMINO

744 1075 753 1079 ⁶
786 1083 941 1110 NOSTRO
972 1084 1060 1110 REGI
1092 1084 1420 1112 TRANSMISSARUM
1456 1081 1502 1111 1²

375 1230 393 1249 «
427 1215 460 1252 A
482 1215 558 1253 tres
580 1214 789 1262 excellent,
812 1216 888 1253 tres
913 1215 1023 1254 hault
1044 1225 1081 1254 et
1105 1216 1182 1254 tres
1213 1216 1392 1269 puissant
1422 1217 1558 1269 prince
1582 1216 1617 1255 le
1643 1230 1714 1270 roy
1742 1217 1790 1256 de
1820 1218 1965 1257 France

320 1295 357 1324 et
381 1285 671 1338 d'Angleterre,
696 1296 828 1325 nostre
850 1287 927 1325 tres
956 1286 1148 1326 redoubte
1176 1297 1213 1326 et
1247 1288 1458 1326 souverain
1487 1289 1687 1341 seigneur.
1714 1289 1811 1328 Tres
1832 1289 1964 1328 excel-

320 1356 401 1396 lent
429 1358 580 1410 prince,
612 1367 746 1396 nostre
776 1359 852 1396 tres
883 1357 1073 1397 redoubte
1104 1368 1141 1396 et
1171 1359 1380 1397 souverain
1417 1359 1603 1411 seigneur
1626 1369 1663 1398 et
1693 1360 1800 1412 pere,
1832 1370 1964 1399 vostre

319 1428 454 1467 roialle
479 1428 703 1468 excellence
728 1442 793 1467 sur
814 1438 944 1468 toutes
965 1429 1106 1468 choses
1129 1430 1213 1468 doit
1232 1439 1332 1468 estre
1355 1440 1695 1483 songneusement
1720 1440 1730 1464 3
1753 1430 1965 1485 appliquee

320 1501 339 1538 a
363 1514 576 1539 conserver
600 1500 800 1548 l'onneur,
824 1502 1034 1540 reverence
1065 1511 1102 1540 et
1133 1501 1263 1553 gloire
1297 1501 1345 1540 de
1370 1501 1405 1540 la
1432 1502 1566 1541 divine
1590 1503 1752 1555 majeste
1777 1512 1816 1541 et
1839 1503 1886 1542 de
1923 1517 1964 1542 sa

320 1573 467 1611 saincte
489 1571 556 1624 foy
584 1572 830 1625 catholique,
857 1574 1135 1621 entierement‚
1172 1587 1220 1612 en
1252 1572 1394 1612 faisant
1430 1575 1599 1626 extirpet
1628 1587 1796 1621 erreurs,
1822 1573 1967 1613 faulses

319 1645 532 1689 doctrines,
557 1654 593 1683 et
618 1654 747 1683 tontes
779 1654 907 1683 autres
935 1643 1107 1683 offenses
1131 1646 1363 1684 contraires.
1398 1646 1453 1683 En
1480 1659 1523 1684 ce
1553 1646 1803 1692 continuant,
1831 1655 1963 1685 vostre

319 1716 503 1754 hautesce
525 1724 538 1747 ⁴
563 1729 611 1754 en
637 1726 727 1754 tous
753 1730 811 1755 ses
837 1715 988 1755 affaires
1016 1726 1198 1755 trouvera
1222 1730 1289 1768 par
1312 1716 1443 1764 effect,
1473 1717 1574 1765 aide,
1608 1730 1768 1756 secours
1792 1727 1829 1756 et
1849 1731 1964 1771 pros-

320 1787 458 1838 perite,
483 1800 551 1839 par
564 1787 678 1838 grace
701 1786 900 1825 liaultaine
916 1800 1010 1825 avec
1025 1797 1138 1839 grant
1155 1788 1441 1826 acroissement
1462 1787 1509 1826 de
1531 1797 1662 1826 vostre
1678 1787 1788 1826 bault
1803 1801 1959 1827 renom.

318 1859 435 1896 Aiant
460 1859 479 1896 ἐι
501 1872 544 1896 ce
565 1858 887 1905 considerat-ion,
916 1868 1047 1897 vostre
1068 1859 1146 1897 tres
1177 1857 1296 1898 noble
1321 1858 1622 1912 magnificence,
1650 1859 1685 1898 la
1710 1872 1843 1912 mercy
1868 1873 1963 1898 sou-

316 1931 490 1976 veraine,
516 1943 536 1968 a
561 1930 690 1968 moult
714 1930 792 1969 bon
819 1944 938 1969 euvre
963 1931 1214 1970 commencie'
1239 1931 1432 1970 touchant
1453 1940 1586 1970 nostre
1605 1932 1732 1970 sainte
1751 1930 1846 1984 foy:
1869 1930 1963 1970 c'est

317 2002 506 2048 assavoir,
548 2001 582 2040 le
622 2002 762 2054 proces
796 2002 999 2055 judiciaire
1031 2012 1167 2041 contre
1207 2002 1306 2041 celle
1337 2002 1484 2041 femme
1522 2016 1598 2056 que
1633 2016 1685 2041 on
1724 2015 1889 2041 nomme
1926 2001 1961 2042 la

318 2072 474 2114 Pur-elle.
499 2083 536 2112 et
561 2086 621 2112 ses
643 2073 846 2120 escandes,
869 2073 1006 2112 faultes
1030 2084 1067 2112 et
1091 2073 1263 2112 offenses
1293 2074 1396 2112 aussi
1424 2080 1451 2121 ὅ,
1475 2087 1633 2113 comme
1665 2073 1891 2113 manifestes
1911 2087 1960 2113 en

316 2154 403 2183 tout
425 2158 467 2183 ce
493 2158 699 2197 royaurne,
723 2145 820 2184 dont
846 2159 946 2184 nous
971 2159 1094 2184 avons
1119 2146 1263 2198 escript
1292 2159 1359 2198 par
1395 2145 1592 2198 plusieurs
1622 2144 1697 2184 sois
1731 2145 1766 2184 la
1796 2144 1924 2184 forme
1946 2147 1961 2172 ⁶

318 2226 353 2254 et
377 2217 564 2255 maniere.
588 2217 746 2269 Duquel
771 2218 907 2269 proces
930 2230 1031 2255 nous
1049 2231 1173 2256 avons
1195 2231 1284 2256 scen
1305 2227 1342 2256 et
1365 2217 1470 2255 aussi
1492 2217 1526 2255 le
1542 2226 1714 2255 contenu
1737 2227 1775 2255 et
1792 2217 1960 2255 dernene

318 2287 508 2335 d'icellui,
536 2302 604 2340 par
624 2288 679 2326 les
704 2288 835 2327 lettres
857 2289 877 2326 a
899 2302 1000 2327 nous
1022 2287 1200 2335 baillees‚
1227 2283 1264 2327 e't
1288 2288 1322 2327 la
1349 2288 1520 2327 relacion
1545 2288 1651 2336 faite,
1672 2288 1720 2327 de
1744 2302 1810 2340 par
1827 2298 1960 2327 vostre

318 2360 540 2398 excellence
558 2373 606 2398 en
635 2369 768 2398 nostre
792 2359 1009 2399 assemble'e
1031 2360 1266 2407 solennelle,
1287 2373 1356 2413 par
1380 2374 1455 2398 noz
1479 2369 1667 2413 suppostz
1691 2369 1721 2407 7,
1741 2364 1817 2398 tres
1833 2359 1960 2398 hono-

318 2445 378 2469 rez
397 2442 432 2470 et
458 2437 471 2457 ὃ
491 2433 672 2470 re've'rens
694 2433 889 2479 maistres⁷
915 2432 1037 2481 jehan
1064 2433 1279 2484 Beaupere‚
1299 2432 1423 2484 Jaque
1451 2431 1499 2470 de
1525 2432 1727 2470 Touraine
1750 2440 1788 2470 et
1817 2431 1958 2470 Nicole

316 2503 430 2549 Midi,
456 2505 634 2542 maistres
663 2518 711 2542 en
736 2503 966 2556 theologie3
990 2514 1026 2542 et
1060 2503 1230 2556 lesquels
1255 2504 1359 2541 aussi
1389 2516 1490 2541 nous
1517 2513 1587 2542 ont
1613 2503 1746 2541 donne
1770 2512 1808 2542 et
1837 2502 1956 2541 relate'

364 2682 412 2719 Et
444 2681 496 2720 his
519 2692 534 2715 9
557 2682 605 2720 sis
631 2682 733 2727 actis,
763 2682 867 2735 petiit
897 2681 1069 2720 dominus
1098 2681 1323 2720 Belvacensis
1345 2680 1504 2735 qualiter
1534 2685 1611 2719 erat
1642 2680 1799 2719 ulterius
1829 2687 1955 2734 proce·
2015 2694 2018 2698 ’
2077 2719 2092 2738 ,ι

312 2752 469 2790 ciendum
485 2760 527 2790 ¹0.

365 2937 392 2959 1.
416 2926 450 2970 Q
480 2938 490 2958 .·
514 2931 555 2959 et.
579 2947 624 2950 —
654 2937 685 2960 2.
709 2926 805 2961 ΑΒΕ
825 2938 869 2961 en
891 2938 1035 2972 marge:
1064 2926 1170 2960 Tenor
1188 2926 1381 2960 litterarum
1405 2926 1646 2960 Universitatis
1667 2925 1868 2959 Parisiensz's
1890 2924 1953 2959 do-

312 2985 404 3018 mino
422 2990 530 3018 nostro
551 2987 623 3030 regi
637 2985 721 3030 (AC
736 2986 895 3031 ajoutent
913 2987 1219 3030 transmissarum).
1239 3006 1281 3010 —
1308 2995 1336 3029 3.
1359 2985 1389 3019 C
1405 2997 1416 3019 .·
1430 2985 1723 3030 songnieusement.
1743 3005 1790 3009 —
1809 2994 1842 3027 4.
1859 2984 1926 3019 AC
1940 2997 1950 3018 .·

315 3043 480 3077 multost-e.
501 3065 545 3068 μ
576 3055 604 3086 5.
623 3046 652 3078 A
676 3057 686 3077 .·
703 3046 809 3081 ainsi.
833 3066 879 3070 —
902 3045 935 3079 6.
960 3044 990 3078 C
1010 3044 1178 3089 :somma
1198 3065 1241 3069 -
1271 3056 1303 3089 7.
1327 3045 1358 3078 A
1381 3056 1390 3078 :
1409 3051 1538 3090 snppoz.
1561 3065 1608 3068 —
1631 3044 1663 3078 8.
1685 3043 1720 3087 Q
1735 3043 1853 3089 aioute
1870 3044 1947 3077 tres.

316 3124 354 3125 j
377 3113 412 3139 Q
443 3103 524 3136 llvirl.
548 3115 557 3137 .·
583 3103 659 3137 hiis.
689 3125 731 3127 —
756 3114 808 3137 ro.
832 3104 870 3138 U.
899 3103 960 3137 fol.
988 3114 1040 3144 31.
1067 3112 1117 3137 νο.
