<?xml version="1.0" encoding="UTF-8"?>
<!DOCTYPE html PUBLIC "-//W3C//DTD XHTML 1.0 Transitional//EN"
    "http://www.w3.org/TR/xhtml1/DTD/xhtml1-transitional.dtd">
<html xmlns="http://www.w3.org/1999/xhtml" xml:lang="en" lang="en">
 <head>
  <title>
</title>
<meta http-equiv="Content-Type" content="text/html;charset=utf-8" />
  <meta name='ocr-system' content='tesseract 3.04.00' />
  <meta name='ocr-capabilities' content='ocr_page ocr_carea ocr_par ocr_line ocrx_word'/>
</head>
<body>
  <div class='ocr_page' id='page_1' title='image "./procsdecondamn01cham/procsdecondamn01cham_0176.png"; bbox 0 0 2099 3356; ppageno 0'>
   <div class='ocr_carea' id='block_1_1' title="bbox 354 163 1708 220">
    <p class='ocr_par' dir='ltr' id='par_1_1' title="bbox 354 163 1708 220">
     <span class='ocr_line' id='line_1_1' title="bbox 354 163 1708 220; baseline 0.002 -14"><span class='ocrx_word' id='word_1_1' title='bbox 354 165 433 206; x_wconf 83' lang='lat'>126</span> <span class='ocrx_word' id='word_1_2' title='bbox 630 163 786 207; x_wconf 60' lang='lat' dir='ltr'>PRoci&#39;ss</span> <span class='ocrx_word' id='word_1_3' title='bbox 822 177 878 207; x_wconf 77' lang='lat' dir='ltr'>DE</span> <span class='ocrx_word' id='word_1_4' title='bbox 911 177 1262 207; x_wconf 86' lang='lat' dir='ltr'>CONDAMNATION</span> <span class='ocrx_word' id='word_1_5' title='bbox 1295 178 1352 207; x_wconf 79' lang='lat' dir='ltr'>DE</span> <span class='ocrx_word' id='word_1_6' title='bbox 1382 178 1548 220; x_wconf 82' lang='lat' dir='ltr'>JEANNE</span> <span class='ocrx_word' id='word_1_7' title='bbox 1579 164 1708 209; x_wconf 72' lang='lat' dir='ltr'>D‘Anc</span> 
     </span>
    </p>
   </div>
   <div class='ocr_carea' id='block_1_2' title="bbox 341 275 1987 1506">
    <p class='ocr_par' dir='ltr' id='par_1_2' title="bbox 347 275 1987 501">
     <span class='ocr_line' id='line_1_2' title="bbox 347 275 1986 335; baseline 0.002 -16"><span class='ocrx_word' id='word_1_8' title='bbox 347 275 437 329; x_wconf 83' lang='lat' dir='ltr'>tali,</span> <span class='ocrx_word' id='word_1_9' title='bbox 462 276 550 334; x_wconf 84' lang='lat' dir='ltr'>ipsa</span> <span class='ocrx_word' id='word_1_10' title='bbox 572 276 755 320; x_wconf 81' lang='lat' dir='ltr'>aestimat</span> <span class='ocrx_word' id='word_1_11' title='bbox 777 275 894 334; x_wconf 90' lang='lat' dir='ltr'>quod</span> <span class='ocrx_word' id='word_1_12' title='bbox 916 288 1070 320; x_wconf 82' lang='lat' dir='ltr'>sanctae</span> <span class='ocrx_word' id='word_1_13' title='bbox 1095 276 1328 320; x_wconf 85' lang='lat' dir='ltr'>Katharina</span> <span class='ocrx_word' id='word_1_14' title='bbox 1348 289 1389 320; x_wconf 90' lang='lat' dir='ltr'>et</span> <span class='ocrx_word' id='word_1_15' title='bbox 1409 278 1643 335; x_wconf 85' lang='lat' dir='ltr'>Margareta</span> <span class='ocrx_word' id='word_1_16' title='bbox 1666 277 1782 322; x_wconf 90' lang='lat' dir='ltr'>illico</span> <span class='ocrx_word' id='word_1_17' title='bbox 1799 277 1986 322; x_wconf 89' lang='lat' dir='ltr'>dimitte-</span> 
     </span>
     <span class='ocr_line' id='line_1_3' title="bbox 347 358 1987 420; baseline 0.002 -17"><span class='ocrx_word' id='word_1_18' title='bbox 347 372 440 403; x_wconf 89' lang='lat' dir='ltr'>rent</span> <span class='ocrx_word' id='word_1_19' title='bbox 469 375 578 403; x_wconf 87' lang='lat' dir='ltr'>eam.</span> <span class='ocrx_word' id='word_1_20' title='bbox 605 360 654 402; x_wconf 84' lang='lat' dir='ltr'>Et</span> <span class='ocrx_word' id='word_1_21' title='bbox 685 358 987 417; x_wconf 89' lang='lat' dir='ltr'>respondendo</span> <span class='ocrx_word' id='word_1_22' title='bbox 1021 359 1232 417; x_wconf 76' lang='lat' dir='ltr'>praedictae</span> <span class='ocrx_word' id='word_1_23' title='bbox 1256 361 1597 418; x_wconf 79' lang='lat' dir='ltr'>interrogationi,</span> <span class='ocrx_word' id='word_1_24' title='bbox 1628 360 1730 405; x_wconf 90' lang='lat' dir='ltr'>dicit</span> <span class='ocrx_word' id='word_1_25' title='bbox 1758 361 1876 420; x_wconf 90' lang='lat' dir='ltr'>quod</span> <span class='ocrx_word' id='word_1_26' title='bbox 1902 377 1987 406; x_wconf 89' lang='lat' dir='ltr'>cre—</span> 
     </span>
     <span class='ocr_line' id='line_1_4' title="bbox 347 441 1831 501; baseline 0 -15"><span class='ocrx_word' id='word_1_27' title='bbox 347 442 409 486; x_wconf 89' lang='lat' dir='ltr'>dit</span> <span class='ocrx_word' id='word_1_28' title='bbox 433 441 550 501; x_wconf 81' lang='lat' dir='ltr'>quod</span> <span class='ocrx_word' id='word_1_29' title='bbox 574 443 670 501; x_wconf 87' lang='lat' dir='ltr'>quis</span> <span class='ocrx_word' id='word_1_30' title='bbox 700 459 787 486; x_wconf 91' lang='lat' dir='ltr'>non</span> <span class='ocrx_word' id='word_1_31' title='bbox 817 455 957 501; x_wconf 90' lang='lat' dir='ltr'>potest</span> <span class='ocrx_word' id='word_1_32' title='bbox 981 444 1111 487; x_wconf 90' lang='lat' dir='ltr'>nimis</span> <span class='ocrx_word' id='word_1_33' title='bbox 1134 442 1340 487; x_wconf 86' lang='lat' dir='ltr'>mundare</span> <span class='ocrx_word' id='word_1_34' title='bbox 1362 444 1672 487; x_wconf 81' lang='lat' dir='ltr'>conscientiam</span> <span class='ocrx_word' id='word_1_35' title='bbox 1692 459 1831 488; x_wconf 84' lang='lat' dir='ltr'>suam.</span> 
     </span>
    </p>

    <p class='ocr_par' dir='ltr' id='par_1_3' title="bbox 343 525 1987 839">
     <span class='ocr_line' id='line_1_5' title="bbox 406 525 1987 585; baseline 0.001 -16"><span class='ocrx_word' id='word_1_36' title='bbox 406 528 667 584; x_wconf 76' lang='lat' dir='ltr'>Interrogata</span> <span class='ocrx_word' id='word_1_37' title='bbox 693 539 856 578; x_wconf 76' lang='lat' dir='ltr'>utrum,</span> <span class='ocrx_word' id='word_1_38' title='bbox 888 538 1113 585; x_wconf 86' lang='lat' dir='ltr'>postquam</span> <span class='ocrx_word' id='word_1_39' title='bbox 1141 537 1202 570; x_wconf 89' lang='lat' dir='ltr'>est</span> <span class='ocrx_word' id='word_1_40' title='bbox 1226 528 1270 570; x_wconf 92' lang='lat' dir='ltr'>in</span> <span class='ocrx_word' id='word_1_41' title='bbox 1298 527 1380 570; x_wconf 91' lang='lat' dir='ltr'>isto</span> <span class='ocrx_word' id='word_1_42' title='bbox 1408 542 1584 581; x_wconf 82' lang='lat' dir='ltr'>carcere,</span> <span class='ocrx_word' id='word_1_43' title='bbox 1615 525 1887 585; x_wconf 79' lang='lat' dir='ltr'>denegaverit</span> <span class='ocrx_word' id='word_1_44' title='bbox 1914 540 1987 571; x_wconf 84' lang='lat' dir='ltr'>aut</span> 
     </span>
     <span class='ocr_line' id='line_1_6' title="bbox 348 609 1986 671; baseline -0.001 -13"><span class='ocrx_word' id='word_1_45' title='bbox 348 613 614 658; x_wconf 79' lang='lat' dir='ltr'>maledixerit</span> <span class='ocrx_word' id='word_1_46' title='bbox 659 613 803 656; x_wconf 89' lang='lat' dir='ltr'>Deum</span> <span class='ocrx_word' id='word_1_47' title='bbox 835 620 843 636; x_wconf 88' lang='lat'>¹</span> <span class='ocrx_word' id='word_1_48' title='bbox 886 628 893 654; x_wconf 89' lang='lat'>:</span> <span class='ocrx_word' id='word_1_49' title='bbox 938 609 1158 668; x_wconf 80' lang='lat' dir='ltr'>respondit</span> <span class='ocrx_word' id='word_1_50' title='bbox 1193 609 1310 669; x_wconf 89' lang='lat' dir='ltr'>quod</span> <span class='ocrx_word' id='word_1_51' title='bbox 1345 626 1449 664; x_wconf 88' lang='lat' dir='ltr'>non,</span> <span class='ocrx_word' id='word_1_52' title='bbox 1485 623 1526 654; x_wconf 88' lang='lat' dir='ltr'>et</span> <span class='ocrx_word' id='word_1_53' title='bbox 1559 609 1676 669; x_wconf 87' lang='lat' dir='ltr'>quod</span> <span class='ocrx_word' id='word_1_54' title='bbox 1705 619 1719 636; x_wconf 84' lang='lat'><strong>²</strong></span> <span class='ocrx_word' id='word_1_55' title='bbox 1753 611 1986 671; x_wconf 86' lang='lat' dir='ltr'>aliquando</span> 
     </span>
     <span class='ocr_line' id='line_1_7' title="bbox 343 694 1983 753; baseline -0.001 -13"><span class='ocrx_word' id='word_1_56' title='bbox 343 713 443 741; x_wconf 88' lang='lat' dir='ltr'>cum</span> <span class='ocrx_word' id='word_1_57' title='bbox 469 695 571 740; x_wconf 90' lang='lat' dir='ltr'>dicit</span> <span class='ocrx_word' id='word_1_58' title='bbox 597 698 637 739; x_wconf 91' lang='lat' dir='ltr'>in</span> <span class='ocrx_word' id='word_1_59' title='bbox 662 695 814 753; x_wconf 82' lang='lat' dir='ltr'>gallico</span> <span class='ocrx_word' id='word_1_60' title='bbox 843 712 851 738; x_wconf 77' lang='grc' dir='ltr'>ε</span> <span class='ocrx_word' id='word_1_61' title='bbox 884 695 963 738; x_wconf 77' lang='lat' dir='ltr'>Bon</span> <span class='ocrx_word' id='word_1_62' title='bbox 992 697 1063 750; x_wconf 64' lang='lat' dir='ltr'>grc‘</span> <span class='ocrx_word' id='word_1_63' title='bbox 1087 694 1207 746; x_wconf 64' lang='lat' dir='ltr'>Dim,</span> <span class='ocrx_word' id='word_1_64' title='bbox 1237 710 1284 737; x_wconf 77' lang='lat' dir='ltr'>on</span> <span class='ocrx_word' id='word_1_65' title='bbox 1302 695 1408 737; x_wconf 77' lang='lat' dir='ltr'>sain!</span> <span class='ocrx_word' id='word_1_66' title='bbox 1424 694 1566 749; x_wconf 80' lang='lat' dir='ltr'>seban,</span> <span class='ocrx_word' id='word_1_67' title='bbox 1591 710 1641 738; x_wconf 78' lang='grc' dir='ltr'>οιι</span> <span class='ocrx_word' id='word_1_68' title='bbox 1664 696 1809 739; x_wconf 67' lang='lat' dir='ltr'>Nostra</span> <span class='ocrx_word' id='word_1_69' title='bbox 1837 696 1983 750; x_wconf 81' lang='lat' dir='ltr'>Dame,</span> 
     </span>
     <span class='ocr_line' id='line_1_8' title="bbox 343 776 1654 839; baseline -0.002 -15"><span class='ocrx_word' id='word_1_70' title='bbox 343 780 401 824; x_wconf 88' lang='lat' dir='ltr'>illi</span> <span class='ocrx_word' id='word_1_71' title='bbox 429 781 503 839; x_wconf 90' lang='lat' dir='ltr'>qui</span> <span class='ocrx_word' id='word_1_72' title='bbox 532 792 712 838; x_wconf 83' lang='lat' dir='ltr'>possunt</span> <span class='ocrx_word' id='word_1_73' title='bbox 729 778 922 822; x_wconf 88' lang='lat' dir='ltr'>retulisse</span> <span class='ocrx_word' id='word_1_74' title='bbox 947 776 1071 821; x_wconf 82' lang='lat' dir='ltr'>verba</span> <span class='ocrx_word' id='word_1_75' title='bbox 1101 793 1175 821; x_wconf 86' lang='lat' dir='ltr'>sua</span> <span class='ocrx_word' id='word_1_76' title='bbox 1201 777 1310 821; x_wconf 85' lang='lat' dir='ltr'>male</span> <span class='ocrx_word' id='word_1_77' title='bbox 1338 777 1654 822; x_wconf 83' lang='lat' dir='ltr'>intellexerunt.</span> 
     </span>
    </p>

    <p class='ocr_par' dir='ltr' id='par_1_4' title="bbox 342 860 1985 1089">
     <span class='ocr_line' id='line_1_9' title="bbox 400 860 1985 921; baseline -0.001 -13"><span class='ocrx_word' id='word_1_78' title='bbox 400 865 661 921; x_wconf 78' lang='lat' dir='ltr'>Interrogata</span> <span class='ocrx_word' id='word_1_79' title='bbox 684 875 829 906; x_wconf 90' lang='lat' dir='ltr'>utrum</span> <span class='ocrx_word' id='word_1_80' title='bbox 855 863 909 905; x_wconf 89' lang='lat' dir='ltr'>sit</span> <span class='ocrx_word' id='word_1_81' title='bbox 932 874 1155 920; x_wconf 87' lang='lat' dir='ltr'>peccatum</span> <span class='ocrx_word' id='word_1_82' title='bbox 1183 860 1363 904; x_wconf 80' lang='lat' dir='ltr'>mortale</span> <span class='ocrx_word' id='word_1_83' title='bbox 1387 861 1570 919; x_wconf 89' lang='lat' dir='ltr'>recipere</span> <span class='ocrx_word' id='word_1_84' title='bbox 1593 877 1731 905; x_wconf 87' lang='lat' dir='ltr'>unum</span> <span class='ocrx_word' id='word_1_85' title='bbox 1758 861 1985 906; x_wconf 89' lang='lat' dir='ltr'>hominem</span> 
     </span>
     <span class='ocr_line' id='line_1_10' title="bbox 342 944 1985 1003; baseline -0.001 -12"><span class='ocrx_word' id='word_1_86' title='bbox 342 946 393 991; x_wconf 86' lang='lat' dir='ltr'>ad</span> <span class='ocrx_word' id='word_1_87' title='bbox 416 946 718 1000; x_wconf 85' lang='lat' dir='ltr'>redditionem,</span> <span class='ocrx_word' id='word_1_88' title='bbox 748 946 942 990; x_wconf 84' lang='lat' dir='ltr'>et-facere</span> <span class='ocrx_word' id='word_1_89' title='bbox 964 946 1106 1003; x_wconf 87' lang='lat' dir='ltr'>ipsum</span> <span class='ocrx_word' id='word_1_90' title='bbox 1128 945 1237 988; x_wconf 88' lang='lat' dir='ltr'>mori</span> <span class='ocrx_word' id='word_1_91' title='bbox 1260 945 1565 1003; x_wconf 87' lang='lat' dir='ltr'>prisionarium</span> <span class='ocrx_word' id='word_1_92' title='bbox 1592 961 1599 988; x_wconf 93' lang='lat'>:</span> <span class='ocrx_word' id='word_1_93' title='bbox 1628 944 1847 1003; x_wconf 84' lang='lat' dir='ltr'>respondit</span> <span class='ocrx_word' id='word_1_94' title='bbox 1867 945 1985 1003; x_wconf 88' lang='lat' dir='ltr'>quod</span> 
     </span>
     <span class='ocr_line' id='line_1_11' title="bbox 343 1030 800 1089; baseline -0.002 -15"><span class='ocrx_word' id='word_1_95' title='bbox 343 1033 430 1089; x_wconf 88' lang='lat' dir='ltr'>ipsa</span> <span class='ocrx_word' id='word_1_96' title='bbox 459 1031 540 1074; x_wconf 87' lang='lat' dir='ltr'>hoc</span> <span class='ocrx_word' id='word_1_97' title='bbox 564 1047 653 1075; x_wconf 90' lang='lat' dir='ltr'>non</span> <span class='ocrx_word' id='word_1_98' title='bbox 688 1030 800 1074; x_wconf 88' lang='lat' dir='ltr'>fecit.</span> 
     </span>
    </p>

    <p class='ocr_par' dir='ltr' id='par_1_5' title="bbox 341 1111 1985 1506">
     <span class='ocr_line' id='line_1_12' title="bbox 404 1111 1985 1172; baseline -0.001 -14"><span class='ocrx_word' id='word_1_99' title='bbox 404 1115 454 1158; x_wconf 88' lang='lat' dir='ltr'>Et</span> <span class='ocrx_word' id='word_1_100' title='bbox 482 1115 582 1172; x_wconf 84' lang='lat' dir='ltr'>quia</span> <span class='ocrx_word' id='word_1_101' title='bbox 615 1113 742 1157; x_wconf 81' lang='lat' dir='ltr'>fiebat</span> <span class='ocrx_word' id='word_1_102' title='bbox 769 1112 846 1156; x_wconf 89' lang='lat' dir='ltr'>sibi</span> <span class='ocrx_word' id='word_1_103' title='bbox 876 1112 1041 1156; x_wconf 87' lang='lat' dir='ltr'>mentio</span> <span class='ocrx_word' id='word_1_104' title='bbox 1066 1111 1116 1156; x_wconf 86' lang='lat' dir='ltr'>dc</span> <span class='ocrx_word' id='word_1_105' title='bbox 1143 1113 1387 1170; x_wconf 87' lang='lat' dir='ltr'>Franqueto</span> <span class='ocrx_word' id='word_1_106' title='bbox 1416 1111 1594 1156; x_wconf 68' lang='lat' dir='ltr'>d’Arras</span> <span class='ocrx_word' id='word_1_107' title='bbox 1615 1120 1645 1166; x_wconf 74' lang='lat'>3,</span> <span class='ocrx_word' id='word_1_108' title='bbox 1675 1128 1805 1171; x_wconf 86' lang='lat' dir='ltr'>quern</span> <span class='ocrx_word' id='word_1_109' title='bbox 1833 1112 1985 1157; x_wconf 83' lang='lat' dir='ltr'>fecerat</span> 
     </span>
     <span class='ocr_line' id='line_1_13' title="bbox 344 1194 1983 1256; baseline -0.001 -14"><span class='ocrx_word' id='word_1_110' title='bbox 344 1200 452 1242; x_wconf 90' lang='lat' dir='ltr'>mori</span> <span class='ocrx_word' id='word_1_111' title='bbox 482 1197 594 1256; x_wconf 86' lang='lat' dir='ltr'>apud</span> <span class='ocrx_word' id='word_1_112' title='bbox 631 1198 925 1255; x_wconf 79' lang='lat' dir='ltr'>Latigniacum</span> <span class='ocrx_word' id='word_1_113' title='bbox 954 1194 1206 1254; x_wconf 83' lang='lat' dir='ltr'>:respondit</span> <span class='ocrx_word' id='word_1_114' title='bbox 1239 1194 1357 1254; x_wconf 89' lang='lat' dir='ltr'>quod</span> <span class='ocrx_word' id='word_1_115' title='bbox 1387 1196 1474 1253; x_wconf 88' lang='lat' dir='ltr'>ipsa</span> <span class='ocrx_word' id='word_1_116' title='bbox 1510 1195 1589 1239; x_wconf 87' lang='lat' dir='ltr'>fuit</span> <span class='ocrx_word' id='word_1_117' title='bbox 1624 1197 1896 1241; x_wconf 86' lang='lat' dir='ltr'>consentiens</span> <span class='ocrx_word' id='word_1_118' title='bbox 1932 1195 1983 1240; x_wconf 93' lang='lat' dir='ltr'>de</span> 
     </span>
     <span class='ocr_line' id='line_1_14' title="bbox 343 1278 1982 1338; baseline -0.001 -13"><span class='ocrx_word' id='word_1_119' title='bbox 343 1280 537 1326; x_wconf 83' lang='lat' dir='ltr'>faciendo</span> <span class='ocrx_word' id='word_1_120' title='bbox 563 1282 704 1338; x_wconf 86' lang='lat' dir='ltr'>ipsum</span> <span class='ocrx_word' id='word_1_121' title='bbox 741 1281 867 1333; x_wconf 86' lang='lat' dir='ltr'>mori,</span> <span class='ocrx_word' id='word_1_122' title='bbox 904 1280 937 1323; x_wconf 88' lang='lat' dir='ltr'>si</span> <span class='ocrx_word' id='word_1_123' title='bbox 966 1281 1054 1337; x_wconf 92' lang='lat' dir='ltr'>ipse</span> <span class='ocrx_word' id='word_1_124' title='bbox 1088 1292 1314 1333; x_wconf 86' lang='lat' dir='ltr'>meruerat,</span> <span class='ocrx_word' id='word_1_125' title='bbox 1350 1280 1451 1338; x_wconf 82' lang='lat' dir='ltr'>quia</span> <span class='ocrx_word' id='word_1_126' title='bbox 1486 1278 1704 1323; x_wconf 90' lang='lat' dir='ltr'>confessus</span> <span class='ocrx_word' id='word_1_127' title='bbox 1724 1292 1785 1322; x_wconf 90' lang='lat' dir='ltr'>est</span> <span class='ocrx_word' id='word_1_128' title='bbox 1817 1295 1860 1323; x_wconf 89' lang='lat' dir='ltr'>se</span> <span class='ocrx_word' id='word_1_129' title='bbox 1895 1296 1982 1324; x_wconf 91' lang='lat' dir='ltr'>esse</span> 
     </span>
     <span class='ocr_line' id='line_1_15' title="bbox 343 1361 1983 1421; baseline -0.001 -12"><span class='ocrx_word' id='word_1_130' title='bbox 343 1367 592 1417; x_wconf 85' lang='lat' dir='ltr'>occisorem,</span> <span class='ocrx_word' id='word_1_131' title='bbox 634 1364 841 1408; x_wconf 86' lang='lat' dir='ltr'>latronem</span> <span class='ocrx_word' id='word_1_132' title='bbox 877 1376 917 1407; x_wconf 92' lang='lat' dir='ltr'>et</span> <span class='ocrx_word' id='word_1_133' title='bbox 953 1362 1232 1421; x_wconf 86' lang='lat' dir='ltr'>proditorem.</span> <span class='ocrx_word' id='word_1_134' title='bbox 1257 1362 1306 1406; x_wconf 91' lang='lat' dir='ltr'>Et</span> <span class='ocrx_word' id='word_1_135' title='bbox 1333 1362 1439 1407; x_wconf 86' lang='lat' dir='ltr'>dixit</span> <span class='ocrx_word' id='word_1_136' title='bbox 1481 1361 1598 1421; x_wconf 88' lang='lat' dir='ltr'>quod</span> <span class='ocrx_word' id='word_1_137' title='bbox 1636 1378 1856 1421; x_wconf 88' lang='lat' dir='ltr'>processus</span> <span class='ocrx_word' id='word_1_138' title='bbox 1893 1364 1983 1420; x_wconf 78' lang='lat' dir='ltr'>ejus</span> 
     </span>
     <span class='ocr_line' id='line_1_16' title="bbox 341 1445 1979 1506; baseline -0.001 -14"><span class='ocrx_word' id='word_1_139' title='bbox 341 1448 509 1492; x_wconf 81' lang='lat' dir='ltr'>duravit</span> <span class='ocrx_word' id='word_1_140' title='bbox 531 1464 603 1506; x_wconf 86' lang='lat' dir='ltr'>per</span> <span class='ocrx_word' id='word_1_141' title='bbox 628 1462 684 1490; x_wconf 77' lang='lat' dir='ltr'>xv</span> <span class='ocrx_word' id='word_1_142' title='bbox 707 1446 811 1498; x_wconf 89' lang='lat' dir='ltr'>dies,</span> <span class='ocrx_word' id='word_1_143' title='bbox 841 1459 881 1490; x_wconf 90' lang='lat' dir='ltr'>et</span> <span class='ocrx_word' id='word_1_144' title='bbox 912 1446 993 1491; x_wconf 90' lang='lat' dir='ltr'>fuit</span> <span class='ocrx_word' id='word_1_145' title='bbox 1026 1445 1152 1504; x_wconf 81' lang='lat' dir='ltr'>judex</span> <span class='ocrx_word' id='word_1_146' title='bbox 1193 1445 1243 1490; x_wconf 90' lang='lat' dir='ltr'>de</span> <span class='ocrx_word' id='word_1_147' title='bbox 1281 1445 1361 1490; x_wconf 88' lang='lat' dir='ltr'>hoc</span> <span class='ocrx_word' id='word_1_148' title='bbox 1385 1455 1401 1478; x_wconf 81' lang='lat'><strong>4</strong></span> <span class='ocrx_word' id='word_1_149' title='bbox 1429 1445 1608 1490; x_wconf 73' lang='lat' dir='ltr'>ballivus</span> <span class='ocrx_word' id='word_1_150' title='bbox 1635 1446 1979 1500; x_wconf 84' lang='lat' dir='ltr'>Silvanectensis‚</span> 
     </span>
    </p>
   </div>
   <div class='ocr_carea' id='block_1_3' title="bbox 340 1529 1982 1589">
    <p class='ocr_par' dir='ltr' id='par_1_6' title="bbox 340 1529 1982 1589">
     <span class='ocr_line' id='line_1_17' title="bbox 340 1529 1982 1589; baseline -0.001 -13"><span class='ocrx_word' id='word_1_151' title='bbox 340 1545 380 1576; x_wconf 90' lang='lat' dir='ltr'>et</span> <span class='ocrx_word' id='word_1_152' title='bbox 419 1533 496 1575; x_wconf 85' lang='lat' dir='ltr'>viri</span> <span class='ocrx_word' id='word_1_153' title='bbox 535 1533 708 1589; x_wconf 74' lang='lat' dir='ltr'>justitiae</span> <span class='ocrx_word' id='word_1_154' title='bbox 752 1530 803 1574; x_wconf 89' lang='lat' dir='ltr'>de</span> <span class='ocrx_word' id='word_1_155' title='bbox 843 1531 1106 1589; x_wconf 82' lang='lat' dir='ltr'>Latigniaco.</span> <span class='ocrx_word' id='word_1_156' title='bbox 1152 1530 1269 1573; x_wconf 77' lang='lat' dir='ltr'>Dixit</span> <span class='ocrx_word' id='word_1_157' title='bbox 1306 1531 1433 1573; x_wconf 87' lang='lat' dir='ltr'>etiam</span> <span class='ocrx_word' id='word_1_158' title='bbox 1472 1529 1587 1589; x_wconf 88' lang='lat' dir='ltr'>quod</span> <span class='ocrx_word' id='word_1_159' title='bbox 1616 1531 1703 1588; x_wconf 87' lang='lat' dir='ltr'>ipsa</span> <span class='ocrx_word' id='word_1_160' title='bbox 1740 1530 1982 1589; x_wconf 86' lang='lat' dir='ltr'>requirebat</span> 
     </span>
    </p>
   </div>
   <div class='ocr_carea' id='block_1_4' title="bbox 335 1768 2025 2820">
    <p class='ocr_par' dir='ltr' id='par_1_7' title="bbox 339 1768 1979 1966">
     <span class='ocr_line' id='line_1_18' title="bbox 340 1768 1979 1824; baseline -0.001 -15"><span class='ocrx_word' id='word_1_161' title='bbox 340 1785 461 1824; x_wconf 88' lang='lat' dir='ltr'>pense</span> <span class='ocrx_word' id='word_1_162' title='bbox 484 1783 559 1824; x_wconf 84' lang='lat' dir='ltr'>que</span> <span class='ocrx_word' id='word_1_163' title='bbox 587 1770 732 1808; x_wconf 81' lang='lat' dir='ltr'>saincte</span> <span class='ocrx_word' id='word_1_164' title='bbox 760 1769 973 1808; x_wconf 83' lang='lat' dir='ltr'>Katherine</span> <span class='ocrx_word' id='word_1_165' title='bbox 1005 1779 1041 1808; x_wconf 88' lang='lat' dir='ltr'>et</span> <span class='ocrx_word' id='word_1_166' title='bbox 1066 1770 1212 1808; x_wconf 79' lang='lat' dir='ltr'>saincte</span> <span class='ocrx_word' id='word_1_167' title='bbox 1243 1769 1481 1823; x_wconf 77' lang='lat' dir='ltr'>Marguerite</span> <span class='ocrx_word' id='word_1_168' title='bbox 1514 1768 1547 1807; x_wconf 89' lang='lat' dir='ltr'>la</span> <span class='ocrx_word' id='word_1_169' title='bbox 1582 1768 1866 1809; x_wconf 67' lang='lat' dir='ltr'>delesseroient</span> <span class='ocrx_word' id='word_1_170' title='bbox 1896 1779 1979 1808; x_wconf 88' lang='lat' dir='ltr'>tan-</span> 
     </span>
     <span class='ocr_line' id='line_1_19' title="bbox 339 1840 1976 1894; baseline 0 -13"><span class='ocrx_word' id='word_1_171' title='bbox 339 1852 429 1881; x_wconf 88' lang='lat' dir='ltr'>tost.</span> <span class='ocrx_word' id='word_1_172' title='bbox 456 1843 501 1881; x_wconf 73' lang='lat' dir='ltr'>Et</span> <span class='ocrx_word' id='word_1_173' title='bbox 522 1842 655 1889; x_wconf 87' lang='lat' dir='ltr'>croist,</span> <span class='ocrx_word' id='word_1_174' title='bbox 680 1855 726 1880; x_wconf 89' lang='lat' dir='ltr'>en</span> <span class='ocrx_word' id='word_1_175' title='bbox 751 1841 1028 1894; x_wconf 73' lang='lat' dir='ltr'>respondanta</span> <span class='ocrx_word' id='word_1_176' title='bbox 1055 1840 1213 1880; x_wconf 83' lang='lat' dir='ltr'>l&#39;article</span> <span class='ocrx_word' id='word_1_177' title='bbox 1239 1841 1466 1893; x_wconf 64' lang='lat' dir='ltr'>precedant,</span> <span class='ocrx_word' id='word_1_178' title='bbox 1491 1854 1542 1879; x_wconf 88' lang='lat' dir='ltr'>on</span> <span class='ocrx_word' id='word_1_179' title='bbox 1569 1853 1617 1879; x_wconf 90' lang='lat' dir='ltr'>ne</span> <span class='ocrx_word' id='word_1_180' title='bbox 1643 1841 1739 1889; x_wconf 80' lang='lat' dir='ltr'>scait</span> <span class='ocrx_word' id='word_1_181' title='bbox 1765 1850 1854 1894; x_wconf 88' lang='lat' dir='ltr'>trop</span> <span class='ocrx_word' id='word_1_182' title='bbox 1885 1855 1976 1881; x_wconf 86' lang='lat' dir='ltr'>nec-</span> 
     </span>
     <span class='ocr_line' id='line_1_20' title="bbox 339 1914 794 1966; baseline -0.004 -14"><span class='ocrx_word' id='word_1_183' title='bbox 339 1924 451 1966; x_wconf 72' lang='lat' dir='ltr'>toyer</span> <span class='ocrx_word' id='word_1_184' title='bbox 474 1927 511 1952; x_wconf 87' lang='lat' dir='ltr'>sa</span> <span class='ocrx_word' id='word_1_185' title='bbox 544 1914 794 1952; x_wconf 88' lang='lat' dir='ltr'>conscience.</span> 
     </span>
    </p>

    <p class='ocr_par' dir='ltr' id='par_1_8' title="bbox 336 1983 1976 2252">
     <span class='ocr_line' id='line_1_21' title="bbox 393 1983 1976 2037; baseline 0.001 -15"><span class='ocrx_word' id='word_1_186' title='bbox 393 1986 647 2037; x_wconf 73' lang='lat' dir='ltr'>Interroguee</span> <span class='ocrx_word' id='word_1_187' title='bbox 671 1999 724 2031; x_wconf 84' lang='lat' dir='ltr'>se,</span> <span class='ocrx_word' id='word_1_188' title='bbox 756 1985 896 2036; x_wconf 87' lang='lat' dir='ltr'>depuis</span> <span class='ocrx_word' id='word_1_189' title='bbox 918 1983 1062 2037; x_wconf 74' lang='lat' dir='ltr'>qu&#39;elle</span> <span class='ocrx_word' id='word_1_190' title='bbox 1094 1993 1150 2022; x_wconf 79' lang='lat' dir='ltr'>est</span> <span class='ocrx_word' id='word_1_191' title='bbox 1171 1997 1218 2022; x_wconf 86' lang='lat' dir='ltr'>en</span> <span class='ocrx_word' id='word_1_192' title='bbox 1244 1994 1347 2022; x_wconf 80' lang='lat' dir='ltr'>ceste</span> <span class='ocrx_word' id='word_1_193' title='bbox 1369 1986 1520 2036; x_wconf 80' lang='lat' dir='ltr'>prison,</span> <span class='ocrx_word' id='word_1_194' title='bbox 1544 1998 1563 2023; x_wconf 86' lang='lat' dir='ltr'>a</span> <span class='ocrx_word' id='word_1_195' title='bbox 1589 1985 1703 2037; x_wconf 88' lang='lat' dir='ltr'>point</span> <span class='ocrx_word' id='word_1_196' title='bbox 1728 1985 1902 2037; x_wconf 68' lang='lat' dir='ltr'>regnoye</span> <span class='ocrx_word' id='word_1_197' title='bbox 1924 1997 1976 2023; x_wconf 90' lang='lat' dir='ltr'>ou</span> 
     </span>
     <span class='ocr_line' id='line_1_22' title="bbox 338 2055 1973 2109; baseline 0 -15"><span class='ocrx_word' id='word_1_198' title='bbox 338 2056 510 2109; x_wconf 71' lang='lat' dir='ltr'>malgree</span> <span class='ocrx_word' id='word_1_199' title='bbox 531 2056 631 2094; x_wconf 87' lang='lat' dir='ltr'>Dieu</span> <span class='ocrx_word' id='word_1_200' title='bbox 658 2070 664 2093; x_wconf 91' lang='lat'><strong>:</strong></span> <span class='ocrx_word' id='word_1_201' title='bbox 690 2055 862 2107; x_wconf 87' lang='lat' dir='ltr'>respond</span> <span class='ocrx_word' id='word_1_202' title='bbox 885 2069 961 2108; x_wconf 84' lang='lat' dir='ltr'>que</span> <span class='ocrx_word' id='word_1_203' title='bbox 988 2069 1093 2101; x_wconf 78' lang='lat' dir='ltr'>non3</span> <span class='ocrx_word' id='word_1_204' title='bbox 1131 2065 1167 2093; x_wconf 87' lang='lat' dir='ltr'>et</span> <span class='ocrx_word' id='word_1_205' title='bbox 1197 2069 1273 2108; x_wconf 78' lang='lat' dir='ltr'>que</span> <span class='ocrx_word' id='word_1_206' title='bbox 1308 2069 1480 2094; x_wconf 86' lang='lat' dir='ltr'>aucunes</span> <span class='ocrx_word' id='word_1_207' title='bbox 1512 2056 1601 2103; x_wconf 89' lang='lat' dir='ltr'>fois,</span> <span class='ocrx_word' id='word_1_208' title='bbox 1633 2064 1755 2108; x_wconf 89' lang='lat' dir='ltr'>quant</span> <span class='ocrx_word' id='word_1_209' title='bbox 1779 2055 1854 2094; x_wconf 87' lang='lat' dir='ltr'>elle</span> <span class='ocrx_word' id='word_1_210' title='bbox 1888 2055 1942 2094; x_wconf 90' lang='lat' dir='ltr'>dit</span> <span class='ocrx_word' id='word_1_211' title='bbox 1966 2070 1973 2094; x_wconf 91' lang='lat'>:</span> 
     </span>
     <span class='ocr_line' id='line_1_23' title="bbox 338 2126 1976 2180; baseline 0 -15"><span class='ocrx_word' id='word_1_212' title='bbox 338 2143 356 2164; x_wconf 72' lang='grc' dir='ltr'>α</span> <span class='ocrx_word' id='word_1_213' title='bbox 391 2129 474 2165; x_wconf 86' lang='lat' dir='ltr'>Bon</span> <span class='ocrx_word' id='word_1_214' title='bbox 497 2129 563 2180; x_wconf 75' lang='lat' dir='ltr'>gre</span> <span class='ocrx_word' id='word_1_215' title='bbox 599 2128 697 2165; x_wconf 84' lang='lat' dir='ltr'>Dieu</span> <span class='ocrx_word' id='word_1_216' title='bbox 733 2144 750 2162; x_wconf 85' lang='lat'>»</span> <span class='ocrx_word' id='word_1_217' title='bbox 778 2140 829 2165; x_wconf 91' lang='lat' dir='ltr'>ou</span> <span class='ocrx_word' id='word_1_218' title='bbox 858 2127 994 2164; x_wconf 84' lang='lat' dir='ltr'>«saint</span> <span class='ocrx_word' id='word_1_219' title='bbox 1025 2127 1149 2175; x_wconf 68' lang='lat' dir='ltr'>Jelian</span> <span class='ocrx_word' id='word_1_220' title='bbox 1184 2142 1202 2162; x_wconf 64' lang='lat'>&gt;³</span> <span class='ocrx_word' id='word_1_221' title='bbox 1235 2140 1287 2165; x_wconf 91' lang='lat' dir='ltr'>ou</span> <span class='ocrx_word' id='word_1_222' title='bbox 1312 2143 1329 2162; x_wconf 89' lang='lat'>«</span> <span class='ocrx_word' id='word_1_223' title='bbox 1354 2128 1497 2166; x_wconf 78' lang='lat' dir='ltr'>Nostre</span> <span class='ocrx_word' id='word_1_224' title='bbox 1539 2128 1662 2166; x_wconf 84' lang='lat' dir='ltr'>Dame</span> <span class='ocrx_word' id='word_1_225' title='bbox 1698 2143 1733 2174; x_wconf 82' lang='lat'>›&gt;,</span> <span class='ocrx_word' id='word_1_226' title='bbox 1769 2126 1880 2166; x_wconf 81' lang='lat' dir='ltr'>ceulx</span> <span class='ocrx_word' id='word_1_227' title='bbox 1909 2127 1976 2180; x_wconf 90' lang='lat' dir='ltr'>qui</span> 
     </span>
     <span class='ocr_line' id='line_1_24' title="bbox 336 2197 1256 2252; baseline -0.003 -15"><span class='ocrx_word' id='word_1_228' title='bbox 336 2208 480 2252; x_wconf 75' lang='lat' dir='ltr'>pevent</span> <span class='ocrx_word' id='word_1_229' title='bbox 501 2199 610 2237; x_wconf 69' lang='lat' dir='ltr'>avoir</span> <span class='ocrx_word' id='word_1_230' title='bbox 635 2199 819 2251; x_wconf 69' lang='lat' dir='ltr'>rapporte</span> <span class='ocrx_word' id='word_1_231' title='bbox 842 2208 911 2236; x_wconf 91' lang='lat' dir='ltr'>ont</span> <span class='ocrx_word' id='word_1_232' title='bbox 931 2197 1006 2236; x_wconf 85' lang='lat' dir='ltr'>mal</span> <span class='ocrx_word' id='word_1_233' title='bbox 1030 2198 1203 2236; x_wconf 85' lang='lat' dir='ltr'>entendu</span> <span class='ocrx_word' id='word_1_234' title='bbox 1233 2205 1256 2234; x_wconf 76' lang='lat'>5.</span> 
     </span>
    </p>

    <p class='ocr_par' dir='ltr' id='par_1_9' title="bbox 335 2268 2025 2452">
     <span class='ocr_line' id='line_1_25' title="bbox 391 2268 2025 2323; baseline -0.001 -14"><span class='ocrx_word' id='word_1_235' title='bbox 391 2271 664 2323; x_wconf 70' lang='lat' dir='ltr'>Interroguee,</span> <span class='ocrx_word' id='word_1_236' title='bbox 688 2284 727 2308; x_wconf 85' lang='lat' dir='ltr'>se</span> <span class='ocrx_word' id='word_1_237' title='bbox 753 2270 799 2307; x_wconf 88' lang='lat' dir='ltr'>de</span> <span class='ocrx_word' id='word_1_238' title='bbox 829 2269 995 2322; x_wconf 81' lang='lat' dir='ltr'>prendre</span> <span class='ocrx_word' id='word_1_239' title='bbox 1017 2283 1098 2321; x_wconf 74' lang='lat' dir='ltr'>ung</span> <span class='ocrx_word' id='word_1_240' title='bbox 1122 2270 1285 2307; x_wconf 80' lang='lat' dir='ltr'>homme</span> <span class='ocrx_word' id='word_1_241' title='bbox 1316 2269 1335 2306; x_wconf 72' lang='lat' dir='ltr'>a</span> <span class='ocrx_word' id='word_1_242' title='bbox 1357 2282 1545 2317; x_wconf 74' lang='lat' dir='ltr'>rac-neon,</span> <span class='ocrx_word' id='word_1_243' title='bbox 1572 2279 1609 2308; x_wconf 89' lang='lat' dir='ltr'>et</span> <span class='ocrx_word' id='word_1_244' title='bbox 1639 2269 1672 2307; x_wconf 88' lang='lat' dir='ltr'>le</span> <span class='ocrx_word' id='word_1_245' title='bbox 1701 2268 1794 2308; x_wconf 85' lang='lat' dir='ltr'>faire</span> <span class='ocrx_word' id='word_1_246' title='bbox 1825 2269 1977 2308; x_wconf 88' lang='lat' dir='ltr'>mourir</span> <span class='ocrx_word' id='word_1_247' title='bbox 2021 2297 2025 2301; x_wconf 41' lang='grc' dir='ltr'><em>ι</em></span> 
     </span>
     <span class='ocr_line' id='line_1_26' title="bbox 335 2339 1973 2395; baseline -0.001 -15"><span class='ocrx_word' id='word_1_248' title='bbox 335 2343 577 2395; x_wconf 79' lang='lat' dir='ltr'>prisonnier,</span> <span class='ocrx_word' id='word_1_249' title='bbox 608 2354 651 2380; x_wconf 91' lang='lat' dir='ltr'>ce</span> <span class='ocrx_word' id='word_1_250' title='bbox 682 2340 775 2379; x_wconf 85' lang='lat' dir='ltr'>c&#39;est</span> <span class='ocrx_word' id='word_1_251' title='bbox 806 2340 918 2393; x_wconf 89' lang='lat' dir='ltr'>point</span> <span class='ocrx_word' id='word_1_252' title='bbox 947 2340 1083 2392; x_wconf 70' lang='lat' dir='ltr'>pechic&#39;·</span> <span class='ocrx_word' id='word_1_253' title='bbox 1113 2339 1253 2378; x_wconf 89' lang='lat' dir='ltr'>mortel</span> <span class='ocrx_word' id='word_1_254' title='bbox 1283 2353 1289 2378; x_wconf 91' lang='lat'>:</span> <span class='ocrx_word' id='word_1_255' title='bbox 1328 2341 1500 2392; x_wconf 84' lang='lat' dir='ltr'>respond</span> <span class='ocrx_word' id='word_1_256' title='bbox 1527 2340 1667 2394; x_wconf 84' lang='lat' dir='ltr'>qu’elle</span> <span class='ocrx_word' id='word_1_257' title='bbox 1700 2354 1747 2378; x_wconf 93' lang='lat' dir='ltr'>ne</span> <span class='ocrx_word' id='word_1_258' title='bbox 1779 2339 1827 2378; x_wconf 83' lang='lat' dir='ltr'>l’a</span> <span class='ocrx_word' id='word_1_259' title='bbox 1858 2341 1973 2393; x_wconf 85' lang='lat' dir='ltr'>point</span> 
     </span>
     <span class='ocr_line' id='line_1_27' title="bbox 336 2413 420 2452; baseline 0.012 -1"><span class='ocrx_word' id='word_1_260' title='bbox 336 2413 420 2452; x_wconf 86' lang='lat' dir='ltr'>fait.</span> 
     </span>
    </p>

    <p class='ocr_par' dir='ltr' id='par_1_10' title="bbox 336 2482 1982 2820">
     <span class='ocr_line' id='line_1_28' title="bbox 392 2482 1973 2538; baseline -0.002 -15"><span class='ocrx_word' id='word_1_261' title='bbox 392 2486 439 2523; x_wconf 87' lang='lat' dir='ltr'>Et</span> <span class='ocrx_word' id='word_1_262' title='bbox 463 2498 566 2538; x_wconf 90' lang='lat' dir='ltr'>pour</span> <span class='ocrx_word' id='word_1_263' title='bbox 589 2498 632 2522; x_wconf 89' lang='lat' dir='ltr'>ce</span> <span class='ocrx_word' id='word_1_264' title='bbox 659 2497 736 2537; x_wconf 89' lang='lat' dir='ltr'>que</span> <span class='ocrx_word' id='word_1_265' title='bbox 757 2496 808 2521; x_wconf 94' lang='lat' dir='ltr'>on</span> <span class='ocrx_word' id='word_1_266' title='bbox 835 2482 903 2535; x_wconf 78' lang='lat' dir='ltr'>luy</span> <span class='ocrx_word' id='word_1_267' title='bbox 927 2482 1070 2535; x_wconf 84' lang='lat' dir='ltr'>parloit</span> <span class='ocrx_word' id='word_1_268' title='bbox 1095 2482 1188 2521; x_wconf 89' lang='lat' dir='ltr'>d’un</span> <span class='ocrx_word' id='word_1_269' title='bbox 1216 2484 1378 2521; x_wconf 71' lang='lat' dir='ltr'>nonime</span> <span class='ocrx_word' id='word_1_270' title='bbox 1402 2483 1596 2535; x_wconf 83' lang='lat' dir='ltr'>Franquet</span> <span class='ocrx_word' id='word_1_271' title='bbox 1620 2482 1790 2529; x_wconf 84' lang='lat' dir='ltr'>d‘Arras,</span> <span class='ocrx_word' id='word_1_272' title='bbox 1821 2495 1896 2535; x_wconf 88' lang='lat' dir='ltr'>que</span> <span class='ocrx_word' id='word_1_273' title='bbox 1921 2495 1973 2521; x_wconf 91' lang='lat' dir='ltr'>on</span> 
     </span>
     <span class='ocr_line' id='line_1_29' title="bbox 337 2552 1974 2607; baseline -0.001 -13"><span class='ocrx_word' id='word_1_274' title='bbox 337 2556 400 2594; x_wconf 83' lang='lat' dir='ltr'>fist</span> <span class='ocrx_word' id='word_1_275' title='bbox 422 2556 575 2594; x_wconf 87' lang='lat' dir='ltr'>mourir</span> <span class='ocrx_word' id='word_1_276' title='bbox 599 2556 617 2593; x_wconf 76' lang='lat' dir='ltr'>a</span> <span class='ocrx_word' id='word_1_277' title='bbox 640 2556 792 2607; x_wconf 69' lang='lat' dir='ltr'>Laigny</span> <span class='ocrx_word' id='word_1_278' title='bbox 818 2568 824 2592; x_wconf 94' lang='lat'>:</span> <span class='ocrx_word' id='word_1_279' title='bbox 848 2555 1019 2606; x_wconf 85' lang='lat' dir='ltr'>respond</span> <span class='ocrx_word' id='word_1_280' title='bbox 1042 2553 1185 2602; x_wconf 78' lang='lat' dir='ltr'>qu’elle</span> <span class='ocrx_word' id='word_1_281' title='bbox 1211 2553 1267 2592; x_wconf 88' lang='lat' dir='ltr'>fut</span> <span class='ocrx_word' id='word_1_282' title='bbox 1293 2563 1549 2592; x_wconf 88' lang='lat' dir='ltr'>consentante</span> <span class='ocrx_word' id='word_1_283' title='bbox 1569 2554 1616 2592; x_wconf 89' lang='lat' dir='ltr'>de</span> <span class='ocrx_word' id='word_1_284' title='bbox 1641 2553 1709 2605; x_wconf 87' lang='lat' dir='ltr'>luy</span> <span class='ocrx_word' id='word_1_285' title='bbox 1745 2553 1792 2592; x_wconf 91' lang='lat' dir='ltr'>de</span> <span class='ocrx_word' id='word_1_286' title='bbox 1819 2553 1855 2592; x_wconf 90' lang='lat' dir='ltr'>le</span> <span class='ocrx_word' id='word_1_287' title='bbox 1879 2552 1974 2592; x_wconf 91' lang='lat' dir='ltr'>faire</span> 
     </span>
     <span class='ocr_line' id='line_1_30' title="bbox 336 2624 1972 2677; baseline -0.002 -12"><span class='ocrx_word' id='word_1_288' title='bbox 336 2628 502 2674; x_wconf 85' lang='lat' dir='ltr'>mourir,</span> <span class='ocrx_word' id='word_1_289' title='bbox 523 2640 563 2665; x_wconf 90' lang='lat' dir='ltr'>se</span> <span class='ocrx_word' id='word_1_290' title='bbox 587 2626 612 2665; x_wconf 87' lang='lat' dir='ltr'>il</span> <span class='ocrx_word' id='word_1_291' title='bbox 638 2626 772 2665; x_wconf 82' lang='lat' dir='ltr'>l’avoit</span> <span class='ocrx_word' id='word_1_292' title='bbox 796 2625 963 2672; x_wconf 75' lang='lat' dir='ltr'>deservi,</span> <span class='ocrx_word' id='word_1_293' title='bbox 985 2638 1086 2677; x_wconf 88' lang='lat' dir='ltr'>pour</span> <span class='ocrx_word' id='word_1_294' title='bbox 1110 2638 1153 2663; x_wconf 87' lang='lat' dir='ltr'>ce</span> <span class='ocrx_word' id='word_1_295' title='bbox 1175 2625 1269 2677; x_wconf 86' lang='lat' dir='ltr'>qu’il</span> <span class='ocrx_word' id='word_1_296' title='bbox 1291 2624 1471 2664; x_wconf 87' lang='lat' dir='ltr'>confessa</span> <span class='ocrx_word' id='word_1_297' title='bbox 1495 2634 1594 2663; x_wconf 88' lang='lat' dir='ltr'>estre</span> <span class='ocrx_word' id='word_1_298' title='bbox 1611 2624 1817 2672; x_wconf 84' lang='lat' dir='ltr'>murdrier,</span> <span class='ocrx_word' id='word_1_299' title='bbox 1843 2624 1972 2662; x_wconf 86' lang='lat' dir='ltr'>larron</span> 
     </span>
     <span class='ocr_line' id='line_1_31' title="bbox 336 2695 1982 2749; baseline -0.003 -11"><span class='ocrx_word' id='word_1_300' title='bbox 336 2708 373 2738; x_wconf 87' lang='lat' dir='ltr'>et</span> <span class='ocrx_word' id='word_1_301' title='bbox 403 2698 571 2737; x_wconf 86' lang='lat' dir='ltr'>traictre.</span> <span class='ocrx_word' id='word_1_302' title='bbox 592 2698 639 2736; x_wconf 87' lang='lat' dir='ltr'>Et</span> <span class='ocrx_word' id='word_1_303' title='bbox 658 2697 712 2736; x_wconf 90' lang='lat' dir='ltr'>dit</span> <span class='ocrx_word' id='word_1_304' title='bbox 733 2711 809 2749; x_wconf 88' lang='lat' dir='ltr'>que</span> <span class='ocrx_word' id='word_1_305' title='bbox 835 2710 907 2735; x_wconf 88' lang='lat' dir='ltr'>son</span> <span class='ocrx_word' id='word_1_306' title='bbox 930 2698 1069 2748; x_wconf 70' lang='lat' dir='ltr'>proces</span> <span class='ocrx_word' id='word_1_307' title='bbox 1091 2697 1186 2734; x_wconf 83' lang='lat' dir='ltr'>dura</span> <span class='ocrx_word' id='word_1_308' title='bbox 1211 2709 1276 2734; x_wconf 73' lang='lat' dir='ltr'>xv.</span> <span class='ocrx_word' id='word_1_309' title='bbox 1301 2697 1422 2747; x_wconf 82' lang='lat' dir='ltr'>jours,</span> <span class='ocrx_word' id='word_1_310' title='bbox 1453 2706 1490 2734; x_wconf 87' lang='lat' dir='ltr'>et</span> <span class='ocrx_word' id='word_1_311' title='bbox 1514 2709 1563 2734; x_wconf 88' lang='lat' dir='ltr'>en</span> <span class='ocrx_word' id='word_1_312' title='bbox 1590 2695 1648 2734; x_wconf 82' lang='lat' dir='ltr'>fut</span> <span class='ocrx_word' id='word_1_313' title='bbox 1667 2697 1758 2748; x_wconf 83' lang='lat' dir='ltr'>juge</span> <span class='ocrx_word' id='word_1_314' title='bbox 1786 2695 1821 2734; x_wconf 93' lang='lat' dir='ltr'>le</span> <span class='ocrx_word' id='word_1_315' title='bbox 1851 2695 1982 2734; x_wconf 78' lang='lat' dir='ltr'>baillif</span> 
     </span>
     <span class='ocr_line' id='line_1_32' title="bbox 337 2765 1973 2820; baseline -0.001 -13"><span class='ocrx_word' id='word_1_316' title='bbox 337 2768 384 2807; x_wconf 89' lang='lat' dir='ltr'>de</span> <span class='ocrx_word' id='word_1_317' title='bbox 409 2768 553 2815; x_wconf 86' lang='lat' dir='ltr'>Senlis‚</span> <span class='ocrx_word' id='word_1_318' title='bbox 579 2777 617 2807; x_wconf 93' lang='lat' dir='ltr'>et</span> <span class='ocrx_word' id='word_1_319' title='bbox 635 2767 749 2806; x_wconf 85' lang='lat' dir='ltr'>ceulx</span> <span class='ocrx_word' id='word_1_320' title='bbox 773 2767 820 2806; x_wconf 88' lang='lat' dir='ltr'>de</span> <span class='ocrx_word' id='word_1_321' title='bbox 841 2767 876 2806; x_wconf 86' lang='lat' dir='ltr'>la</span> <span class='ocrx_word' id='word_1_322' title='bbox 895 2767 1034 2819; x_wconf 90' lang='lat' dir='ltr'>justice</span> <span class='ocrx_word' id='word_1_323' title='bbox 1063 2767 1110 2805; x_wconf 81' lang='lat' dir='ltr'>de</span> <span class='ocrx_word' id='word_1_324' title='bbox 1133 2767 1297 2819; x_wconf 72' lang='lat' dir='ltr'>Laigny.</span> <span class='ocrx_word' id='word_1_325' title='bbox 1323 2768 1369 2805; x_wconf 87' lang='lat' dir='ltr'>Et</span> <span class='ocrx_word' id='word_1_326' title='bbox 1396 2767 1451 2806; x_wconf 91' lang='lat' dir='ltr'>dit</span> <span class='ocrx_word' id='word_1_327' title='bbox 1481 2765 1625 2820; x_wconf 88' lang='lat' dir='ltr'>qu’elle</span> <span class='ocrx_word' id='word_1_328' title='bbox 1644 2767 1845 2820; x_wconf 73' lang='lat' dir='ltr'>requeroit</span> <span class='ocrx_word' id='word_1_329' title='bbox 1864 2767 1973 2805; x_wconf 83' lang='lat' dir='ltr'>avoir</span> 
     </span>
    </p>
   </div>
   <div class='ocr_carea' id='block_1_5' title="bbox 339 3002 1970 3114">
    <p class='ocr_par' dir='ltr' id='par_1_11' title="bbox 339 3002 1970 3114">
     <span class='ocr_line' id='line_1_33' title="bbox 388 3002 1970 3054; baseline -0.001 -11"><span class='ocrx_word' id='word_1_330' title='bbox 388 3021 414 3043; x_wconf 92' lang='lat'>1.</span> <span class='ocrx_word' id='word_1_331' title='bbox 439 3009 536 3044; x_wconf 68' lang='grc' dir='ltr'>ΑΒΕ</span> <span class='ocrx_word' id='word_1_332' title='bbox 556 3022 599 3044; x_wconf 87' lang='lat' dir='ltr'>en</span> <span class='ocrx_word' id='word_1_333' title='bbox 631 3020 748 3053; x_wconf 78' lang='lat' dir='ltr'>marge</span> <span class='ocrx_word' id='word_1_334' title='bbox 784 3021 790 3043; x_wconf 78' lang='lat' dir='ltr'>z</span> <span class='ocrx_word' id='word_1_335' title='bbox 821 3009 870 3043; x_wconf 82' lang='lat' dir='ltr'>De</span> <span class='ocrx_word' id='word_1_336' title='bbox 895 3008 1105 3053; x_wconf 47' lang='lat' dir='ltr'>denegatione</span> <span class='ocrx_word' id='word_1_337' title='bbox 1134 3009 1212 3044; x_wconf 58' lang='lat' dir='ltr'>Daci.</span> <span class='ocrx_word' id='word_1_338' title='bbox 1240 3030 1285 3033; x_wconf 91' lang='lat'>——</span> <span class='ocrx_word' id='word_1_339' title='bbox 1312 3019 1344 3042; x_wconf 86' lang='lat'>2.</span> <span class='ocrx_word' id='word_1_340' title='bbox 1380 3009 1414 3052; x_wconf 21' lang='lat' dir='ltr'>&#39;Q</span> <span class='ocrx_word' id='word_1_341' title='bbox 1428 3017 1526 3043; x_wconf 90' lang='lat' dir='ltr'>omet</span> <span class='ocrx_word' id='word_1_342' title='bbox 1545 3008 1640 3054; x_wconf 80' lang='lat' dir='ltr'>quod.</span> <span class='ocrx_word' id='word_1_343' title='bbox 1673 3002 1717 3033; x_wconf 43' lang='lat'>—¹</span> <span class='ocrx_word' id='word_1_344' title='bbox 1747 3007 1895 3053; x_wconf 82' lang='lat' dir='ltr'><em>3.·ABC</em></span> <span class='ocrx_word' id='word_1_345' title='bbox 1926 3019 1970 3043; x_wconf 85' lang='lat' dir='ltr'>en</span> 
     </span>
     <span class='ocr_line' id='line_1_34' title="bbox 339 3067 1967 3114; baseline 0 -12"><span class='ocrx_word' id='word_1_346' title='bbox 339 3081 457 3114; x_wconf 77' lang='lat' dir='ltr'>marge</span> <span class='ocrx_word' id='word_1_347' title='bbox 482 3081 488 3102; x_wconf 76' lang='lat' dir='ltr'>t</span> <span class='ocrx_word' id='word_1_348' title='bbox 512 3069 678 3114; x_wconf 68' lang='lat' dir='ltr'>Frunqzzel</span> <span class='ocrx_word' id='word_1_349' title='bbox 709 3068 864 3102; x_wconf 57' lang='grc' dir='ltr'>ιίἈννιις.</span> <span class='ocrx_word' id='word_1_350' title='bbox 892 3089 936 3093; x_wconf 73' lang='lat'>——-</span> <span class='ocrx_word' id='word_1_351' title='bbox 966 3078 1001 3109; x_wconf 74' lang='lat'>4,</span> <span class='ocrx_word' id='word_1_352' title='bbox 1036 3068 1065 3102; x_wconf 88' lang='lat' dir='ltr'>C</span> <span class='ocrx_word' id='word_1_353' title='bbox 1089 3081 1098 3101; x_wconf 93' lang='grc'>.·</span> <span class='ocrx_word' id='word_1_354' title='bbox 1119 3071 1186 3113; x_wconf 73' lang='lat' dir='ltr'>ejus</span> <span class='ocrx_word' id='word_1_355' title='bbox 1205 3080 1246 3102; x_wconf 74' lang='lat' dir='ltr'>au</span> <span class='ocrx_word' id='word_1_356' title='bbox 1269 3068 1335 3102; x_wconf 85' lang='lat' dir='ltr'>lieu</span> <span class='ocrx_word' id='word_1_357' title='bbox 1359 3069 1400 3102; x_wconf 81' lang='lat' dir='ltr'>de</span> <span class='ocrx_word' id='word_1_358' title='bbox 1427 3068 1464 3101; x_wconf 68' lang='lat' dir='ltr'>tle</span> <span class='ocrx_word' id='word_1_359' title='bbox 1480 3068 1544 3102; x_wconf 69' lang='lat' dir='ltr'>hoc.</span> <span class='ocrx_word' id='word_1_360' title='bbox 1578 3089 1622 3092; x_wconf 97' lang='lat'><strong>—</strong></span> <span class='ocrx_word' id='word_1_361' title='bbox 1654 3078 1682 3110; x_wconf 76' lang='lat'>5.</span> <span class='ocrx_word' id='word_1_362' title='bbox 1707 3067 1967 3102; x_wconf 68' lang='lat' dir='ltr'>Ms.:‹10tend1‹.</span> 
     </span>
    </p>
   </div>
  </div>
 </body>
</html>
