2099 3356
356 181 516 227 Paociss
552 196 607 226 DE
639 195 989 228 coNDAMNATroN
1023 198 1079 227 DE
1110 198 1276 239 JEANNE
1310 183 1467 229 D'ARo
1664 196 1711 239 95

77 294 246 340 mittere
269 293 386 352 quod
416 293 476 339 illi
505 293 556 340 de
603 307 717 352 parte
758 311 849 348 sua,
885 297 960 353 qui
988 295 1190 341 viderunt
1229 297 1406 354 signum
1444 295 1717 353 praedictum,

80 376 275 424 viderent
296 378 454 435 ipsum.

132 460 396 517 Interrogata
417 471 565 506 utrum
594 476 664 506 rex
681 477 785 507 suus
818 473 859 506 et
884 462 971 519 ipsa
997 461 1192 507 fecerunt
1223 461 1412 520 aliquam
1441 463 1720 508 reverentiam

76 542 244 601 angelo,
274 542 450 601 quando
476 544 621 591 attulit
666 546 840 602 signum
882 544 1131 603 praedictum
1166 563 1173 590 :
1216 544 1436 604 respondit
1477 545 1595 604 quod
1636 547 1725 604 ipsa

75 625 173 673 fecit
199 628 498 681 reverentiam,
518 640 559 674 et
584 627 701 674 flexit
721 644 878 687 genua,
908 642 948 674 et
975 628 1266 687 discooperuit
1292 642 1418 687 caput
1440 645 1585 674 suum.

534 814 647 841 LUNAE
676 814 746 840 XII.
778 814 930 842 MARTII.
964 814 1054 842 ALIA
1084 814 1210 842 SESSIO
1237 812 1264 841 ¹.

134 944 242 991 Item
270 944 398 1000 lunae,
427 959 503 990 xil.
532 944 600 992 die
628 946 789 991 mensis
815 947 974 1001 martii,
1007 944 1261 990 immediate
1288 958 1510 1005 sequente,
1551 961 1724 1004 compa-

76 1028 160 1074 ruit
179 1029 224 1073 in
248 1027 383 1074 domo
411 1020 688 1075 habitationis
710 1041 866 1075 nostrae
896 1029 1159 1086 Rothomagi
1192 1029 1414 1087 religiosus
1444 1042 1484 1073 et
1517 1028 1724 1073 discretus

76 1113 154 1167 vir,
181 1111 305 1158 frater
327 1112 548 1169 Johannes
570 1114 775 1170 Magistri,
802 1112 965 1159 ordinis
987 1114 1180 1158 Fratrum
1212 1112 1573 1174 Praedicatorum,
1594 1129 1725 1173 supe-

76 1196 161 1241 rius
183 1197 449 1253 nominatUS,
478 1198 659 1243 vicarius
701 1196 803 1242 dicti
834 1205 847 1222 ²
888 1197 1162 1256 Inquisitoris
1197 1196 1405 1241 haerericae
1436 1198 1650 1258 pravitatis
1681 1198 1725 1242 in

77 1295 208 1340 regno
235 1281 421 1326 Franciae
438 1298 449 1336 ;
479 1279 758 1339 praesentibus
802 1279 1116 1325 venerabilibus
1153 1294 1195 1324 et
1225 1279 1416 1324 discretis
1443 1281 1558 1336 viris,
1585 1280 1725 1324 domi-

77 1362 141 1406 nis
168 1373 209 1407 et
230 1362 458 1420 magistris,
489 1361 665 1406 Thoma
689 1362 841 1407 Fies-vet
869 1373 878 1399 ³
920 1374 961 1405 et
994 1362 1228 1422 Pasquerio
1266 1361 1316 1405 de
1345 1360 1556 1415 Vallibus,
1584 1361 1724 1406 decre-

75 1456 218 1491 torum
235 1443 498 1501 doctoribus,
529 1457 569 1488 et
596 1445 776 1489 Nicolao
801 1444 852 1488 de
872 1444 1094 1499 Hubento,
1120 1445 1361 1490 litterarum
1389 1445 1724 1504 apostolicarum

74 1529 292 1588 scriptore,
316 1542 356 1572 et
376 1528 502 1573 fratre
528 1528 797 1574 Ysambardo
825 1527 876 1572 de
903 1530 1041 1584 Petra,
1063 1528 1227 1573 ordinis
1248 1529 1444 1575 Fratrum
1466 1528 1726 1572 Praedicato-

75 1627 188 1658 rum.
213 1613 297 1661 Cui
318 1612 534 1673 siquidem
572 1614 731 1657 vicario
769 1629 864 1669 nos,
909 1614 1134 1674 episcopus
1167 1612 1410 1672 praedictus,
1448 1614 1726 1672 exposuimus

13 1732 15 1735 .
77 1695 194 1756 quod
234 1696 350 1751 alias,
374 1712 403 1751 a
425 1698 635 1758 principio
676 1713 896 1755 processus
923 1712 997 1756 per
1024 1713 1102 1742 nos
1130 1696 1320 1742 inchoati
1351 1698 1395 1740 in
1419 1698 1594 1743 materia
1623 1696 1723 1740 fidei

77 1791 224 1827 contra
241 1779 476 1839 quamdam
511 1780 755 1835 mulierem,
784 1780 1031 1838 johannam
1061 1781 1100 1825 liz
1126 1781 1283 1825 Pltcelle
1301 1780 1533 1839 vulgariter
1560 1796 1729 1826 nuncu-

78 1876 234 1922 patam,
264 1863 469 1910 eumdem
507 1865 716 1908 vicarium
744 1880 1116 1909 somniaveramus
1152 1876 1193 1907 et
1221 1865 1581 1925 requisiveramus
1614 1862 1664 1908 de
1686 1880 1729 1907 se

77 1946 352 2009 adjungendo
384 1950 580 2007 praesenti
612 1949 842 2008 processui,
880 1947 1109 1992 offerentes
1145 1947 1223 1991 sibi
1251 1949 1574 1992 communicare
1622 1960 1727 2000 acta,

78 2033 350 2077 munimenta
371 2045 412 2076 et
437 2032 515 2076 alia
542 2048 829 2093 quaecuinque
852 2030 1062 2076 habemus
1086 2031 1136 2077 ad
1165 2032 1388 2077 materiam
1419 2044 1459 2075 et
1479 2047 1726 2090 processum

77 2116 360 2172 pertinentia.⁷
380 2116 472 2174 Ipse
493 2132 594 2160 vero
613 2117 793 2160 vicarius
812 2132 889 2174 pro
917 2128 1020 2159 tunc
1045 2115 1277 2173 aliqualem
1300 2114 1599 2159 difficultatem
1617 2115 1730 2158 fece-

78 2211 138 2241 rat
164 2198 215 2243 de
242 2214 284 2242 se
306 2198 582 2257 adjungendo
610 2201 654 2243 in
672 2215 886 2258 processu,
912 2212 1134 2258 propterea
1159 2198 1278 2258 quod
1303 2199 1447 2243 solum
1470 2200 1730 2242 commissus

77 2295 164 2325 erat
189 2284 234 2326 in
262 2284 430 2327 civitate
467 2296 507 2327 et
533 2283 708 2328 dioecesi
734 2284 1105 2341 Rothomagensi;
1144 2299 1364 2341 processus
1404 2295 1551 2326 autem
1585 2298 1729 2326 coram

79 2366 202 2410 nobis
229 2365 517 2411 deducebatur
541 2368 704 2411 ratione
726 2366 1032 2425 jurisdictionis
1055 2379 1212 2411 nostrie
1237 2367 1519 2417 Belvacensis‚
1544 2367 1587 2409 in
1613 2367 1731 2409 terri·

81 2451 193 2494 torio
220 2450 566 2494 accommodato.
595 2450 913 2504 Quamobrem,
937 2450 988 2495 ad
1017 2452 1228 2508 majorem
1250 2452 1524 2494 securitatem
1552 2451 1731 2508 negotii,

86 2629 187 2670 Dieu
216 2628 371 2670 vouloit
392 2630 626 2684 permeictre
652 2643 729 2682 que
752 2628 865 2669 ceulx
893 2629 940 2668 de
963 2643 1035 2668 son
1063 2638 1174 2684 party
1213 2629 1281 2682 qui
1303 2629 1458 2670 veirent
1482 2627 1577 2666 ledit
1606 2628 1732 2683 signe,

81 2693 120 2741 'le
141 2701 331 2742 veissent.
1640 2750 1645 2753 ⁷

134 2773 388 2826 Interroguee
410 2786 450 2814 se
475 2787 548 2813 son
572 2786 643 2826 roy
667 2782 705 2811 et
727 2772 802 2813 elle
827 2772 941 2812 firent
968 2773 1083 2826 point
1102 2773 1149 2812 de
1170 2773 1381 2813 reve'rence
1404 2771 1595 2825 al'angle,
1614 2781 1737 2826 quant

82 2842 108 2882 il
127 2853 292 2899 apporta
316 2843 350 2885 le
375 2844 487 2898 signe
512 2858 519 2885 2
548 2844 720 2899 respond
743 2858 819 2899 que
848 2844 946 2892 ouil‚
975 2844 1122 2894 d'elle,
1157 2853 1194 2883 et
1226 2857 1265 2882 se
1295 2843 1520 2897 agenoulla,
1555 2852 1591 2882 et
1624 2842 1734 2882 oulta

86 2928 156 2953 son
176 2915 366 2968 chapeau.
464 2915 471 2922 “

138 3104 165 3127 1.
191 3094 241 3128 En
256 3106 376 3141 marge
403 3095 446 3130 de
462 3095 569 3132 ΑΒΕ.
589 3115 636 3121 -—
652 3105 683 3132 2.
713 3095 779 3131 AC
804 3107 813 3129 .·
825 3094 965 3132 domini.
987 3116 1032 3120 —
1055 3106 1083 3140 3.
1098 3096 1126 3131 Β
1146 3105 1178 3130 et
1198 3096 1232 3141 Q
1247 3096 1410 3141 .·Fiefz·ct.
