2099 3356
699 19 744 43 s

315 49 556 132 ‘lumb
582 97 589 111 =
645 61 651 92 ¹
686 58 719 99 ὃ

348 189 504 230 Ριῑοεὲς
538 201 592 229 DE
624 200 977 229 coanNATION
1012 202 1065 230 DE
1097 202 1262 243 JEANNE
1294 187 1422 232 D'ARc
1628 202 1703 245 133

66 302 188 348 vobis
207 299 329 359 quod
353 299 533 344 audietis
560 300 754 353 missam,
783 302 819 343 si
852 299 1018 343 fueritis
1045 301 1089 343 in
1116 299 1264 344 habitu
1290 299 1505 344 muliebri.
1542 318 1562 341 »
1602 302 1711 345 Res-

67 385 244 446 pondit:
279 401 299 425 «
330 385 379 428 Et
403 382 507 442 quid
541 382 680 427 dicitis
699 399 791 436 vos,
815 384 849 426 si
871 398 950 441 ego
972 385 1151 441 promisi
1186 385 1272 442 regi
1301 396 1469 438 nostro,
1499 397 1541 428 et
1574 384 1709 441 juravi

66 485 154 514 non
189 468 404 526 deponere
439 468 571 511 istum
611 466 806 511 habitum
842 475 850 492 ¹
882 468 899 510 ?
937 467 1106 510 Tamen
1143 483 1221 525 ego
1264 466 1386 511 vobis
1426 467 1667 526 respondeo
1698 485 1706 511 :

66 552 223 597 faciatis
244 551 353 595 mihi
383 550 537 594 babere
566 552 758 594 tunicam
784 550 957 607 longam
989 565 1127 609 usque
1150 550 1201 594 ad
1234 563 1406 605 terram,
1441 553 1532 595 sine
1559 550 1707 605 cauda,

67 649 108 681 et
135 634 308 679 tradatis
333 634 440 678 mihi
470 649 545 691 pro
573 632 719 677 eundo
737 633 787 677 ad
811 635 1013 687 missam3
1044 647 1084 678 et
1112 647 1276 692 postea,
1313 636 1355 678 in
1385 650 1596 692 regressu,
1629 650 1708 692 ego

71 721 227 764 iterum
252 719 414 777 capiam
440 719 573 761 istum
601 716 798 760 habitum
828 732 960 775 quem
980 716 1131 761 habeo.
1163 733 1182 756 »

122 803 283 847 Iterum
306 803 566 858 interrogata
587 813 736 844 utrum
757 813 924 859 caperet
949 799 1147 845 habitum
1170 800 1446 855 muliebrem,
1472 818 1547 859 pro
1563 801 1708 846 eundo

66 886 265 932 auditum
292 887 468 929 missam
494 902 502 928 :
535 883 756 942 respondit
787 902 795 928 ;
828 903 848 924 «
875 885 965 943 Ego
994 884 1160 929 habebo
1186 884 1420 929 consilium
1443 901 1570 943 super
1606 885 1705 939 hoc,

65 983 106 1015 et
126 983 270 1029 postea
291 969 413 1014 vobis
440 967 724 1027 respondebo.
759 986 778 1008 ))
806 968 856 1012 Et
870 968 981 1012 ultra
1003 969 1227 1027 requisivit
1253 970 1296 1012 in
1323 969 1537 1012 honorem
1566 970 1646 1013 Dei
1668 983 1708 1013 et

69 1057 206 1098 Beatae
234 1055 380 1098 Mariae
401 1052 521 1112 quod
549 1054 681 1112 possit
707 1051 855 1096 audire
878 1054 1052 1096 missam
1079 1053 1123 1096 in
1151 1054 1228 1097 ista
1250 1052 1362 1096 bona
1383 1052 1496 1097 villa.

123 1139 173 1182 Et
195 1137 245 1182 ad
275 1138 355 1181 hoc
376 1137 457 1181 fuit
484 1136 562 1181 sibi
594 1136 760 1180 dictum
792 1152 864 1194 per
893 1138 1232 1194 interrogantem
1269 1135 1387 1194 quod
1429 1138 1565 1195 capiat
1591 1135 1709 1179 habi-

64 1236 158 1267 tum
184 1220 440 1265 muliebrem
462 1219 713 1279 simpliciter
728 1233 769 1264 et
797 1219 1006 1264 absolute.
1033 1221 1125 1278 Ipsa
1151 1236 1252 1264 vero
1274 1219 1497 1279 respondit
1527 1237 1535 1263 :
1560 1237 1580 1260 ‹<
1601 1220 1710 1263 Tra-

65 1306 172 1350 datis
198 1305 308 1348 mihi
338 1304 534 1348 habitum
558 1306 668 1348 sicut
695 1305 772 1348 uni
800 1303 898 1347 filiae
933 1303 1172 1362 burgensis,
1208 1303 1406 1348 videlicet
1431 1319 1563 1347 unam
1595 1303 1709 1347 hou—

67 1388 291 1448 pelandam
319 1389 522 1446 longam;
549 1401 590 1431 et
616 1404 695 1446 ego
729 1388 936 1446 accipiam
963 1404 1039 1445 pro
1064 1387 1210 1432 eundo
1239 1386 1437 1431 auditum
1467 1388 1660 1431 missam.
1685 1403 1705 1427 »

66 1473 257 1518 Ulterius
284 1471 386 1516 dicit
406 1470 541 1530 quod,
581 1484 794 1530 quantum
832 1472 1064 1515 instantius
1092 1483 1273 1530 poterat,
1310 1470 1551 1529 requirebat
1589 1470 1707 1529 quod

64 1558 382 1615 permitteretur
409 1554 555 1599 audire
585 1557 762 1599 missam
804 1557 849 1598 in
886 1556 978 1613 ipso
1008 1554 1153 1599 habitu
1202 1570 1333 1613 quem
1363 1567 1519 1613 portat,
1548 1553 1708 1612 absque

65 1642 208 1699 ipsum
234 1639 525 1684 immutando.

66 1876 175 1902 orrez
203 1875 346 1909 messe,
371 1862 468 1900 mais
505 1874 583 1914 que
608 1861 724 1914 soyes
746 1874 795 1898 en
819 1859 897 1899 abit
928 1859 974 1898 de
1000 1859 1162 1898 femme.
1197 1876 1215 1896 »
1245 1859 1433 1912 Respond
1463 1873 1470 1897 :
1495 1875 1513 1895 «
1549 1860 1597 1898 Et
1632 1873 1710 1912 que

65 1935 330 1982 dictes-vous,
354 1947 394 1972 se
428 1933 463 1985 je
488 1946 536 1986 ay
562 1933 647 1985 jure
675 1941 712 1971 et
737 1932 887 1985 promis
915 1932 935 1969 a
966 1940 1100 1970 nostre
1132 1945 1203 1983 roy
1231 1945 1313 1970 non
1339 1932 1502 1970 meictre
1544 1932 1604 1984 jus
1629 1941 1711 1970 cest

64 2006 204 2046 habit?
227 2005 494 2045 Toutesvoies
515 2005 550 2058 je
566 2018 666 2043 vous
697 2003 872 2057 respond
897 2018 905 2042 :
931 2004 1081 2042 Faictes
1106 2017 1201 2056 moy
1225 2003 1321 2042 faire
1342 2016 1422 2041 une
1444 2002 1540 2041 robe
1560 2001 1708 2055 longue

64 2080 225 2132 jusques
250 2078 270 2116 ἐι
291 2087 407 2125 terre,
426 2090 514 2116 sans
533 2089 678 2130 queue,
712 2085 749 2115 et
775 2088 837 2114 me
867 2075 902 2114 la
918 2074 1057 2114 baillez
1079 2089 1098 2113 a
1120 2075 1200 2113 aler
1221 2075 1239 2113 a
1259 2074 1293 2113 la
1315 2088 1467 2120 messe3
1491 2083 1528 2113 et
1544 2075 1632 2127 puis
1658 2088 1706 2113 au

66 2160 212 2197 retour‚
238 2150 273 2203 je
294 2149 536 2202 reprandray
551 2147 659 2187 l'abit
681 2161 758 2201 que
780 2147 871 2201 J’ay.
895 2164 913 2183 »

118 2224 164 2261 Et
184 2221 437 2274 interroguee
465 2219 512 2259 de
541 2219 709 2273 prandre
739 2219 792 2258 du
822 2227 909 2258 tout
942 2218 1049 2257 l’abit
1076 2218 1123 2256 de
1166 2217 1314 2257 femme
1354 2231 1456 2270 pour
1497 2217 1577 2256 aler
1606 2230 1709 2270 ouyr

68 2307 209 2341 messe,
236 2291 409 2345 respond
429 2306 436 2330 :
467 2308 485 2328 ‹<
508 2293 552 2341 Je
568 2304 631 2330 me
649 2289 912 2342 conseilleray
938 2303 1004 2328 sur
1024 2303 1083 2338 ce,
1107 2299 1145 2328 et
1171 2290 1258 2342 puis
1278 2303 1378 2328 vous
1403 2289 1663 2342 respondray.
1687 2305 1706 2324 »

68 2366 114 2404 Et
131 2364 260 2404 oultre
282 2364 446 2417 requist‚
473 2377 521 2402 en
551 2362 734 2402 l'onneur
773 2362 822 2401 de
854 2362 956 2401 Dieu
978 2370 1016 2400 et
1054 2362 1199 2400 Nostre
1229 2362 1370 2407 Dame,
1403 2359 1548 2413 qu'elle
1576 2361 1708 2414 puisse

69 2450 169 2489 ouyr
184 2449 311 2475 messe
334 2449 381 2474 en
407 2443 511 2474 ceste
533 2434 666 2473 bonne
687 2434 792 2473 ville.

121 2509 168 2547 Et
191 2508 237 2546 ad
277 2506 411 2559 celuy
441 2506 500 2545 fut
530 2506 586 2545 dit
607 2505 751 2560 qu’elle
782 2519 959 2559 prengne
988 2505 1096 2544 habit
1126 2505 1174 2543 de
1198 2504 1346 2543 femme
1378 2503 1635 2556 simplement
1674 2513 1711 2542 et

70 2579 359 2618 absoluement.
398 2580 442 2617 Et
472 2577 547 2617 elle
579 2577 730 2630 repond
769 2592 776 2615 :
807 2594 830 2613 (ε.
853 2577 996 2616 Baillez
1023 2591 1117 2629 moy
1142 2576 1222 2615 abit
1241 2589 1400 2614 comme
1433 2588 1513 2614 une
1550 2574 1630 2613 fille
1664 2574 1712 2613 de

68 2650 287 2703 bourgoys,
335 2650 430 2689 c'est
469 2650 643 2689 assavoir
681 2648 964 2702 houppelande
1001 2648 1166 2701 longue,
1205 2656 1243 2686 et
1282 2648 1315 2699 je
1351 2647 1386 2686 le
1423 2646 1633 2700 prendray,
1676 2656 1713 2685 et

72 2735 241 2761 mesmes
264 2721 299 2760 le
322 2718 521 2775 chaperon
542 2721 589 2760 de
613 2720 777 2769 femme,
807 2734 909 2774 pour
933 2720 1013 2759 aler
1034 2733 1135 2772 ouyr
1160 2732 1302 2757 messe.
1324 2735 1343 2754 ³>
1368 2720 1414 2757 Et
1437 2719 1541 2757 aussi
1566 2717 1602 2756 le
1625 2717 1713 2771 plus

70 2794 327 2851 instamment
363 2792 508 2846 qu'elle
533 2802 663 2846 peust‚
703 2792 874 2845 requiert
911 2805 987 2845 que
1016 2805 1069 2830 on
1092 2790 1159 2844 luy
1186 2791 1285 2829 lesse
1315 2800 1396 2829 cest
1434 2788 1541 2828 habit
1569 2779 1714 2842 qu'e'lle

73 2874 199 2917 porte,
222 2874 260 2903 et
285 2878 361 2918 que
385 2878 438 2903 on
463 2863 499 2902 la
519 2864 635 2902 laisse
660 2877 732 2916 oyr
753 2876 881 2902 messe
909 2876 997 2901 sans
1014 2862 1048 2901 le
1074 2862 1276 2914 changier.

127 3106 153 3130 Ι.
177 3097 208 3130 Α
231 3108 273 3130 en
297 3107 415 3139 marge
443 3108 448 3129 :
472 3096 521 3129 De
540 3095 666 3131 habitu.
